2262 3990
317 165 407 212 690
978 154 1279 203 TRACTATUS
1311 154 1376 201 DE
1406 155 1556 204 PAPA-

312 290 527 342 rectore
553 298 651 337 seu
679 279 749 336 de
771 277 1026 335 Romano
1057 276 1348 349 Pontifice,
1387 278 1486 354 qui
1522 279 1735 337 arctius
1770 279 2086 340 animarum
2111 285 2214 345 sihi

310 380 751 441 commissarum
797 377 1095 455 spirituale
1142 378 1355 435 bonum
1409 395 1715 454 procurare
1755 384 2001 437 tenetur.
2054 382 2212 459 Atqui

308 481 459 554 leges
489 480 590 556 pro
626 478 774 536 bono
818 476 1067 552 generali
1106 476 1273 548 latas,
1317 475 1449 535 licet
1491 477 1823 535 mutabilem
1866 477 2212 555 disciplinam

308 577 697 652 respicienteS‚
726 577 797 650 si,
846 577 1063 651 absque
1098 577 1259 652 justa
1282 595 1479 649 causa,
1509 577 1795 634 Romanus
1821 576 2091 650 Pontifex,
2131 581 2212 640 vel

307 677 429 754 ipse
459 695 573 735 non
597 678 938 749 observaret,
969 675 1055 733 vel
1081 675 1397 750 abrogaret,
1426 675 1511 733 vel
1537 675 1597 731 in
1629 675 1709 733 eis
1735 674 2109 752 dispensaret,
2135 677 2212 737 in-

304 795 440 853 gens
461 777 661 853 procul
682 775 858 834 dubio
887 780 1298 834 nocumentum
1319 774 1580 833 Ecclesiae
1620 773 1918 850 ingereret.
1949 774 2085 832 Nam
2109 775 2213 837 dic·
2250 836 2251 840 ,

304 884 390 936 tas
423 878 579 953 leges
606 877 728 935 sine
765 878 918 953 justa
949 895 1117 935 causa
1159 875 1648 951 transgrediendO,
1673 875 1800 933 aliis
1835 875 2087 950 exemplo
2117 895 2210 938 suo

302 997 500 1037 earum
527 978 920 1037 violandarum
947 977 1094 1035 viam
1132 982 1427 1035 sterneret.
1474 976 1579 1034 Eas
1618 994 1774 1047 vero,
1816 977 2032 1051 absque
2064 977 2210 1052 justa

302 1098 473 1137 causa
502 1080 849 1154 abrogando,
880 1078 1006 1135 vel
993 1097 1051 1134 ln
1078 1077 1160 1135 eis
1193 1077 1593 1154 dispensand0‚
1635 1078 1847 1135 bonum
1887 1077 2210 1154 praepediret

302 1198 369 1237 ex
404 1181 733 1238 earumdem
790 1181 980 1254 legum
1029 1178 1180 1236 fideli
1232 1177 1624 1236 observatione
1667 1177 2021 1254 proveniens,
2078 1177 2206 1255 Ergo

302 1298 373 1337 ne
397 1283 543 1337 licite
571 1280 750 1356 possit
772 1279 938 1354 Papa,
975 1284 1131 1335 extra
1156 1295 1349 1334 casum
1382 1277 1552 1352 justae
1591 1295 1796 1348 causae,
1839 1277 2017 1334 dictas
2046 1276 2204 1352 legeS‚
2244 1317 2245 1321 =

300 1380 387 1436 vel
412 1398 524 1436 non
549 1380 872 1451 observare,
906 1378 991 1435 vel
1026 1378 1320 1452 abrogare,
1349 1378 1438 1434 vel
1476 1378 1537 1434 in
1570 1377 1652 1435 eis
1682 1376 2031 1453 dispensare,
2058 1384 2208 1436 natu·
2240 1404 2246 1431 ι

301 1480 420 1537 rale
453 1499 516 1538 ac
547 1480 803 1538 divinum
828 1480 924 1555 jus
959 1479 1165 1536 obstat.
1193 1480 1323 1545 Quae
1349 1479 1638 1537 conclusio
1679 1479 2013 1556 applicanda
2054 1478 2207 1537 etiam

299 1586 406 1650 est,
435 1581 504 1637 ob
531 1579 756 1638 easdem
795 1578 1064 1649 rationeS,
1094 1578 1316 1653 legibus
1344 1597 1485 1654 quas
1514 1578 1951 1655 praedecessores
1985 1577 2207 1636 Romani

295 1677 587 1735 Pontifices
621 1685 777 1736 extra
820 1678 1128 1736 concilium
1182 1677 1641 1755 promulgarunt.
1687 1677 1865 1733 Immo
1891 1681 1945 1733 et
1983 1674 2209 1734 suismet

300 1776 765 1852 disciplinaribus
789 1778 1105 1835 canonibus
1140 1776 1384 1852 quisque
1411 1776 1558 1852 Papa
1589 1775 1737 1833 dicto
1773 1776 1939 1833 modo
1977 1775 2205 1851 ligatur;

301 1883 471 1952 prout
510 1876 680 1934 etiam
730 1877 970 1951 quilibet
1010 1877 1298 1952 legislator
1338 1877 1557 1952 legibus
1600 1878 1741 1934 suis,
1773 1909 1843 1918 --
1891 1877 1946 1933 2⁰
1973 1876 2129 1943 Quod
2168 1874 2209 1933 si

292 1976 446 2051 justa
485 1973 818 2030 interveniat
853 1992 1048 2044 causa,
1078 1974 1250 2048 exigit
1282 1975 1431 2031 idem
1469 1976 1565 2054 jus
1593 1975 1854 2032 naturale
1879 1993 1943 2031 ac
1967 1974 2209 2032 divinum

296 2081 360 2132 ut
385 2073 700 2149 disciplinae
725 2091 974 2130 canones
1000 2074 1142 2131 licite
1170 2074 1431 2149 abrogari
1458 2076 1698 2148 valeant,
1734 2075 2023 2152 possitque
2052 2075 2109 2131 in
2135 2072 2208 2133 eis
2232 2098 2243 2138 τ

297 2172 616 2249 dispensari
641 2190 672 2228 a
699 2189 966 2247 supremo
989 2170 1249 2228 Ecclesiae
1271 2176 1511 2238 rectore,
1535 2171 1593 2228 id
1623 2178 1729 2245 est,
1754 2190 1784 2228 a
1808 2171 2056 2229 Romano
2082 2173 2208 2229 Pon·
2234 2165 2248 2225 nl

295 2273 464 2332 tifice.
509 2272 649 2329 Nam
682 2271 822 2328 alias
852 2271 1049 2346 ingens
1087 2277 1419 2347 sequeretur
1447 2272 1706 2330 Ecclesiae
1736 2272 2035 2342 damnum3
2084 2290 2203 2332 cum
2234 2299 2239 2327 ι

293 2373 622 2448 contingere
647 2373 828 2430 valeat
872 2380 936 2431 ut
973 2391 1155 2430 canon
1183 2373 1373 2449 aliquo
1407 2380 1662 2450 tempore
1699 2374 1877 2449 utilis,
1921 2375 2031 2434 alio
2075 2382 2237 2435 tem-·

295 2491 431 2550 pore
458 2473 529 2530 ob
559 2478 808 2530 mutatas
833 2472 1292 2530 circumstantias
1319 2472 1551 2530 nocivus
1575 2474 1794 2531 evadat.

369 2573 479 2631 Nec
504 2572 829 2648 objiciatur,
851 2580 1064 2633 attento
1081 2574 1212 2649 jure
1233 2574 1504 2645 naturali,
1532 2594 1646 2632 non
1669 2594 1834 2652 posse
1855 2593 2097 2634 canones
2116 2580 2243 2651 ge-

295 2675 507 2732 neralis
527 2674 753 2732 concilii
780 2675 987 2733 mutari
1023 2695 1087 2733 ac
1110 2676 1369 2751 abrogari
1393 2675 1505 2734 nisi
1532 2677 1602 2733 ab
1633 2676 1968 2734 auctoritate
1997 2675 2233 2750 aequali,

291 2790 357 2829 ac
393 2772 630 2848 proinde
667 2792 699 2830 a
737 2792 880 2831 novo
919 2775 1160 2833 concilio
1198 2776 1567 2834 oecumenico.
1609 2777 1783 2849 Nam,
1830 2775 2197 2853 propositione
2226 2801 2239 2826 ο.

294 2873 539 2931 secunda
596 2873 996 2950 probavimuS,
1037 2875 1269 2934 cuilibet
1314 2876 1565 2934 Romano
1608 2876 1861 2934 Pontifici
1903 2881 2231 2953 competere·

294 2973 691 3032 auctoritatem
726 2975 1003 3049 aequalem
1036 2975 1318 3034 intensive
1367 2978 1487 3052 (seu
1530 2977 1715 3052 quoad
1749 2976 2032 3052 obligandi
2072 2971 2192 3048 vim)
2224 2992 2238 3055 q

292 3072 617 3130 auctoritati
641 3074 923 3149 generalis
950 3074 1177 3132 concilii
1202 3094 1233 3133 a
1257 3077 1404 3152 Papa
1429 3076 1764 3134 confirmati.
2230 3070 2238 3186 Ji

370 3174 446 3230 Ex
485 3174 652 3232 dictis
690 3176 952 3250 sequitur
979 3194 1222 3234 canones
1263 3178 1547 3252 generalis
1581 3185 1636 3236 et
1665 3198 1695 3236 a
1716 3179 1859 3254 Papa
1900 3170 2195 3236 confirmati
2221 3187 2236 3327 Ί

294 3271 522 3328 concilii
556 3273 766 3331 habere
790 3274 1022 3350 quidem
1047 3276 1160 3334 vim
1186 3277 1493 3333 directivam
1519 3276 1704 3351 quoad
1726 3276 1930 3352 Papam
1959 3273 2056 3349 qui
2077 3284 2194 3329 cons·
2220 3283 2235 3352 ,ζ

294 3370 538 3428 firmavit
574 3378 628 3430 et
651 3375 835 3449 quoad
861 3376 985 3450 ejus
1008 3395 1385 3447 successoreS‚
1409 3396 1523 3434 non
1548 3382 1736 3434 autem
1759 3376 1872 3433 vim
1904 3375 2190 3432 coactivam.

295 3467 357 3524 Id
377 3476 482 3537 est,
517 3455 707 3547 *potest
747 3473 987 3548 quilibet
1022 3477 1167 3552 Papa
1199 3494 1294 3534 eos
1332 3494 1577 3534 canones
1614 3476 1792 3534 valide
1827 3475 2127 3531 immutare
2146 3469 2194 3527 et
2257 3487 2262 3502 ³

296 3567 568 3643 abrogare
593 3595 603 3640 ς
637 3572 735 3631 sed
762 3592 877 3632 non
903 3574 1071 3633 debet
1106 3576 1164 3633 id
1195 3576 1379 3634 facere
1405 3575 1616 3651 absque
1635 3576 1786 3650 justa
1815 3593 2004 3632 causa.
