2306 4010
801 241 927 289 PARS
956 240 1192 288 SECUNDA.
1591 282 1594 284 .
1850 235 1936 283 547

61 352 317 421 Honori0,
354 351 450 424 qui
484 350 677 407 Sedem
705 349 1060 425 apostolicam
1096 347 1343 419 tenebat,
1379 345 1600 420 quando
1640 343 1938 402 novitatem

63 449 288 522 Sergius
311 448 639 504 introducere
669 447 969 509 conabatur3
993 450 1047 502 et
1069 443 1199 518 quia
1217 443 1450 519 insuper
1472 440 1696 498 nonnisi
1719 439 1939 498 duobus

64 545 348 603 mensibus
383 544 528 600 idem
566 541 786 615 Sergius
810 541 1044 597 Honorio
1078 539 1401 616 supervixit.
1446 538 1602 612 Ergo,
1635 542 1776 595 teste
1803 535 1941 609 Aga-

62 645 249 715 thone,
272 641 541 697 Honorius
564 638 815 712 Sergium
850 638 1219 708 commonuit,
1261 639 1515 693 hortatus
1548 643 1652 702 est,
1688 635 1942 692 obsecra·

64 740 158 807 vit,
202 755 268 793 ne
288 751 444 792 unam
469 737 523 790 in
545 735 750 791 Christo
786 736 1142 806 operationem
1166 742 1446 790 assereret.
1476 733 1586 790 Hoc
1617 739 1802 790 autem
1831 747 1943 787 non

64 830 401 910 praffltitisset
427 829 700 884 Honorius
725 828 772 884 si
800 829 1053 901 genuinae
1077 830 1259 885 forent
1284 830 1463 902 ipsius
1489 831 1752 905 epistolae.
1774 830 1949 886 Inter·

66 926 392 1006 polationem
416 940 544 996 ergo
570 923 843 998 ejusmodi
865 924 1111 998 epistolae
1135 943 1310 998 passae
1334 931 1489 980 sunt.

146 1027 465 1082 Anconem-uu
491 1019 596 1076 Vll.
625 1054 695 1063 -
731 1021 813 1077 Ex
842 1024 972 1078 actis
1020 1023 1207 1095 synodi
1244 1021 1638 1094 Lateranensis,
1677 1043 1792 1096 qnae
1830 1042 1948 1081 con·

77 1125 243 1196 fidam
272 1119 494 1193 probant
531 1119 809 1174 secundam
855 1119 1072 1175 Honorii
1115 1119 1407 1192 epistolam.
1440 1150 1509 1160 -
1540 1120 1599 1174 In
1642 1137 1703 1176 ea
1745 1121 1950 1198 synodo

74 1223 298 1277 testatus
323 1223 403 1273 est
434 1216 766 1290 StephanuS‚
794 1217 927 1273 olim
968 1236 996 1272 a
1022 1216 1329 1291 Sophronio
1356 1217 1424 1272 ad
1448 1217 1752 1274 Honorium
1777 1217 1950 1291 depu-

0 1317 1 1322 '
72 1321 231 1385 taum,
262 1316 409 1371 hunc
440 1314 610 1371 fuisse
639 1315 791 1371 illius
820 1315 1112 1387 legationis
1146 1315 1418 1385 fructum,
1452 1314 1601 1388 quod
1636 1333 1801 1387 neque
1835 1315 1949 1370 des-

66 1414 262 1487 pexerit
296 1412 432 1469 Deus
470 1430 652 1485 preces
703 1430 814 1467 cnm
856 1413 1095 1485 lacrymis
1144 1413 1346 1467 oblatas
1385 1413 1674 1485 supplicum
1713 1430 1948 1478 suornm,

67 1511 156 1567 sed
190 1512 511 1579 excitaverit,
556 1527 659 1564 non
700 1510 938 1581 equidem
970 1509 1326 1578 mediocriter,
1357 1527 1700 1583 praecessores
1743 1516 1952 1581 aposto·

71 1606 191 1663 ticos
211 1607 488 1680 praesules,
517 1610 567 1662 in
603 1610 999 1662 commonitione
1026 1625 1223 1662 necnon
1258 1610 1635 1663 contestatione
1672 1608 1950 1679 praedicto·
2011 1635 2018 1643 ·

70 1722 176 1760 rum
200 1706 429 1759 virorum
458 1704 533 1778 (id
558 1711 640 1760 est
665 1704 836 1778 Sergii
860 1711 911 1760 et
935 1704 1174 1759 aliorum
1203 1723 1340 1777 quos
1364 1713 1490 1761 ante
1516 1705 1944 1774 nominaverat),

0 1787 3 1848 ᾇ
68 1802 179 1858 lieet
210 1803 510 1858 nullo-modo
548 1821 633 1858 eos
672 1805 876 1875 flectere
910 1806 1178 1876 potuerint
1224 1803 1391 1877 (apud
1433 1803 1634 1872 Labbe,
1683 1809 1830 1857 tomo
1861 1802 1947 1871 Vl,

0 1926 3 1957 i
72 1896 171 1953 col.
207 1897 358 1970 105).
395 1898 467 1953 Ex
511 1918 617 1972 quo
650 1899 985 1955 docmnento
1022 1905 1237 1955 constat
1278 1901 1642 1955 commonitum
1686 1907 1734 1954 et
1781 1907 1951 1955 conte-

0 2037 2 2048 .
74 2002 264 2050 statum
288 1994 458 2050 fuisse.
491 1996 767 2069 Sergium,
809 2003 857 2052 et
890 1997 1115 2068 quidem
1141 2015 1244 2051 non
1276 1997 1608 2052 mediocriter
1642 2002 1701 2051 ut
1735 1996 1803 2051 ab
1847 1997 1951 2051 ha?-

74 2090 177 2147 resi
199 2109 296 2147 sua
322 2091 632 2148 desisteret.
664 2092 784 2146 Non
807 2091 984 2166 potuit
1016 2098 1225 2159 autem,
1257 2098 1313 2146 ut
1340 2091 1606 2160 diximus,
1637 2093 1705 2147 ab
1733 2091 1840 2147 alio
1872 2092 1948 2147 sic

76 2189 424 2259 commoneri,
459 2190 564 2244 nisi
605 2190 672 2244 ab
708 2189 967 2244 lionori0.
1013 2191 1134 2244 Jam
1171 2207 1296 2245 vero
1332 2189 1489 2262 juxta
1528 2196 1740 2245 [extum
1782 2207 1947 2263 quem

81 2284 337 2341 habemus
373 2288 624 2343 secundae
668 2288 889 2343 lionorii
930 2287 1174 2360 epistolae
1218 2288 1381 2343 aliter
1426 2305 1483 2342 se
1512 2305 1599 2344 res
1643 2288 1946 2343 habuisset.

83 2381 340 2439 Nimirum
366 2386 632 2443 Honorius
670 2388 981 2461 scripsisset
1023 2387 1334 2460 Sophronio
1366 2405 1434 2442 ne
1472 2386 1610 2441 duas
1656 2387 1712 2440 in
1740 2386 1950 2442 Christo

82 2479 414 2551 operationes
440 2492 727 2548 assereret,·
762 2491 813 2540 et
838 2485 983 2540 idem
1015 2484 1379 2559 persuasisset
1408 2482 1703 2556 Sophronii
1732 2482 1944 2554 legatis;

79 2579 130 2629 et
171 2575 224 2630 hi
256 2578 481 2650 polliciti
515 2588 698 2637 essent
747 2599 967 2657 operam
1017 2599 1074 2637 se
1114 2581 1341 2636 daturos
1376 2586 1435 2635 ut
1473 2579 1848 2654 Sophroniuln
1892 2580 1945 2634 in

77 2670 210 2728 hanc
234 2678 556 2733 sententiam
590 2682 992 2753 pert1·aheren[;
1030 2697 1149 2752 quie
1177 2679 1500 2733 nullalenus
1543 2684 1688 2733 staro
1719 2686 1944 2751 possunt

75 2786 199 2823 eum
241 2774 584 2830 attestatione
612 2776 895 2850 Stephani.
941 2776 1175 2830 Proinde
1229 2775 1519 2831 confictam
1564 2774 1632 2830 al)
1676 2775 1946 2830 haereticis

80 2865 372 2919 secundam
401 2867 550 2923 illam
575 2870 796 2926 llonorii
820 2873 1133 2947 epistolam,
1171 2873 1350 2947 palam
1378 2872 1588 2928 faciunt
1630 2871 1944 2927 authentica

81 2955 270 3041 synodi
303 2958 672 3018 Lateranensis
705 2973 848 3022 acta.

153 3052 475 3107 Anconam-Tun
504 3055 631 3110 Vlll.
653 3091 719 3099 —
739 3061 818 3115 Ea:
851 3064 1066 3134 ipsomet
1101 3065 1477 3135 praedictarum
1512 3061 1727 3115 Honorii
1765 3061 1949 3131 episto-

81 3145 246 3199 larum
286 3155 543 3205 contextu.
567 3182 630 3190 ——
656 3153 945 3211 Continent
977 3159 1124 3212 enim
1163 3158 1435 3230 ejusmodi
1469 3155 1715 3228 epistolae
1747 3154 1949 3209 absona

78 3247 126 3294 cl
161 3241 547 3298 incolumi-entia
575 3263 696 3316 quae
722 3249 932 3306 homini
967 3254 1200 3309 rationis
1229 3254 1469 3328 compoti
1506 3252 1827 3307 nullatenus
1854 3254 1950 3308 tri·

79 3338 171 3392 bui
200 3346 447 3412 possunt.
487 3341 759 3414 Imprimis
785 3353 933 3402 notet
963 3349 1132 3404 lector
1171 3369 1337 3421 quam
1367 3350 1584 3405 fortiter
1621 3368 1682 3406 ac
1711 3350 1948 3406 dilucide

81 3435 135 3489 in
169 3436 247 3490 eis
274 3437 614 3510 exprimatur
646 3441 977 3497 catholicum
1017 3444 1083 3498 de
1122 3445 1329 3518 duplici
1369 3446 1688 3519 operatione
1720 3449 1938 3521 dogma.

77 3533 305 3589 Docetur
344 3536 550 3592 scilicet
587 3539 875 3595 Dominum
908 3541 1093 3597 ‚iesum
1129 3542 1405 3600 Christum
1444 3554 1709 3619 operat-nm
1742 3548 1939 3618 divina,

80 3634 406 3707 eumdemque
438 3645 705 3711 operatum
742 3641 987 3711 hnmana,
1018 3642 1254 3709 discrete,
1288 3646 1558 3718 inconfuse
1586 3654 1740 3721 atque
1770 3650 1940 3703 incon-
