2306 4010
5 2585 10 2650 1

825 180 955 227 PARS
985 178 1228 227 SECUNDA.
1885 175 1975 224 249

58 300 251 360 cium
288 297 649 353 antevertere.
683 285 1030 359 Quamquam
1067 303 1179 343 non
1209 283 1402 342 videor
1439 289 1801 355 antevertere,
1844 301 1975 340 cum

106 398 223 472 jam
260 394 438 468 ipsius
477 384 729 447 Ecclesiae
759 400 942 440 sermo
971 390 1220 441 nostram
1250 401 1471 441 omnem
1501 382 1877 458 comprobarit
1910 383 1981 439 de

93 495 352 551 Romanae
375 487 528 547 Sedis
546 481 883 543 auctoritate
918 483 1273 539 sententiam.
1298 482 1404 540 Sed
1425 484 1529 539 hoc
1554 482 1644 538 vix
1679 499 1822 555 aegre
1853 481 1975 538 dico

108 596 336 678 propter
355 587 499 644 viros
520 580 786 659 quosdam
827 578 1019 636 doctos
1060 586 1114 636 et
1144 581 1263 655 pios
1305 582 1402 655 qui
1443 581 1604 639 nobis
1631 579 1976 636 contradixe-

94 695 245 746 runt.
276 685 420 744 Illud
446 695 657 747 assero,
688 694 751 733 ac
782 676 1017 732 fidenter
1037 677 1266 749 quidem
1302 697 1515 751 assero,
1539 687 1740 753 pestem
1761 697 1855 735 eos
1877 677 1977 735 Ec-

101 787 280 845 clesiae
301 779 650 859 anper-niciam
689 775 913 845 afferre,
946 776 1044 849 qui
1080 782 1175 832 aut
1201 784 1405 849 negant
1446 777 1760 834 Romanum
1792 777 1977 835 Ponti-

105 885 260 942 ficem
299 881 447 938 Petro
477 874 535 930 in
569 872 697 928 fidei
738 872 1116 946 doctrinaeque
1153 873 1481 942 auctoritate
1517 875 1833 946 succedere,
1880 880 1977 931 aut

101 986 244 1039 certe
294 976 588 1035 adstruunt
629 989 917 1027 summum
973 970 1228 1026 Ecclesiae
1270 976 1578 1044 pastorem,
1634 973 1978 1047 quicumque

118 1075 326 1138 tandem
351 1070 443 1126 ille
469 1070 563 1140 sit,
586 1087 773 1126 errare
811 1069 870 1124 in
893 1069 1022 1126 fidei
1048 1069 1259 1143 judicio
1291 1087 1455 1143 posse
1483 1092 1510 1123 »
1542 1071 1628 1143 (cle
1658 1071 1806 1127 Locis
1834 1074 1976 1128 theo-

98 1172 291 1244 bqiois,
311 1167 450 1223 libro
473 1167 556 1236 vl,
585 1167 763 1242 capite
782 1187 868 1236 vn,
892 1166 1084 1223 Cursus
1102 1168 1372 1239 theoloqiae
1387 1167 1583 1240 Migne,
1606 1176 1643 1222 t.
1666 1168 1706 1240 l,
1734 1169 1839 1224 col.
1863 1170 1974 1225 545

105 1272 161 1328 et
187 1264 340 1337 547).
367 1264 510 1319 Dixit.
536 1263 720 1319 Canus
745 1283 803 1320 se
828 1265 976 1321 nolle
1008 1271 1353 1321 antevertere
1378 1265 1654 1339 judicium
1689 1265 1970 1331 Ecclesiae3

100 1362 193 1420 sed
218 1362 387 1419 simul
418 1362 550 1418 dicit
592 1381 650 1419 se
674 1380 783 1419 non
818 1370 1162 1420 antevertere
1188 1363 1466 1436 judicium
1499 1364 1772 1432 Ecclesiae,
1797 1365 1843 1419 si
1884 1365 1975 1419 ad-

94 1460 461 1517 versariorum
489 1461 852 1518 assertionem
877 1461 1201 1536 pronuntiet
1219 1463 1534 1517 haereticam.
1564 1461 1729 1516 Addit
1747 1461 1971 1533 quidem

80 1547 140 1619 'id
167 1575 298 1631 aeqre
325 1576 354 1613 a
381 1576 439 1614 se
461 1558 572 1613 dici
594 1583 603 1625 ;
629 1559 726 1615 sed
760 1567 950 1616 tamen
976 1559 1131 1616 dicit.

155 1655 437 1711 Cfflmmms
457 1657 889 1712 RocABssnTUS.—
907 1679 933 1710 «
956 1657 1102 1713 Adeo
1128 1664 1344 1714 certum
1372 1662 1454 1713 est
1480 1656 1831 1732 privilegium
1863 1675 1974 1713 non

89 1754 303 1810 errandi
329 1755 574 1811 Romano
602 1755 851 1811 Pontifici
892 1774 1012 1812 esse
1046 1774 1396 1826 concessum,
1437 1761 1500 1810 ut
1535 1772 1649 1810 non
1682 1734 1847 1810 modo
1878 1772 1968 1810 ca-

87 1850 285 1908 tholica
309 1852 538 1908 veritate
565 1854 874 1910 tenendum
905 1854 974 1910 sit
1001 1854 1188 1928 ipsum
1215 1854 1272 1909 in
1306 1854 1474 1910 rebus
1499 1852 1625 1908 fidei
1651 1869 1838 1908 errare
1863 1869 1974 1907 non

85 1966 262 2024 posse,
286 1969 478 2007 verum
512 1951 677 2007 etiam
706 1953 1026 2028 oppositum
1059 1958 1121 2007 ut
1145 1931 1433 2006 haereticum
1457 1950 1523 2006 ab
1552 1948 1792 2005 Ecclesia
1820 1949 1972 2004 dam-

70 2032 213 2103 'nari
242 2049 419 2106 valeat
445 2073 471 2102 »
503 2052 589 2121 (cle
618 2051 1247 2135 Infallz‘bilitate{Romani
1273 2050 1566 2120 Pontificis,
1600 2048 1742 2104 libro
1780 2049 1820 2120 l,
1856 2066 1903 2103 c.
1934 2067 1970 2116 1,

38 2202 41 2213 ,
86 2158 143 2199 n.·
183 2144 295 2215 51).

38 2227 42 2268 1

164 2260 191 2291 «
215 2241 310 2295 llla
340 2245 646 2317 propositio
671 2245 898 2318 proprie
921 2251 1003 2300 est
1029 2250 1079 2299 et
1106 2249 1334 2304 vocatur
1368 2244 1635 2312 haeretica,
1658 2262 1782 2316 quae
1805 2262 1972 2317 oppo-

92 2335 243 2391 nitur
270 2339 596 2395 veritatibus
629 2341 692 2394 in
730 2341 1010 2414 Scriptura
1047 2358 1200 2396 sacra
1228 2340 1521 2396 contentis.
1556 2342 1621 2394 At.
1650 2340 1970 2395 Pontificem

91 2432 398 2489 Romanum
431 2436 633 2491 habere
655 2436 1007 2511 privilegium
1039 2455 1150 2492 non
1186 2437 1408 2493 errandi
1444 2437 1501 2491 in
1537 2437 1703 2492 rebus
1729 2436 1854 2492 fidei
1882 2437 1972 2494 de-

61 2580 67 2585 .
90 2530 368 2600 finiendiS,
398 2540 480 2588 est
506 2533 705 2589 veritas
733 2552 855 2606 quae
874 2535 1030 2607 juxta
1062 2541 1383 2590 sanctorum
1404 2534 1628 2589 Patrum
1653 2533 1969 2606 intelligen-

4 2668 6 2674 .
91 2627 225 2683 tiam
246 2673 260 2699 ,
313 2631 963 2705 sapientissimorumque
1009 2633 1257 2689 virorum
1312 2632 1856 2707 interpretationem,
1914 2632 1967 2686 in

7 2750 9 2763 v
99 2723 378 2800 Scriptura
404 2746 558 2784 sacra
588 2730 924 2787 continetur.
952 2731 1125 2803 lgitur
1151 2729 1456 2805 propositio
1485 2730 1806 2805 praedictam
1835 2729 1972 2786 Pon-

25 2877 29 2884 ,
98 2821 258 2877 tificis
282 2824 731 2884 infallibilitatem
763 2828 1071 2898 affirmans,
1107 2829 1375 2884 catholica
1399 2829 1506 2884 fide
1535 2828 1776 2885 tenenda
1799 2834 1881 2884 est
1913 2845 1975 2882 ac

15 2922 19 2958 Ὗ
102 2921 431 2988 veneranda;
458 2925 707 2997 opposita
728 2943 855 2982 vero
883 2935 1126 3000 tanquam
1154 2928 1399 2982 haeretica
1427 2927 1752 2998 rejicienda»
1782 2923 1972 2992 (1b1d

96 3027 152 3065 n.
187 3011 302 3083 58).
867 3036 869 3038 ·

174 3107 447 3166 Communi
470 3114 808 3173 Coum-musa
832 3119 1203 3178 CAnuEerAnoM
1227 3139 1660 3191 DISCALCEATORUM‚
1680 3151 1749 3160 —-
1773 3118 1831 3172 in
1858 3118 1977 3174 suis

104 3202 171 3258 ad
190 3203 528 3261 Cardinalem
548 3209 914 3270 Rocabertum
934 3215 1160 3286 litteris,
1186 3218 1220 3271 4
1242 3217 1500 3273 calendas
1518 3214 1783 3270 februarii
1806 3214 1970 3271 1692.

105 3318 131 3348 α
156 3298 455 3371 Obganniat
491 3303 618 3374 quis
648 3322 753 3362 ac..
766 3350 778 3362 .
821 3309 1082 3365 effutiat:
1123 3329 1224 3366 nos
1257 3311 1314 3365 in
1352 3313 1454 3366 hac
1494 3310 1724 3384 epistola
1762 3309 1973 3384 virgam

101 3394 406 3468 arripuisse
430 3400 761 3470 censoriam,
794 3421 859 3459 ac
889 3382 1098 3460 eisdem
1128 3406 1335 3478 quibus
1359 3406 1696 3462 sanctissimi
1721 3407 1973 3465 Ecclesiae

100 3489 288 3549 Patres
334 3497 715 3554 haereticorum
755 3500 1009 3573 dogmata
1044 3503 1192 3558 notis
1228 3503 1487 3573 inurunt,
1527 3504 1791 3563 Gallicani
1837 3507 1971 3563 cleri

105 3577 508 3662 propositiones
542 3594 828 3653 inussisse.
878 3596 932 3653 Si
963 3615 1130 3670 quem
1168 3617 1297 3673 ergo
1330 3601 1648 3675 hujusmodi
1677 3603 1971 3661 mordendi
