2306 4010
787 207 910 255 PARS
939 207 1179 254 SECUNDA.
1843 202 1932 248 229

42 318 288 396 ejusdem
310 317 610 374 Facultatis
626 317 880 375 doctores
903 318 1218 374 Romanum
1238 313 1557 373 Pontificem
1570 330 1692 371 esse
1710 311 1927 381 dicunt,

45 418 126 474 eui
145 414 414 490 plenitudo
437 415 714 486 potestatis
751 432 784 470 a
814 414 1023 472 Christo
1058 415 1184 473 data
1209 417 1299 486 sit,
1336 416 1416 471 cui
1453 430 1628 470 omnes
1661 412 1935 485 utriusque

42 529 196 570 sexus
214 508 440 576 obedire,
462 512 604 583 cujas
631 512 839 567 decreta
852 514 1092 568 venerari
1109 520 1160 568 et
1176 530 1280 585 pro
1307 530 1364 568 se
1389 512 1605 585 quisque
1623 510 1760 566 tueri
1782 515 1834 564 et
1852 509 1935 564 ob·

42 626 250 666 servare
269 614 545 664 teneantur
565 606 751 680 (ibid.‚
776 626 900 682 pag.
922 609 1077 682 194).
1103 608 1167 663 Et
1186 614 1382 664 auctor
1414 606 1730 663 Gallicanus
1762 604 1935 660 Tour-

47 705 172 780 nely
198 703 275 760 sic
311 705 475 761 habet
505 726 517 758 ε
549 704 811 760 Tenentur
836 704 1016 775 fideles
1048 704 1363 776 Pontificum
1383 705 1447 760 de
1485 705 1589 775 fide
1615 703 1936 759 constitutio-

0 833 2 839 =
43 803 192 859 nibus
237 805 580 874 acquiescere,
629 804 789 857 etiam
834 803 1022 856 mentis
1065 803 1327 874 obsequie,
1376 819 1668 873 quanquam
1703 801 1938 857 nondum

42 905 236 956 constet
281 899 344 954 de
385 900 744 971 acceptatione
795 916 855 954 ac
898 915 1156 953 consensu
1204 897 1557 952 Ecclesiarum
1603 897 1828 969 (citatus
1878 896 1938 951 in

46 995 212 1055 Cursu
238 997 522 1068 theoloqico
558 995 758 1068 Migne,
787 1000 941 1050 tomo
966 994 1029 1063 V,
1057 994 1163 1050 col.
1207 993 1398 1066 1147).
1431 992 1627 1049 Deberi
1657 995 1725 1048 ab
1759 993 1939 1048 omni-

47 1093 152 1150 bus
176 1092 492 1149 christianis
520 1099 685 1166 atque
725 1110 755 1148 a
794 1092 1032 1164 singulis
1058 1093 1228 1147 etiam
1255 1090 1544 1165 Episcopis
1573 1107 1761 1146 veram
1801 1090 1939 1145 Pon-

49 1188 232 1247 tificiis
299 1189 717 1245 definitionibus
771 1188 1162 1260 obedientiam,
1224 1187 1300 1242 ita
1359 1187 1543 1261 palam
1604 1185 1940 1260 profitentur

46 1283 329 1353 Gallicani,
359 1291 418 1340 ut
458 1285 719 1358 injuriam
751 1303 1031 1340 summam
1077 1285 1370 1354 ducerent,
1398 1283 1445 1338 si
1474 1282 1600 1355 quis
1644 1281 1783 1356 ipsis
1810 1298 1939 1336 con-

43 1383 276 1458 trariam
303 1401 364 1438 ac
399 1382 718 1439 damnatam
743 1382 1187 1439 Jansenistarum
1215 1381 1535 1456 opinionem
1568 1379 1935 1435 adscriberet.

57 1476 108 1533 2⁰
133 1478 363 1534 Aliunde
391 1484 599 1549 tamen,
635 1479 811 1553 posita
835 1479 1069 1535 Romani
1114 1477 1391 1533 Pontificis
1433 1475 1795 1544 fallibilitate,
1827 1491 1938 1529 non

65 1577 369 1630 tenerentur
402 1576 605 1648 singuli
631 1576 882 1650 Episcopi
912 1576 1031 1648 ejus
1065 1575 1214 1631 circa
1243 1575 1407 1630 tidem
1435 1572 1671 1629 decretis
1690 1571 1935 1628 obedire.

68 1665 152 1722 Illi
173 1670 315 1725 enim
336 1672 400 1727 ad
417 1671 472 1727 id
498 1690 607 1728 non
634 1673 975 1746 obligantur,
997 1691 1026 1727 a
1051 1689 1293 1745 quorum
1318 1669 1695 1744 acceptatione
1718 1667 1938 1722 decreta

68 1763 160 1820 illa
187 1771 356 1824 totum
382 1787 543 1826 suum
578 1772 751 1827 robur
776 1779 828 1828 et
860 1771 1144 1844 obligandi
1167 1770 1278 1825 vim
1318 1768 1616 1842 recipiunt.
1651 1764 1839 1837 Atqui,
1881 1763 1940 1818 in

68 1854 354 1932 systemate
384 1865 447 1921 de
466 1867 606 1940 Papa
639 1868 880 1937 fallihili,
908 1868 1081 1924 robur
1106 1886 1274 1923 suum
1298 1865 1536 1922 trahunt
1563 1863 1785 1918 decreta
1821 1861 1938 1915 haec

62 1954 130 2010 ab
166 1955 548 2033 Episcoporum
574 1962 787 2036 judicio
837 1970 887 2019 et
931 1963 1332 2037 acceptatione;
1363 1965 1531 2035 prout
1561 1974 1820 2031 expresse
1848 1955 1939 2010 de-

61 2050 231 2109 clarat
275 2056 507 2115 ultimus
548 2077 577 2116 e
609 2067 847 2134 quatuor
885 2059 1111 2116 famosis
1158 2057 1410 2114 articulis
1465 2055 1597 2111 anni
1641 2054 1810 2120 1682,
1854 2051 1939 2106 his

58 2151 236 2207 verbis
263 2172 274 2204 :
302 2172 394 2210 nec
420 2164 589 2213 tamen
618 2161 1001 2230 irreformabile
1036 2176 1144 2214 esse
1172 2158 1426 2229 judiciam
1459 2153 1718 2227 (Romani
1756 2151 1939 2207 Ponti-

0 2285 1 2311 2
60 2242 223 2316 ficis),
255 2251 355 2302 nisi
395 2252 642 2307 Ecclesiae
691 2271 968 2308 consensus
1012 2255 1310 2307 accesserit.
1358 2251 1534 2322 Igitur
1559 2268 1624 2304 ex
1658 2249 1936 2303 Gallicana

0 2414 4 2423 1
60 2338 319 2411 opinione
345 2343 410 2396 de
441 2344 583 2416 Papa
612 2345 852 2415 sallibili,
886 2346 1140 2417 sequitur
1163 2344 1545 2400 ineluctabilis
1571 2342 1937 2398 contradictio

60 2435 205 2491 haec:
233 2437 437 2508 singuli
467 2438 718 2513 Episcopi
747 2446 1006 2497 tenentur
1033 2441 1201 2497 simul
1231 2446 1283 2496 et
1310 2459 1421 2496 non
1455 2446 1717 2496 tenentur
1747 2438 1940 2495 defini-

56 2530 128 2586 tis
159 2549 189 2586 a
211 2532 350 2606 Papa
380 2534 633 2607 obsequi.

131 2628 233 2683 ΙΙυω
266 2630 624 2688 ΟοΝεΕοΤΑΒιυΜ
663 2653 867 2688 msam.
894 2667 962 2675 —
995 2634 1048 2689 Si
1085 2634 1226 2708 Papa
1264 2651 1510 2690 errorem
1551 2633 1651 2689 toti
1679 2632 1932 2687 Ecclesiae

58 2725 394 2784 credendum
422 2731 639 2804 juberet
674 2734 860 2806 (prout
900 2732 1217 2805 contingere
1238 2736 1417 2806 potest
1442 2731 1490 2786 si
1517 2730 1588 2786 sit
1616 2729 1927 2802 sallibilis),

61 2820 143 2876 vel
174 2827 284 2878 tota
310 2826 549 2882 Ecclesia
577 2829 823 2886 obediret
852 2834 905 2885 et
952 2846 1196 2885 errorem
1223 2828 1604 2903 profiteretur,
1646 2828 1733 2883 vel
1775 2827 1938 2901 Epis-

64 2915 184 2987 copi
225 2922 679 2994 contradicerent,
717 2931 770 2980 et
794 2925 872 2982 sic
893 2943 1079 2982 veram
1102 2926 1265 2982 tidem
1295 2926 1354 2981 in
1379 2925 1622 2981 Ecclesia
1647 2942 1936 2980 conserva-

0 3041 3 3057 =.
66 3015 208 3065 rent.
226 3012 383 3085 Atqui
408 3025 706 3092 utrumque
729 3022 1037 3076 absurdum
1065 3029 1167 3078 est.
1187 3022 1346 3078 Prius
1374 3021 1628 3094 quidem,
1656 3020 1787 3091 quia
1806 3025 1940 3074 tunc

2 3124 10 3147 π
66 3105 431 3179 perimeretur
452 3129 578 3168 vera
605 3115 806 3186 Christi
825 3117 1089 3189 Ecclesia,
1125 3124 1178 3175 et
1200 3126 1372 3193 portae
1398 3119 1567 3173 interi
1596 3123 1786 3172 contra
1813 3134 1935 3172 eam

67 3202 439 3275 praevalerent,
479 3208 625 3278 quod
660 3227 944 3285 nunquam
989 3222 1319 3278 eventurum
1363 3213 1617 3288 promisit
1661 3213 1935 3270 ChristuS.

0 3306 16 3372 p
64 3302 127 3355 At
152 3302 423 3374 posterius
441 3303 607 3359 etiam
632 3307 938 3365 absurdum
965 3318 1065 3367 est.
1086 3312 1299 3367 Etenim
1328 3312 1602 3366 absonum
1626 3316 1708 3366 est
1732 3311 1934 3386 Roma-

66 3414 200 3454 num
240 3400 553 3456 Pontificem
598 3420 628 3457 a
661 3402 872 3460 Christo
903 3406 978 3461 ita
1007 3407 1372 3463 constitutum
1414 3407 1588 3464 fuisse
1618 3410 1936 3480 fundamen-

66 3500 193 3562 tum,
226 3502 287 3551 ut
318 3497 612 3554 aedificium
644 3500 814 3573 possit
845 3509 1037 3558 contra
1071 3503 1223 3559 istud
1248 3504 1671 3561 fundamentum
1698 3524 1932 3564 consur-

64 3606 214 3661 gere;
250 3599 302 3648 et
331 3595 405 3650 ita
431 3597 799 3653 constitutum
838 3598 1010 3656 fuisse
1035 3609 1322 3674 pastorem,
1359 3610 1419 3658 ut
1445 3621 1572 3676 grex
1591 3604 1718 3678 jure
1752 3605 1927 3662 valeat
