2306 4010
800 232 923 279 PARS
953 231 1189 280 SECUNDA.
1710 223 1714 226 ’
1851 229 1940 276 197
2008 249 2019 262 κ

65 342 436 419 infallibilibus,
475 340 583 396 Nec
613 339 801 396 minus
829 346 1017 415 aperte
1041 340 1135 414 jus
1159 339 1297 398 tales
1329 337 1704 396 ordinationes
1740 336 1940 394 edendi

60 429 301 499 Romano
343 436 596 493 Pontifici
642 435 1002 493 adscribitur„
1037 438 1210 510 Igitur
1256 456 1322 494 ex
1360 437 1456 494 illo
1490 441 1645 493 textu
1688 435 1943 509 sequitur

63 535 412 595 infallibilem
439 550 557 589 esse
585 533 895 588 Romanum
920 533 1260 591 Pontificem.

135 633 420 688 Pnoposmo
458 629 583 685 VIP.
611 662 685 670 —
718 629 1058 701 Infallibilem
1080 648 1190 685 esse
1220 633 1274 684 iu
1299 632 1596 703 definienda
1624 632 1727 704 fide
1751 631 1942 687 Roma-

66 749 188 788 num
213 730 522 802 Pontificem
548 729 777 801 sequitur
806 746 833 783 e
860 727 1162 783 duodecimo
1185 729 1319 782 iuter
1336 730 1613 785 damnatos
1633 748 1733 804 per
1755 729 1945 785 bullam

68 829 354 885 Auctorem
392 825 519 883 fidei
549 825 816 881 articulos,
838 823 1012 880 —Sic
1057 841 1256 898 nempe
1297 824 1540 881 decernit
1574 827 1727 882 bulla
1755 827 1944 882 Aucto-
1979 816 1983 821 ’

67 941 176 980 rem
204 924 343 995 fidei,
379 922 555 995 quoad
594 921 796 995 placita
821 919 1169 976 pistoriensis
1206 920 1422 994 synodi,
1471 921 1703 977 articulo
1744 922 1945 979 duode-

68 1018 247 1074 cimo:
286 1007 677 1074 «Assertiones
715 1016 910 1092 synodi
946 1015 1283 1089 complexive
1325 1023 1582 1090 acceptae,
1626 1017 1769 1073 circa
1800 1017 1944 1073 deci-

66 1114 252 1172 siones
292 1114 348 1170 in
395 1114 624 1171 materia
666 1113 793 1170 fidei
837 1115 904 1169 ab
945 1114 1155 1186 aliquot
1193 1114 1412 1169 saeculis
1455 1120 1757 1184 emanatas,
1808 1133 1947 1187 quas

76 1210 321 1286 perhibet
346 1211 493 1267 velut
528 1199 745 1267 decreta
788 1211 855 1267 ab
879 1229 983 1266 uua
1022 1212 1330 1284 particulari
1361 1212 1616 1282 Ecclesia,
1655 1213 1735 1267 vel
1761 1215 1948 1284 paucis

70 1309 363 1381 pastoribus
390 1308 654 1382 prosecta,
682 1309 838 1363 nulla
862 1309 1156 1364 sufficienti
1184 1310 1508 1366 auctoritate
1531 1309 1785 1380 suffulta,
1814 1316 1944 1366 nata

75 1404 491 1477 corrumpendae
522 1404 750 1477 puritati
780 1403 908 1459 fidei
942 1423 1004 1460 ac
1036 1405 1215 1460 turbis
1246 1405 1570 1474 excitandis,
1606 1407 1820 1461 intrusa
1847 1424 1945 1478 per

63 1496 197 1566 vim,
235 1515 265 1552 e
290 1498 493 1570 quibus
511 1499 732 1554 inflicta
761 1506 891 1554 sunt
916 1496 1159 1554 ‘vulnera
1191 1499 1430 1554 nimium
1459 1500 1640 1555 adhuc
1678 1500 1940 1569 recentia,

67 1624 133 1631 —
161 1592 331 1664 falsae,
359 1594 640 1667 captiosae,
670 1595 994 1664 temerariae,
1025 1596 1378 1666 scandalosae,
1413 1596 1469 1650 in
1500 1597 1778 1652 Romanos
1803 1598 1941 1652 Pon-

70 1687 239 1744 titices
265 1696 317 1745 et
357 1689 650 1746 Ecclesiam
687 1690 987 1763 injuriosae,
1022 1693 1217 1748 debitae
1251 1693 1566 1767 apostolicis
1593 1694 1941 1770 constitutio-

61 1782 235 1838 nibus
282 1784 602 1840 obedientiae
655 1787 999 1859 deroganteS,
1046 1788 1434 1859 schismaticae,
1483 1790 1824 1863 perniciosae,
1869 1790 1935 1845 ad

59 1877 245 1932 minus
283 1896 541 1935 erroneae.
574 1902 600 1933 »
646 1882 849 1954 Agebat
894 1885 1135 1958 synodus
1161 1885 1510 1941 Pistoriensis
1548 1886 1615 1942 de
1635 1887 1934 1945 Pontificiis

58 1974 544 2033 constitutionibus
592 1985 781 2035 contra
833 1980 1054 2051 Baium,
1098 1983 1424 2038 Jansenium
1475 1991 1529 2039 et
1573 1984 1931 2048 Quesnellum

58 2069 203 2137 latis3
249 2078 301 2127 et
348 2091 438 2128 eas
488 2065 791 2132 decisiones
838 2076 1050 2133 dicebat
1091 2081 1374 2151 sufficienti
1417 2086 1728 2138 auctoritate
1769 2084 1931 2140 desti-

60 2171 211 2220 tutas
244 2173 294 2221 et
336 2168 462 2224 fidei
499 2171 710 2241 noxiaS,
749 2173 879 2245 quia
923 2175 1045 2237 latae
1082 2177 1298 2232 fuerant
1343 2179 1411 2232 ab
1451 2197 1563 2233 una
1605 2180 1930 2252 particulari

64 2257 322 2326 Ecclesia,
350 2262 403 2315 id
429 2270 532 2330 est,
560 2284 589 2319 a
619 2266 864 2322 Romano
884 2270 1165 2339 Pontifice,
1194 2272 1279 2325 vel
1311 2272 1447 2339 sole,
1480 2274 1565 2327 vel
1598 2293 1727 2328 cum
1748 2279 1931 2347 paucis

62 2351 163 2424 ipsi
203 2353 608 2412 adhaerentibus
642 2359 947 2434 Episcopis.
990 2364 1218 2419 Proinde
1251 2383 1360 2420 non
1403 2367 1731 2439 loquebatur
1775 2389 1933 2446 syno-

63 2446 164 2501 dus
199 2447 541 2507 Pistoriensis
569 2454 633 2509 de
655 2455 1347 2517 Pontificiisdecisionibus
1374 2462 1577 2535 quibus
1607 2466 1930 2522 accessisset

64 2542 385 2600 universalis
414 2547 663 2605 Ecclesiae
693 2570 1011 2611 consensus.
1043 2557 1419 2616 Nihilominus
1455 2561 1678 2617 damnat
1713 2563 1841 2618 Pius
1864 2563 1926 2618 Vl

57 2638 215 2695 hasce
257 2643 448 2714 synodi
491 2646 837 2706 Pistoriensis
864 2654 1220 2711 assertiones.
1262 2657 1426 2713 Porro
1466 2676 1530 2714 ex
1565 2660 1669 2714 hac
1695 2660 1923 2717 damna-

56 2734 202 2792 tione
230 2740 480 2811 sequitur
515 2742 746 2799 Romani
778 2747 1054 2805 pontificis
1094 2750 1477 2810 infallibilitas.
1507 2755 1642 2811 Nam
1671 2758 1924 2831 sequitur

55 2829 358 2890 decisiones
383 2835 610 2893 Romani
647 2841 920 2899 Pontificis
959 2844 1015 2898 in
1056 2848 1287 2904 materia
1324 2850 1472 2920 fidei,
1519 2850 1648 2907 licet
1694 2854 1760 2908 ab
1803 2853 1920 2928 ipso

56 2926 168 2981 solo
210 2929 293 2984 vel
336 2949 459 2987 cum
503 2939 683 3006 paucis
725 2942 1197 3000 consentientibus
1227 2945 1509 3019 Episcopis
1555 2948 1751 3019 editaS,
1803 2967 1922 3006 esse

59 3023 335 3093 sufficienti
369 3034 674 3087 auctoritate
711 3035 989 3094 suffultas.
1032 3039 1198 3095 Porro
1234 3041 1278 3095 si
1311 3043 1491 3097 forent
1523 3043 1807 3113 fallibileS,
1837 3063 1922 3100 ca-

58 3126 239 3174 rerent
277 3122 555 3194 sufficienti
605 3135 911 3190 auctoritate
952 3136 1020 3190 ad
1073 3138 1407 3208 quaestiones
1468 3139 1744 3194 definitive
1786 3140 1920 3195 diri-

57 3214 299 3282 menda&
345 3219 457 3275 sola
498 3223 695 3300 quippe
724 3231 1018 3287 auctoritas
1056 3233 1386 3304 infallibilis,
1413 3238 1678 3306 sufficiens
1711 3236 1821 3292 dici
1866 3244 1916 3293 et

56 3323 173 3363 esse
212 3318 383 3385 potest
422 3321 598 3389 quoad
643 3323 1012 3382 definiendam
1055 3329 1237 3384 fidem.
1286 3331 1419 3385 Item
1455 3319 1750 3388 ex'eadcm
1794 3353 1919 3391 con·

54 3401 393 3468 demnatione
419 3418 671 3490 sequitur
696 3422 870 3477 dictas
895 3424 1203 3480 decisiones
1225 3427 1457 3482 Romani
1477 3428 1755 3487 Pontificis
1783 3432 1918 3505 (sive

53 3501 241 3575 soliuS,
282 3508 391 3565 sive
426 3530 553 3567 cum
586 3517 879 3572 accedente
912 3538 1198 3590 paucorum
1226 3521 1622 3598 Episcoporum
1663 3533 1914 3604 assensu)

53 3614 149 3655 non
178 3620 286 3660 esse
311 3617 463 3664 natas
494 3616 882 3686 corrumpendae
915 3620 1134 3688 paritati
1166 3620 1307 3690 fidei.
1340 3621 1570 3681 Proinde
1599 3627 1915 3701 contingere
