2262 3990
772 168 900 217 PARS
930 166 1168 216 SECUNDA.
1823 165 1911 211 417

110 284 167 342 1⁰
192 281 364 340 Silere
396 297 510 336 non
545 277 729 354 potuit
762 294 828 334 ex
855 293 919 333 eo
959 272 1109 347 quod
1127 272 1350 328 iactum
1379 268 1616 336 minoris
1643 271 1912 328 momenti

34 378 391 455 reputaverit.
421 376 558 432 Nam
603 374 750 431 inter
794 370 1052 448 Cypriani
1091 374 1265 443 gesta,
1287 366 1635 442 praecipuum
1663 366 1816 424 istud
1844 367 1912 441 (si

36 477 368 552 martyrium
417 473 680 551 excipias)
725 478 778 530 et
836 467 1279 540 famosissimum
1319 465 1539 523 fuisset.
1575 466 1651 522 Ea
1704 465 1916 524 scilicet

36 574 268 649 quaestio
285 571 569 629 universas
603 569 798 626 Africae
828 565 1100 623 Ecclesias
1134 562 1545 620 commovisset.
1572 561 1653 619 Ad
1681 579 1805 618 eam
1825 579 1915 618 ex-

37 668 383 745 pendendam
419 667 546 738 tria‚
583 664 821 740 praeside
867 661 1158 736 Cypriano,
1197 659 1434 716 concilia
1473 658 1751 715 celebrata
1782 658 1917 716 fuis-

37 774 178 826 sent.
198 765 452 842 Cypriani
472 770 526 821 et
543 762 801 819 Afrorum
824 757 1159 815 sententiam
1183 756 1608 812 condemnasset
1632 755 1918 814 Romanus

35 863 301 934 Pontifex,
334 859 614 931 simulque
652 857 756 912 sub
796 854 1067 910 intentata
1111 851 1688 910 excommunicatione
1731 853 1919 928 prohi-

35 959 248 1015 buisset
270 975 341 1013 ne
365 955 546 1011 denuo
580 950 999 1026 baptizarentur
1025 947 1122 1020 qui
1152 945 1301 1021 apud
1324 947 1613 1003 haereticos
1636 949 1917 1023 baptisma

33 1058 376 1127 receperunt.
404 1049 496 1106 Cui
522 1053 793 1123 praecepto
823 1064 883 1102 ac
910 1044 1222 1118 dogmatico
1251 1043 1472 1099 decreto
1506 1044 1730 1118 publice
1755 1046 1919 1102 resti-

28 1149 224 1205 tissent
251 1147 551 1222 Cyprianus
585 1151 637 1201 et
667 1143 912 1200 Africani
936 1142 1240 1212 antistiteS,
1274 1141 1463 1213 eisque
1490 1159 1637 1197 unus
1664 1159 1692 1196 e
1722 1143 1916 1199 claris-

29 1245 184 1303 simis
212 1243 505 1301 Orientalis
543 1242 793 1298 Ecclesiae
819 1240 1146 1315 praesulibus
1174 1238 1531 1295 Firmilianus
1568 1238 1910 1296 adhaesisset.

29 1343 201 1398 Immo
238 1360 267 1396 a
300 1341 565 1415 Cypriane
592 1339 881 1413 ipsiusque
915 1337 1247 1410 sequacibus
1275 1336 1488 1393 dictum
1514 1336 1749 1392 Romani
1779 1338 1917 1393 Pon·

30 1438 197 1494 tificis
240 1438 522 1494 decretum
570 1437 753 1511 palam
794 1435 1145 1491 confutatum
1192 1433 1410 1501 fuisset,
1459 1433 1647 1489 inusta
1695 1437 1912 1506 error-ia,

26 1537 283 1605 stultitiae,
304 1537 616 1607 ar1·09antiae
641 1552 702 1590 ac
721 1535 992 1607 pravitatis
1018 1538 1167 1587 nota.
1190 1531 1249 1588 Et
1267 1531 1488 1587 tandem
1507 1530 1575 1586 ab
1591 1531 1791 1586 iisdem
1818 1531 1915 1587 ha-

26 1633 175 1689 bitus
198 1632 395 1688 fuisset
427 1639 477 1688 et
503 1632 815 1687 declaratus
841 1630 1150 1704 Stephanus
1180 1630 1324 1703 Papa
1354 1635 1619 1700 tanquam
1648 1629 1746 1699 qui
1766 1628 1912 1701 seip-

28 1749 154 1787 sum
181 1731 248 1785 ab
271 1729 485 1786 unitate
519 1729 771 1785 Ecclesiae
801 1734 1123 1785 resecasset.
1164 1727 1284 1782 Haec
1310 1744 1464 1795 sane,
1494 1727 1540 1782 si
1567 1743 1756 1781 revera
1783 1742 1914 1780 con-

50 1827 271 1901 igerint,
310 1826 443 1882 adeo
468 1827 654 1898 gravia
674 1832 825 1896 sunt,
856 1832 916 1881 ut
942 1824 1083 1879 nihil
1108 1841 1337 1898 prorsus
1363 1823 1420 1876 in
1454 1828 1566 1877 tota
1590 1822 1770 1895 ipsius
1799 1822 1911 1877 vita

83 1925 249 1998 ajoris
272 1924 535 1980 momenti
569 1923 742 1979 videri
770 1930 959 1995 queat..
1001 1923 1219 1977 Absone
1248 1921 1421 1993 igitur
1465 1920 1743 1977 diceretur
1787 1920 1912 1976 ideo

63 2038 93 2077 e
116 2021 200 2077 his
226 2021 448 2077 siluisse
472 2020 727 2075 Pontium
753 2019 1051 2076 diaconum
1074 2017 1222 2091 quod
1255 2015 1491 2072 minoris
1525 2015 1792 2071 momenti
1819 2034 1909 2072 re-

63 2122 267 2182 utaret;
290 2116 594 2188 praesertim
620 2134 749 2171 cum
776 2120 855 2170 tot
884 2114 991 2170 alia
1021 2115 1198 2168 multo
1241 2112 1449 2167 leviora
1484 2118 1905 2167 commemoret.

100 2213 156 2266 2⁰
182 2212 366 2282 Neque
391 2212 610 2267 siluisse
633 2212 946 2267 censendus
969 2190 1052 2265 est
1074 2227 1139 2264 ex
1164 2226 1227 2263 eo
1262 2208 1411 2280 quod
1442 2208 1694 2263 timuerit
1718 2227 1788 2264 ne
1818 2211 1910 2283 Cy-

30 2303 209 2377 priani
234 2304 392 2359 famae
422 2306 696 2360 maculam
727 2305 1095 2377 imprimeret.
1117 2303 1252 2358 Nam
1275 2302 1398 2358 ideo
1417 2309 1668 2376 putasset
1680 2303 1907 2359 Pontius

91 2399 298 2455 aculari
317 2417 476 2473 posse
489 2400 737 2474 Cypriani
758 2401 961 2455 famam
982 2417 1048 2455 ex
1066 2399 1216 2455 illius
1238 2399 1366 2455 faeti
1386 2399 1758 2468 enarratione,
1777 2400 1907 2472 quia

52 2502 235 2552 actum
270 2496 583 2552 istiusmodi
615 2498 897 2554 habuisset
922 2505 1186 2570 tanquam
1207 2515 1436 2571 pravum
1469 2515 1532 2554 ac
1569 2497 1902 2554 damnabile.

56 2603 145 2639 am
180 2603 304 2641 vero
332 2586 376 2641 si
409 2587 637 2642 Pontius
664 2587 738 2642 ita
777 2587 1163 2661 Cyprianicum
1187 2588 1395 2643 factum
1428 2586 1785 2660 judicaverit,
1814 2606 1904 2643 ex-

63 2681 333 2737 endamus
359 2682 493 2754 quid
515 2684 831 2756 contingere
851 2685 1126 2741 debuerit.
1160 2685 1246 2740 Vel
1273 2684 1575 2759 Cyprianus
1599 2692 1725 2741 ante
1756 2704 1902 2741 mar-

51 2778 231 2851 yrium
268 2797 386 2836 sese
432 2782 763 2851 retractavit,
810 2784 896 2840 vel
947 2802 1076 2840 non.
1125 2783 1178 2839 Si
1210 2783 1386 2858 prius,
1424 2784 1572 2839 haud
1622 2784 1901 2842 omisisset

66 2875 249 2931 ontius
280 2881 724 2936 retractationem
763 2882 915 2938 illam
942 2900 1221 2953 enarrare,
1264 2890 1458 2956 utpote
1495 2883 1768 2956 Cypriane
1798 2886 1899 2937 ho-

70 2971 335 3028 oriticam.
377 2975 431 3030 Si
463 2978 735 3049 posterius
761 2979 1092 3053 Cyprianum
1129 2980 1438 3050 habuisset,
1478 2997 1591 3033 non
1633 2986 1899 3051 tanquam

58 3076 281 3124 anctum
328 3077 646 3144 martyrem,
686 3077 923 3145 summis
972 3077 1235 3133 laudibus
1274 3076 1750 3151 prosequendum,
1803 3079 1898 3133 sed

54 3183 295 3237 anquam
321 3166 655 3238 pertinacem
678 3170 882 3239 virum,
911 3172 1015 3244 qui
1036 3172 1093 3226 in
1118 3173 1382 3246 pravitate
1412 3189 1512 3228 sua
1539 3189 1899 3245 perseverans

64 3261 400 3318 ccubuisset.

103 3357 365 3414 Praeterea
400 3358 446 3414 is
475 3366 556 3415 est
584 3359 711 3415 libri
744 3378 773 3415 a
792 3361 981 3417 Pontio
1008 3362 1201 3434 scripti
1226 3369 1408 3433 tenor,
1435 3370 1498 3418 ut
1524 3382 1621 3439 per
1639 3383 1694 3422 se
1713 3368 1894 3425 solum

69 3452 221 3508 robet
257 3470 423 3526 quam
460 3455 755 3510 maximam
795 3462 848 3511 et
885 3474 1051 3528 quam
1090 3457 1328 3513 maxime
1362 3458 1634 3518 sinceram
1666 3465 1894 3539 scripto-

60 3546 105 3602 is
139 3565 264 3621 erga
306 3555 558 3605 sanctum
599 3549 930 3624 Cyprianum
982 3551 1424 3608 admirationem.
1467 3554 1708 3614 Describi
1764 3578 1793 3616 a
1841 3579 1899 3618 se

267 3668 317 3702 11.
1604 3664 1659 3710 27
