2262 3990
805 194 936 243 PARS
965 190 1201 240 SECUNDA.
1864 191 1953 238 465

79 308 336 376 dicimuS,
372 304 504 362 olim
532 300 795 359 daretur?
826 333 895 343 —
922 295 1291 373 Responderet
1335 295 1428 352 hic
1477 293 1703 368 aliquis,
1744 295 1803 352 in
1849 296 1950 352 tali

83 423 215 464 casu
240 399 661 460 adsentiendum
699 414 817 455 esse
849 393 1308 453 demonstrationi
1337 394 1438 466 (est
1466 391 1616 448 enim
1643 409 1954 466 supponen-

82 503 216 558 dum
245 517 365 557 esse
390 497 698 572 legitimam
727 500 780 551 et
811 492 1041 564 certam)
1068 515 1078 559 ;
1116 496 1171 548 at
1193 492 1247 546 in
1274 490 1366 545 illo
1392 506 1514 544 oasa
1539 489 1644 544 dici
1683 505 1786 544 aon
1807 506 1957 562 posse

87 598 372 656 Ecclesiam
404 595 693 651 Romanam
740 591 996 646 erravisse
1023 607 1035 642 :
1061 604 1166 642 non
1198 587 1333 641 enim
1371 585 1502 640 hanc
1551 586 1956 658 propositionem

89 693 399 768 speculative
421 697 682 762 sumptam
718 683 958 759 yenerale
982 682 1269 751 concilium,
1299 688 1391 736 aut
1425 681 1675 754 Pontifex
1696 699 1762 737 ex
1788 682 1962 738 cathe-

91 792 187 845 dra
203 787 475 863 proposuit
497 785 752 839 universae
772 779 1011 836 Ecclesiae
1039 785 1096 833 ut
1129 777 1409 842 articulum
1426 777 1571 847 fidei,
1602 777 1679 833 ita
1707 783 1770 834 ut
1803 779 1963 835 vellet

90 887 389 960 ipsummet
423 881 704 935 internum
740 874 1053 930 dissensum
1102 889 1222 928 esse
1252 871 1542 938 haeresim;
1578 875 1671 928 sed
1709 875 1967 932 Cardina-

94 983 218 1037 lium
244 977 695 1036 eminentissimum
725 971 972 1037 tribunal,
1001 969 1162 1042 cujus
1197 967 1510 1023 authoritas
1534 967 1684 1025 inter
1713 972 1967 1028 homines

92 1092 308 1133 summa
333 1078 437 1142 est,
468 1067 713 1125 definivit
755 1083 866 1121 non
899 1066 1021 1120 dari
1047 1065 1319 1120 rationem
1364 1064 1712 1136 humanituS,
1745 1077 1970 1142 propter

91 1189 254 1246 quam
270 1188 380 1225 non
406 1168 621 1224 dicatur
644 1172 1004 1221 motusterrae
1023 1164 1200 1219 Sacrae
1227 1163 1528 1238 Scripturae
1553 1165 1965 1222 contradicere:

92 1271 335 1341 adeoque
352 1269 577 1340 practice
605 1264 803 1320 debere
826 1263 1017 1319 haberi
1044 1270 1308 1334 tanquam
1341 1262 1688 1332 haereticum,
1718 1264 1816 1336 qui
1835 1265 1972 1321 Pon-

94 1366 225 1424 tifici
252 1385 345 1441 per
379 1363 684 1420 Cardinales
725 1379 847 1416 suos
889 1378 1016 1416 cum
1059 1359 1358 1434 pertinacia
1414 1360 1780 1415 contradicat.
1821 1363 1977 1426 Quod

97 1464 167 1533 si,
186 1479 282 1536 per
307 1458 651 1533 impossibile
673 1474 796 1512 cras
830 1456 1131 1511 haberetur
1157 1455 1345 1527 aliqua
1372 1473 1511 1511 nova
1551 1456 1977 1526 demonstratiO,

104 1565 239 1614 tunc
266 1557 532 1631 inciperet
586 1554 702 1609 dari
744 1553 1069 1608 humanitus
1109 1552 1248 1608 ratio
1298 1559 1523 1627 propter
1550 1572 1719 1627 quam
1758 1566 1983 1629 possent

102 1653 423 1728 permittere
447 1648 884 1706 Eminentissimi
911 1648 1145 1717 domini,
1178 1654 1240 1704 ut
1266 1648 1323 1703 in
1346 1648 1690 1722 expositione
1723 1652 1922 1724 capitis
1954 1672 1983 1705 x

100 1753 295 1819 Josue,
332 1750 398 1804 ad
440 1764 667 1804 sensum
715 1745 957 1818 aliquem
997 1754 1348 1818 apparentem
1394 1752 1489 1802 aut
1535 1747 1982 1820 metaphoricum

104 1852 501 1904 recurreretur.
519 1845 604 1900 Sic
627 1844 765 1900 forte
787 1842 982 1914 aliquis
1007 1843 1385 1916 responderet,
1412 1849 1466 1898 et
1492 1843 1635 1899 forte
1661 1863 1719 1900 se
1746 1845 1986 1903 involve·

106 1950 187 2000 ret
213 1942 367 1999 novis
393 1939 836 1997 difficultatibus,
862 1937 969 2009 Ego
989 1942 1175 1992 autem
1200 1954 1419 1991 summa
1446 1954 1574 1991 cum
1603 1937 1870 1995 facilitate
1895 1958 1984 1998 me

105 2027 349 2117 expedio.
391 2042 587 2096 Assero
628 2037 796 2111 igitur
829 2053 947 2092 esse
986 2035 1354 2109 impossibile,
1403 2035 1552 2106 quod
1593 2035 1727 2090 olim
1776 2040 1982 2094 moveri

108 2147 311 2195 terram
338 2136 764 2194 demonstrative
804 2134 1118 2190 suadeatur.
1165 2165 1235 2173 —
1269 2132 1411 2194 Quid
1450 2133 1495 2187 si
1530 2133 1862 2190 suaderetur
1895 2137 1986 2193 de-

115 2234 590 2289 monstrative‘t—
632 2231 990 2302 Respondeo:
1023 2229 1139 2282 Uno
1192 2228 1527 2301 impossibili
1566 2229 1832 2300 admiss0,
1875 2251 1988 2289 non

117 2344 236 2383 esse
274 2326 575 2382 absurdum
617 2325 662 2379 si
702 2322 1068 2397 impossibilia
1093 2327 1145 2378 et
1172 2322 1411 2377 absurda
1456 2331 1765 2396 sequantur
1797 2347 1824 2378 »
1866 2328 1991 2399 (ibi-

119 2424 265 2492 dem,
300 2441 355 2480 n.
387 2423 479 2490 28,
508 2421 704 2495 pagina
736 2420 888 2492 110).

191 2521 517 2575 Docuusnrun
543 2517 671 2571 vul.
694 2513 1013 2587 —Epistola
1044 2515 1221 2570 Patris
1259 2514 1412 2570 Fabri
1438 2515 1675 2586 Jesuitae,
1705 2537 1857 2589 qaam
1899 2541 1987 2578 ac-

117 2618 181 2671 tis
203 2618 307 2670 sais
332 2614 550 2668 inseruit
567 2613 846 2667 Academia
868 2613 1011 2683 reqia
1029 2611 1255 2684 Anyliae,
1279 2630 1412 2666 cinno
1431 2612 1597 2683 1665,
1620 2623 1667 2670 et
1694 2634 1847 2686 qaam
1867 2622 1994 2676 citat

120 2713 380 2783 theoloyas
410 2711 610 2766 Amort.
634 2741 701 2749 —
727 2709 1022 2781 Postquam
1050 2725 1175 2763 suas
1203 2709 1269 2763 de
1293 2715 1447 2764 motu
1466 2709 1598 2765 solis
1629 2717 1680 2766 et
1707 2718 1866 2770 terrae
1887 2716 1993 2771 im-

127 2806 427 2862 mobilitate
453 2805 804 2878 probationes
845 2803 1070 2860 deduxit
1100 2804 1279 2860 dictus
1311 2805 1524 2876 Amort,
1548 2806 1622 2862 ita
1656 2811 1836 2882 pergit
1866 2832 1875 2862 :

206 2922 232 2951 «
269 2900 330 2954 Et
366 2899 494 2954 hinc
518 2900 769 2955 Urbanus
797 2899 905 2955 vlu
937 2900 1227 2973 prohibuit
1271 2902 1375 2956 sub
1423 2904 1997 2963 excommunicatione

129 3003 364 3072 systema
394 2994 849 3067 Copernicanum,
876 3003 1144 3068 tanquam
1172 2996 1557 3067 temerarium,
1578 3005 1630 3053 et
1655 2998 1830 3055 Sacrae
1855 3001 2000 3058 Scri—

132 3099 307 3165 pturae
332 3090 511 3162 quoad
548 3107 772 3145 sensum
806 3092 1095 3164 proprium
1121 3092 1496 3163 contrarium,
1539 3094 1710 3149 donec
1741 3113 1771 3149 a
1805 3097 2000 3172 Coper—

134 3187 348 3243 nicanis
388 3186 648 3241 afferatur
675 3185 857 3258 aliqua
887 3187 1305 3258 demonstratio,
1337 3207 1460 3261 quae
1496 3196 1653 3262 cogat
1685 3191 1740 3245 in
1773 3211 1835 3250 re
1863 3201 2003 3256 tanti

136 3284 400 3341 momenti
438 3282 691 3338 recedere
729 3300 758 3337 a
790 3300 955 3338 sensu
982 3285 1206 3356 proprio
1235 3285 1555 3359 Scripturas,
1581 3287 1792 3359 judicio
1827 3298 1999 3357 totius

136 3380 285 3435 orbis
310 3384 644 3434 consecrato,
684 3377 761 3432 lta
800 3377 948 3432 enim
974 3377 1209 3452 explicat
1251 3386 1491 3436 mentem
1516 3381 1682 3439 bullae
1711 3385 2002 3452 Pontificiae

136 3475 290 3531 Pater
319 3473 497 3541 Fabri,
532 3471 818 3528 Societatis
851 3473 999 3542 Jesu,
1030 3472 1213 3528 Romae
1251 3474 1317 3530 ad
1348 3483 1602 3534 sanctum
1633 3480 1855 3542 Petrum
1885 3489 2002 3549 Poe-

139 3571 511 3638 nitentiarius,
533 3569 662 3625 dum
691 3570 910 3627 cuidam
931 3571 1298 3644 Copernicano
1319 3572 1375 3628 in
1403 3573 1517 3632 haec
1534 3579 1696 3637 verba
1713 3586 1996 3649 rescribit:

376 3691 423 3720 n.
1708 3686 1764 3732 50
