2306 4010
742 223 872 270 PARS
902 222 1143 272 SECUNDA.
1795 222 1885 268 209

8 340 69 398 in
112 335 352 396 comitiis
391 350 536 390 anno
566 331 706 390 1681
746 353 757 386 :
801 331 969 406 Caput
1008 337 1105 397 est,
1143 328 1430 403 inquiunt,
1466 328 1735 398 Ecclesiae,
1771 346 1887 384 oen-

12 445 150 495 trum
177 434 412 490 unitatis.
438 427 638 486 obtinet
660 427 748 483 ille
771 429 826 482 in
855 445 951 483 nos
982 429 1270 501 primatum
1297 427 1618 482 auctoritatis
1648 434 1696 482 et
1722 427 1890 499 juris-

18 532 276 598 dictionis,
302 526 399 584 sibi
428 540 461 580 a
487 522 693 579 Christo
714 522 842 577 Jesu
877 524 934 576 in
959 539 1191 594 persona
1225 523 1400 578 sancti
1436 521 1583 578 Petri
1622 508 1890 577 collatumss

19 628 116 696 Qui
154 630 214 683 ab
248 626 342 682 hac
369 621 582 678 veritate
613 617 937 688 dissentiret,
975 619 1355 691 schismaticus,
1403 622 1505 675 imo
1544 629 1594 676 et
1625 621 1897 676 haereticus

22 735 178 781 esset.
209 745 236 776 »

101 823 164 877 ll.
196 820 271 875 Ex
298 835 360 875 eo
388 811 531 888 quod
558 810 843 867 Romanus
868 810 1117 867 Pontifex
1150 812 1321 867 totius
1356 813 1428 868 sit
1454 814 1687 870 unitatis
1713 815 1901 870 catho-

29 919 149 976 licae
173 935 236 974 ac
261 910 484 991 proinde
505 909 672 967 etiam
695 908 930 965 unitatis
954 907 1082 964 fidei
1112 916 1390 977 centrum,
1415 910 1618 966 invicte
1645 913 1904 985 sequitur

30 1033 156 1074 eum
185 1029 300 1071 esse
336 1008 392 1064 in
416 1005 761 1062 decernenda
801 1003 906 1060 fide
947 1004 1322 1061 infallibilem.
1365 1005 1420 1060 Si
1462 1007 1612 1061 enim
1661 1009 1734 1064 sit
1775 1027 1902 1065 cen-

36 1121 184 1171 trum
211 1103 431 1166 unitatis
469 1103 616 1174 fidei,
647 1109 760 1159 tota
799 1101 1038 1158 Ecclesia
1083 1102 1378 1158 convenire
1421 1102 1582 1159 dehet
1627 1123 1757 1160 cum
1802 1106 1909 1161 fide.

33 1221 192 1280 quam
236 1202 352 1275 ipse
385 1199 694 1274 profitetur,
740 1199 931 1255 definit
972 1204 1024 1254 et
1053 1198 1332 1272 praedicat.
1367 1198 1468 1254 Sed
1511 1204 1627 1256 tota
1665 1200 1907 1256 Ecclesia

28 1298 291 1359 catholica
315 1297 573 1371 amplecti
600 1315 662 1353 ac
701 1295 946 1370 profiteri
976 1313 1086 1350 non
1122 1300 1300 1368 potest
1332 1296 1498 1352 fidem
1527 1297 1745 1365 falsam;
1779 1297 1910 1369 quia

22 1397 134 1471 jam
165 1395 438 1451 desineret
472 1411 595 1450 esse
623 1411 750 1449 vera
785 1393 985 1449 Christi
1020 1392 1281 1463 Ecclesia,
1322 1392 1694 1466 columnaque
1724 1374 1788 1451 ‘et
1815 1395 1910 1449 tir-

30 1497 370 1549 mamentum
397 1489 664 1546 veritatis
693 1489 830 1561 Ergo
858 1506 1082 1544 necesse
1112 1495 1194 1544 est
1221 1495 1282 1544 ut
1319 1489 1452 1545 fides
1481 1489 1710 1544 Romani
1738 1491 1914 1547 Ponti-

31 1591 166 1658 ficis,
198 1608 323 1646 cum
351 1607 457 1661 qua
488 1594 601 1644 tota
629 1587 868 1643 Ecclesia
893 1587 1189 1643 convenire
1226 1587 1408 1656 debet,
1451 1606 1740 1661 nunquam
1766 1608 1914 1646 erro-

33 1706 132 1746 nea
173 1689 261 1757 sit;
307 1705 368 1743 ac
410 1687 641 1761 proinde
677 1686 961 1741 Romanus
1000 1685 1249 1741 Pontifex
1294 1686 1351 1740 in
1385 1686 1761 1742 dercernenda
1807 1689 1915 1743 fide

34 1783 335 1840 infallibilis
376 1789 473 1839 est.
518 1783 692 1855 Igitur
733 1781 1246 1838 manifestissimam
1290 1783 1788 1838 contradictionem
1830 1784 1915 1838 in-

34 1883 194 1939 volvit
219 1883 561 1943 Gallicanum
586 1889 848 1959 systema,
877 1900 1005 1937 cum
1033 1900 1098 1937 ex
1120 1900 1231 1937 una
1253 1888 1411 1955 parte
1435 1881 1749 1937 Romanum
1776 1883 1913 1937 Pon-

38 1978 234 2036 tificem
259 1981 539 2037 catholicae
563 1979 1076 2039 unitatiscentrum
1103 1979 1447 2053 profiteatur,
1470 1987 1517 2035 et
1542 1998 1606 2036 ex
1625 1980 1732 2035 alia
1759 1987 1915 2054 parte

41 2075 320 2132 fallibilem
347 2096 474 2134 eum
500 2078 555 2132 in
585 2076 863 2134 edocenda
889 2082 941 2132 et
967 2076 1278 2132 definienda
1309 2076 1413 2132 tide
1445 2078 1757 2133 contendat.

109 2175 383 2229 Pnorosrrlo
421 2176 521 2230 ΙΨ.
542 2209 616 2216 -
638 2176 903 2230 Evincitur
928 2174 1144 2229 Romani
1176 2175 1448 2245 pontificis
1474 2176 1828 2245 infallibilitas
1853 2195 1918 2231 ω’

43 2271 140 2322 isto
183 2269 435 2336 principio
468 2288 482 2317 .·
535 2269 848 2323 «Romanus
887 2269 1130 2338 Pontifex
1171 2278 1248 2323 est
1285 2271 1451 2339 judeoe
1484 2288 1758 2340 supremus
1789 2275 1917 2342 side-

48 2363 192 2416 Iimn.
215 2378 241 2409 »
270 2389 337 2397 —
363 2358 403 2410 Ι.
431 2359 502 2413 De
530 2359 635 2415 fide
669 2368 752 2417 est
778 2363 986 2417 dictum
1029 2363 1387 2436 principium3
1431 2382 1532 2419 nec
1575 2367 1642 2418 al)
1679 2367 1792 2420 ullo
1830 2386 1920 2422 ca-

50 2452 248 2510 tholico
282 2453 471 2524 negari
502 2460 703 2527 potest.
731 2455 947 2512 Constat
979 2459 1029 2512 ¹l⁰
1058 2475 1121 2513 ex
1154 2458 1388 2514 concilio
1419 2462 1762 2516 oecumenico
1785 2462 1922 2535 Lug-

57 2550 284 2607 ‹lunensi
312 2551 571 2618 secunde,
602 2569 630 2606 a
654 2571 760 2625 quo
779 2555 1080 2627 approbata
1105 2555 1204 2611 suit
1231 2574 1468 2628 sequens
1496 2557 1622 2614 fidei
1654 2560 1917 2630 formula,

56 2666 86 2703 a
107 2646 297 2703 Graecis
322 2646 562 2703 exhibita
584 2654 637 2703 et
657 2649 970 2720 juramento
998 2651 1213 2707 firmata
1238 2676 1247 2706 :
1282 2654 1449 2727 «Ipsa
1481 2673 1702 2727 quoque
1734 2665 1922 2714 sancta

53 2742 288 2799 Romana
323 2743 557 2798 Ecclesia
583 2761 867 2800 summum
893 2754 942 2802 et
972 2747 1199 2820 plenum
1224 2749 1527 2822 primatum
1560 2758 1612 2807 et
1641 2754 1924 2829 principa-

49 2847 171 2897 tum
211 2859 374 2916 super
403 2842 716 2898 universam
758 2843 1056 2900 Ecclesiam
1097 2848 1424 2904 catholicam
1465 2850 1675 2906 obtinet
1709 2874 1718 2905 :
1755 2872 1918 2925 quem

59 2954 115 2992 se
143 2936 209 2991 ab
238 2937 353 3011 ipso
386 2938 619 2994 ‘Domino
658 2939 715 2994 in
740 2941 897 2996 beato
924 2941 1080 2999 Petro
1113 2946 1489 3018 apostolorum
1527 2948 1778 3022 principe
1815 2952 1927 3005 sive

60 3033 277 3103 vertice,
324 3038 480 3110 cujus
513 3037 794 3094 Romanus
830 3040 1074 3097 Pontifex
1107 3049 1188 3098 est
1229 3062 1538 3113 successor,
1585 3065 1712 3101 cum
1752 3055 1928 3119 potes-

61 3128 189 3184 tatis
210 3131 548 3204 plenitudine
573 3135 846 3209 recepisse
870 3138 1137 3194 veraciter
1167 3147 1217 3195 et
1243 3141 1532 3197 humiliter
1558 3144 1923 3213 recognoscit.

63 3223 124 3279 Et
157 3225 296 3283 sicut
320 3246 429 3302 prae
463 3231 670 3287 caeteris
695 3239 917 3289 tenetur
947 3234 1071 3290 fidei
1099 3236 1383 3290 veritatem
1413 3236 1729 3307 defendere,
1767 3239 1844 3293 sic
1877 3247 1927 3296 et

66 3322 109 3376 si
143 3340 262 3395 quae
293 3325 358 3380 de
379 3325 483 3384 fide
510 3331 748 3386 subortae
773 3331 982 3386 fuerint
1014 3333 1348 3402 quaestiones
1375 3351 1476 3388 suo
1505 3333 1705 3390 debent
1722 3337 1930 3409 judicio

63 3415 343 3476 definiri...
374 3423 433 3479 Et
459 3424 638 3480 eidem
672 3420 869 3482 omnes
900 3425 1157 3482 Ecclesiae
1188 3435 1319 3483 sunt
1359 3429 1637 3502 subjectae3
1684 3433 1929 3506 ipsarum

66 3513 271 3583 praelati
295 3517 641 3575 obedentiam
682 3526 734 3575 et
768 3522 1131 3576 reverentiam
1165 3523 1272 3596 ipsi
1307 3523 1439 3579 dant
1469 3546 1514 3583 ».
1537 3528 1703 3601 (apud
1730 3531 1929 3604 Labbe,

69 3612 107 3663 t.
135 3609 260 3679 xlv,
307 3632 361 3686 p.
390 3616 519 3684 512,
559 3615 815 3672 editionis
843 3618 1076 3687 Venetae,
1110 3619 1298 3682 1751).
1350 3642 1376 3673 «
1402 3621 1778 3700 Subscriptam
1809 3631 1933 3686 fidei

298 3729 342 3758 n.
1641 3731 1696 3774 14
