<?xml version="1.0" encoding="UTF-8"?>
<!DOCTYPE html PUBLIC "-//W3C//DTD XHTML 1.0 Transitional//EN"
    "http://www.w3.org/TR/xhtml1/DTD/xhtml1-transitional.dtd">
<html xmlns="http://www.w3.org/1999/xhtml" xml:lang="en" lang="en">
 <head>
  <title>
</title>
<meta http-equiv="Content-Type" content="text/html;charset=utf-8" />
  <meta name='ocr-system' content='tesseract 3.04.00' />
  <meta name='ocr-capabilities' content='ocr_page ocr_carea ocr_par ocr_line ocrx_word'/>
</head>
<body>
  <div class='ocr_page' id='page_1' title='image "a548470102bouiuoft_0171.png"; bbox 0 0 2306 4010; ppageno 0'>
   <div class='ocr_carea' id='block_1_1' title="bbox 832 211 1984 263">
    <p class='ocr_par' dir='ltr' id='par_1_1' title="bbox 832 211 1984 263">
     <span class='ocr_line' id='line_1_1' title="bbox 832 211 1984 263; baseline -0.003 1"><span class='ocrx_word' id='word_1_1' title='bbox 832 214 963 263; x_wconf 78' lang='lat' dir='ltr'><strong>PARS</strong></span> <span class='ocrx_word' id='word_1_2' title='bbox 993 213 1233 262; x_wconf 79' lang='lat' dir='ltr'>SECUNDA.</span> <span class='ocrx_word' id='word_1_3' title='bbox 1894 211 1984 261; x_wconf 76' lang='lat'><strong><em>165</em></strong></span> 
     </span>
    </p>
   </div>
   <div class='ocr_carea' id='block_1_2' title="bbox 86 316 1995 1182">
    <p class='ocr_par' dir='ltr' id='par_1_2' title="bbox 86 316 1983 596">
     <span class='ocr_line' id='line_1_2' title="bbox 86 316 1983 408; baseline -0.008 -19"><span class='ocrx_word' id='word_1_4' title='bbox 86 350 197 408; x_wconf 64' lang='lat' dir='ltr'><strong><em>qua</em></strong></span> <span class='ocrx_word' id='word_1_5' title='bbox 224 329 460 389; x_wconf 81' lang='lat' dir='ltr'><strong><em>Ecclesia</em></strong></span> <span class='ocrx_word' id='word_1_6' title='bbox 482 325 676 383; x_wconf 77' lang='lat' dir='ltr'><strong><em>Christi</em></strong></span> <span class='ocrx_word' id='word_1_7' title='bbox 703 325 781 378; x_wconf 87' lang='lat' dir='ltr'><strong><em>ita</em></strong></span> <span class='ocrx_word' id='word_1_8' title='bbox 810 321 1036 393; x_wconf 74' lang='lat' dir='ltr'><strong><em>fundata</em></strong></span> <span class='ocrx_word' id='word_1_9' title='bbox 1064 328 1116 377; x_wconf 89' lang='lat' dir='ltr'><strong><em>et</em></strong></span> <span class='ocrx_word' id='word_1_10' title='bbox 1139 321 1356 399; x_wconf 79' lang='lat' dir='ltr'><strong><em>firmata</em></strong></span> <span class='ocrx_word' id='word_1_11' title='bbox 1381 324 1537 387; x_wconf 87' lang='lat' dir='ltr'><strong><em>esset,</em></strong></span> <span class='ocrx_word' id='word_1_12' title='bbox 1574 323 1760 373; x_wconf 80' lang='lat' dir='ltr'><strong><em>utnon</em></strong></span> <span class='ocrx_word' id='word_1_13' title='bbox 1784 316 1983 374; x_wconf 83' lang='lat' dir='ltr'><strong><em>labere-</em></strong></span> 
     </span>
     <span class='ocr_line' id='line_1_3' title="bbox 97 413 1968 495; baseline -0.008 -10"><span class='ocrx_word' id='word_1_14' title='bbox 97 435 183 485; x_wconf 86' lang='lat' dir='ltr'><strong><em>tur</em></strong></span> <span class='ocrx_word' id='word_1_15' title='bbox 207 436 254 484; x_wconf 91' lang='lat' dir='ltr'><strong><em>et</em></strong></span> <span class='ocrx_word' id='word_1_16' title='bbox 296 431 429 482; x_wconf 89' lang='lat' dir='ltr'><strong><em>esset</em></strong></span> <span class='ocrx_word' id='word_1_17' title='bbox 453 416 866 495; x_wconf 70' lang='lat' dir='ltr'><strong><em>inexpuqnabilis</em></strong></span> <span class='ocrx_word' id='word_1_18' title='bbox 894 415 1186 486; x_wconf 85' lang='lat' dir='ltr'><strong><em>inferorum</em></strong></span> <span class='ocrx_word' id='word_1_19' title='bbox 1222 418 1391 490; x_wconf 82' lang='lat' dir='ltr'><strong><em>portis</em></strong></span> <span class='ocrx_word' id='word_1_20' title='bbox 1426 414 1596 490; x_wconf 84' lang='lat' dir='ltr'><strong><em>(libro</em></strong></span> <span class='ocrx_word' id='word_1_21' title='bbox 1644 413 1708 470; x_wconf 89' lang='lat' dir='ltr'><strong><em>IV</em></strong></span> <span class='ocrx_word' id='word_1_22' title='bbox 1732 413 1800 470; x_wconf 84' lang='lat' dir='ltr'><strong><em>de</em></strong></span> <span class='ocrx_word' id='word_1_23' title='bbox 1845 413 1968 470; x_wconf 89' lang='lat' dir='ltr'><strong><em>Tri-</em></strong></span> 
     </span>
     <span class='ocr_line' id='line_1_4' title="bbox 104 514 1843 596; baseline -0.008 -14"><span class='ocrx_word' id='word_1_24' title='bbox 104 525 320 596; x_wconf 82' lang='lat' dir='ltr'><strong><em>nitate).</em></strong></span> <span class='ocrx_word' id='word_1_25' title='bbox 1837 514 1843 526; x_wconf 89' lang='grc'><strong>“</strong></span> 
     </span>
    </p>

    <p class='ocr_par' dir='ltr' id='par_1_3' title="bbox 107 623 1995 1182">
     <span class='ocr_line' id='line_1_5' title="bbox 143 623 1988 702; baseline -0.007 -11"><span class='ocrx_word' id='word_1_26' title='bbox 143 668 145 671; x_wconf 94' lang='grc'>-</span> <span class='ocrx_word' id='word_1_27' title='bbox 179 637 461 702; x_wconf 68' lang='lat' dir='ltr'><strong><em>Juvnmms,</em></strong></span> <span class='ocrx_word' id='word_1_28' title='bbox 514 625 1006 685; x_wconf 77' lang='lat' dir='ltr'><strong><em>Hierosoljmorum</em></strong></span> <span class='ocrx_word' id='word_1_29' title='bbox 1044 623 1369 698; x_wconf 86' lang='lat' dir='ltr'>Episcopus.</span> <span class='ocrx_word' id='word_1_30' title='bbox 1409 655 1478 664; x_wconf 89' lang='lat'>—</span> <span class='ocrx_word' id='word_1_31' title='bbox 1506 623 1636 682; x_wconf 88' lang='lat' dir='ltr'><strong><em>Cum</em></strong></span> <span class='ocrx_word' id='word_1_32' title='bbox 1674 639 1902 679; x_wconf 84' lang='lat' dir='ltr'><strong><em>summus</em></strong></span> <span class='ocrx_word' id='word_1_33' title='bbox 1935 630 1988 678; x_wconf 87' lang='lat' dir='ltr'><strong><em>et</em></strong></span> 
     </span>
     <span class='ocr_line' id='line_1_6' title="bbox 107 718 1989 808; baseline -0.007 -20"><span class='ocrx_word' id='word_1_34' title='bbox 107 735 305 808; x_wconf 84' lang='lat' dir='ltr'><strong><em>primus</em></strong></span> <span class='ocrx_word' id='word_1_35' title='bbox 346 727 692 803; x_wconf 78' lang='lat' dir='ltr'><strong><em>apostolorum</em></strong></span> <span class='ocrx_word' id='word_1_36' title='bbox 723 722 912 778; x_wconf 87' lang='lat' dir='ltr'><strong><em>Petrus</em></strong></span> <span class='ocrx_word' id='word_1_37' title='bbox 945 722 1162 776; x_wconf 75' lang='lat' dir='ltr'><strong><em>dixisset</em></strong></span> <span class='ocrx_word' id='word_1_38' title='bbox 1190 742 1207 773; x_wconf 93' lang='lat'><strong><em>.·</em></strong></span> <span class='ocrx_word' id='word_1_39' title='bbox 1245 720 1318 776; x_wconf 89' lang='lat' dir='ltr'><strong><em>Tu</em></strong></span> <span class='ocrx_word' id='word_1_40' title='bbox 1344 738 1399 775; x_wconf 91' lang='lat' dir='ltr'><strong><em>es</em></strong></span> <span class='ocrx_word' id='word_1_41' title='bbox 1431 721 1669 777; x_wconf 87' lang='lat' dir='ltr'><strong><em>Christus</em></strong></span> <span class='ocrx_word' id='word_1_42' title='bbox 1705 719 1872 776; x_wconf 86' lang='lat' dir='ltr'><strong><em>Filius</em></strong></span> <span class='ocrx_word' id='word_1_43' title='bbox 1891 718 1989 775; x_wconf 88' lang='lat' dir='ltr'><strong><em>Dei</em></strong></span> 
     </span>
     <span class='ocr_line' id='line_1_7' title="bbox 113 818 1991 901; baseline -0.008 -14"><span class='ocrx_word' id='word_1_44' title='bbox 113 834 235 901; x_wconf 88' lang='lat' dir='ltr'><strong><em>vivi,</em></strong></span> <span class='ocrx_word' id='word_1_45' title='bbox 272 829 516 884; x_wconf 86' lang='lat' dir='ltr'><strong><em>Dominus</em></strong></span> <span class='ocrx_word' id='word_1_46' title='bbox 544 822 718 879; x_wconf 86' lang='lat' dir='ltr'><strong><em>intulit</em></strong></span> <span class='ocrx_word' id='word_1_47' title='bbox 744 820 917 875; x_wconf 88' lang='lat' dir='ltr'><strong><em>dicens</em></strong></span> <span class='ocrx_word' id='word_1_48' title='bbox 947 839 962 870; x_wconf 90' lang='lat'><strong><em>.·</em></strong></span> <span class='ocrx_word' id='word_1_49' title='bbox 986 819 1181 874; x_wconf 77' lang='lat' dir='ltr'><strong><em>Beatus</em></strong></span> <span class='ocrx_word' id='word_1_50' title='bbox 1216 836 1343 874; x_wconf 93' lang='lat' dir='ltr'><strong><em>es...</em></strong></span> <span class='ocrx_word' id='word_1_51' title='bbox 1373 826 1423 872; x_wconf 92' lang='lat' dir='ltr'><strong><em>et</em></strong></span> <span class='ocrx_word' id='word_1_52' title='bbox 1453 837 1545 890; x_wconf 70' lang='lat' dir='ltr'><strong><em>eqo</em></strong></span> <span class='ocrx_word' id='word_1_53' title='bbox 1586 820 1699 874; x_wconf 84' lang='lat' dir='ltr'><strong><em>dico</em></strong></span> <span class='ocrx_word' id='word_1_54' title='bbox 1745 819 1838 874; x_wconf 86' lang='lat' dir='ltr'><strong><em>tibi</em></strong></span> <span class='ocrx_word' id='word_1_55' title='bbox 1868 818 1991 889; x_wconf 88' lang='lat' dir='ltr'><strong><em>quia</em></strong></span> 
     </span>
     <span class='ocr_line' id='line_1_8' title="bbox 117 915 1995 991; baseline -0.007 -7"><span class='ocrx_word' id='word_1_56' title='bbox 117 938 172 984; x_wconf 85' lang='lat' dir='ltr'><strong><em>tu</em></strong></span> <span class='ocrx_word' id='word_1_57' title='bbox 213 943 266 983; x_wconf 89' lang='lat' dir='ltr'><strong><em>es</em></strong></span> <span class='ocrx_word' id='word_1_58' title='bbox 295 925 479 980; x_wconf 78' lang='lat' dir='ltr'><strong><em>Petrus</em></strong></span> <span class='ocrx_word' id='word_1_59' title='bbox 508 927 555 975; x_wconf 87' lang='lat' dir='ltr'><strong><em>et</em></strong></span> <span class='ocrx_word' id='word_1_60' title='bbox 575 935 733 991; x_wconf 79' lang='lat' dir='ltr'><strong><em>super</em></strong></span> <span class='ocrx_word' id='word_1_61' title='bbox 774 917 906 971; x_wconf 90' lang='lat' dir='ltr'><strong><em>hanc</em></strong></span> <span class='ocrx_word' id='word_1_62' title='bbox 947 924 1222 988; x_wconf 83' lang='lat' dir='ltr'><strong><em>petram...</em></strong></span> <span class='ocrx_word' id='word_1_63' title='bbox 1251 915 1422 986; x_wconf 80' lang='lat' dir='ltr'><strong><em>Super</em></strong></span> <span class='ocrx_word' id='word_1_64' title='bbox 1450 915 1581 969; x_wconf 81' lang='lat' dir='ltr'><strong><em>hanc</em></strong></span> <span class='ocrx_word' id='word_1_65' title='bbox 1612 917 1995 987; x_wconf 82' lang='lat' dir='ltr'><strong><em>confessionem</em></strong></span> 
     </span>
     <span class='ocr_line' id='line_1_9' title="bbox 115 1000 1994 1086; baseline -0.007 -6"><span class='ocrx_word' id='word_1_66' title='bbox 115 1024 356 1079; x_wconf 82' lang='lat' dir='ltr'><strong><em>roborata</em></strong></span> <span class='ocrx_word' id='word_1_67' title='bbox 379 1023 456 1073; x_wconf 88' lang='lat' dir='ltr'><strong><em>est</em></strong></span> <span class='ocrx_word' id='word_1_68' title='bbox 471 1013 706 1071; x_wconf 80' lang='lat' dir='ltr'><strong><em>Ecclesia</em></strong></span> <span class='ocrx_word' id='word_1_69' title='bbox 726 1013 823 1068; x_wconf 85' lang='lat' dir='ltr'><strong><em>Dei</em></strong></span> <span class='ocrx_word' id='word_1_70' title='bbox 851 1012 933 1086; x_wconf 81' lang='lat' dir='ltr'><strong><em>(in</em></strong></span> <span class='ocrx_word' id='word_1_71' title='bbox 948 1000 1239 1086; x_wconf 82' lang='lat' dir='ltr'><strong><em>Synodica,</em></strong></span> <span class='ocrx_word' id='word_1_72' title='bbox 1257 1011 1629 1066; x_wconf 87' lang='lat' dir='ltr'><strong><em>Conciliorum</em></strong></span> <span class='ocrx_word' id='word_1_73' title='bbox 1643 1010 1842 1082; x_wconf 84' lang='lat' dir='ltr'><strong><em>Lahhe,</em></strong></span> <span class='ocrx_word' id='word_1_74' title='bbox 1857 1012 1994 1068; x_wconf 84' lang='lat' dir='ltr'><strong><em>edit.</em></strong></span> 
     </span>
     <span class='ocr_line' id='line_1_10' title="bbox 115 1095 1045 1182; baseline -0.013 -7"><span class='ocrx_word' id='word_1_75' title='bbox 115 1121 317 1182; x_wconf 68' lang='lat' dir='ltr'><strong><em>Venet„</em></strong></span> <span class='ocrx_word' id='word_1_76' title='bbox 347 1095 740 1180; x_wconf 76' lang='lat' dir='ltr'><strong><em>t&#39;0m01v,001.</em></strong></span> <span class='ocrx_word' id='word_1_77' title='bbox 775 1110 818 1176; x_wconf 84' lang='lat'><strong><em>1,</em></strong></span> <span class='ocrx_word' id='word_1_78' title='bbox 850 1108 1045 1180; x_wconf 80' lang='lat'>1855).</span> 
     </span>
    </p>
   </div>
   <div class='ocr_carea' id='block_1_3' title="bbox 105 1217 2004 1778">
    <p class='ocr_par' dir='ltr' id='par_1_4' title="bbox 105 1217 2004 1778">
     <span class='ocr_line' id='line_1_11' title="bbox 183 1217 1998 1290; baseline -0.005 -11"><span class='ocrx_word' id='word_1_79' title='bbox 183 1225 550 1279; x_wconf 74' lang='lat' dir='ltr'><strong><em>TmzonoREwS.</em></strong></span> <span class='ocrx_word' id='word_1_80' title='bbox 573 1253 645 1262; x_wconf 92' lang='lat'><strong><em>--</em></strong></span> <span class='ocrx_word' id='word_1_81' title='bbox 671 1221 927 1276; x_wconf 83' lang='lat' dir='ltr'><strong><em>Dominus</em></strong></span> <span class='ocrx_word' id='word_1_82' title='bbox 962 1226 1138 1274; x_wconf 88' lang='lat' dir='ltr'><strong><em>noster</em></strong></span> <span class='ocrx_word' id='word_1_83' title='bbox 1174 1217 1530 1290; x_wconf 80' lang='lat' dir='ltr'><strong><em>apostolorum</em></strong></span> <span class='ocrx_word' id='word_1_84' title='bbox 1566 1217 1881 1288; x_wconf 81' lang='lat' dir='ltr'><strong><em>principem,</em></strong></span> <span class='ocrx_word' id='word_1_85' title='bbox 1914 1233 1998 1271; x_wconf 87' lang='lat' dir='ltr'><strong><em>cu-</em></strong></span> 
     </span>
     <span class='ocr_line' id='line_1_12' title="bbox 105 1314 2001 1395; baseline -0.005 -18"><span class='ocrx_word' id='word_1_86' title='bbox 105 1323 194 1395; x_wconf 77' lang='lat' dir='ltr'><strong><em>jus</em></strong></span> <span class='ocrx_word' id='word_1_87' title='bbox 215 1322 592 1393; x_wconf 80' lang='lat' dir='ltr'><strong><em>consessionem</em></strong></span> <span class='ocrx_word' id='word_1_88' title='bbox 626 1320 785 1374; x_wconf 89' lang='lat' dir='ltr'><strong><em>veluti</em></strong></span> <span class='ocrx_word' id='word_1_89' title='bbox 818 1319 980 1373; x_wconf 89' lang='lat' dir='ltr'><strong><em>basim</em></strong></span> <span class='ocrx_word' id='word_1_90' title='bbox 1011 1316 1294 1389; x_wconf 83' lang='lat' dir='ltr'><strong><em>quamdam</em></strong></span> <span class='ocrx_word' id='word_1_91' title='bbox 1321 1322 1370 1370; x_wconf 90' lang='lat' dir='ltr'><strong><em>et</em></strong></span> <span class='ocrx_word' id='word_1_92' title='bbox 1404 1314 2001 1386; x_wconf 79' lang='lat' dir='ltr'><strong><em>fundamentmnEccle-</em></strong></span> 
     </span>
     <span class='ocr_line' id='line_1_13' title="bbox 113 1410 2004 1490; baseline -0.006 -16"><span class='ocrx_word' id='word_1_93' title='bbox 113 1420 206 1474; x_wconf 76' lang='lat' dir='ltr'><strong><em>siae</em></strong></span> <span class='ocrx_word' id='word_1_94' title='bbox 230 1419 484 1489; x_wconf 74' lang='lat' dir='ltr'><strong><em>defixerat</em></strong></span> <span class='ocrx_word' id='word_1_95' title='bbox 522 1415 709 1490; x_wconf 77' lang='lat' dir='ltr'><strong><em>(epist.</em></strong></span> <span class='ocrx_word' id='word_1_96' title='bbox 740 1434 924 1484; x_wconf 76' lang='lat' dir='ltr'><strong><em>Lxxvn,</em></strong></span> <span class='ocrx_word' id='word_1_97' title='bbox 958 1415 1026 1470; x_wconf 82' lang='lat' dir='ltr'><strong><em>ad</em></strong></span> <span class='ocrx_word' id='word_1_98' title='bbox 1064 1412 1392 1485; x_wconf 79' lang='lat' dir='ltr'><strong><em>Eulalium).</em></strong></span> <span class='ocrx_word' id='word_1_99' title='bbox 1421 1411 1711 1466; x_wconf 78' lang='lat' dir='ltr'><strong><em>Audiamus</em></strong></span> <span class='ocrx_word' id='word_1_100' title='bbox 1743 1420 1790 1466; x_wconf 90' lang='lat' dir='ltr'><strong><em>et</em></strong></span> <span class='ocrx_word' id='word_1_101' title='bbox 1828 1410 2004 1466; x_wconf 87' lang='lat' dir='ltr'><strong><em>Chris-</em></strong></span> 
     </span>
     <span class='ocr_line' id='line_1_14' title="bbox 116 1509 2004 1595; baseline -0.004 -24"><span class='ocrx_word' id='word_1_102' title='bbox 116 1524 220 1572; x_wconf 88' lang='lat' dir='ltr'><strong><em>tum</em></strong></span> <span class='ocrx_word' id='word_1_103' title='bbox 261 1515 537 1570; x_wconf 86' lang='lat' dir='ltr'><strong><em>Dominum</em></strong></span> <span class='ocrx_word' id='word_1_104' title='bbox 583 1516 957 1595; x_wconf 68' lang='lat' dir='ltr'><strong><em>confessionem</em></strong></span> <span class='ocrx_word' id='word_1_105' title='bbox 1022 1513 1151 1565; x_wconf 78' lang='lat' dir='ltr'><strong><em>lianc</em></strong></span> <span class='ocrx_word' id='word_1_106' title='bbox 1194 1511 1592 1580; x_wconf 78' lang='lat' dir='ltr'><strong><em>confirmantem</em></strong></span> <span class='ocrx_word' id='word_1_107' title='bbox 1621 1529 1636 1560; x_wconf 85' lang='grc'><strong><em>.-</em></strong></span> <span class='ocrx_word' id='word_1_108' title='bbox 1674 1525 1829 1580; x_wconf 79' lang='lat' dir='ltr'><strong><em>super</em></strong></span> <span class='ocrx_word' id='word_1_109' title='bbox 1872 1509 2004 1563; x_wconf 88' lang='lat' dir='ltr'><strong><em>hanc</em></strong></span> 
     </span>
     <span class='ocr_line' id='line_1_15' title="bbox 118 1604 2002 1685; baseline -0.005 -18"><span class='ocrx_word' id='word_1_110' title='bbox 118 1615 249 1668; x_wconf 89' lang='lat' dir='ltr'><strong><em>enim</em></strong></span> <span class='ocrx_word' id='word_1_111' title='bbox 267 1621 491 1685; x_wconf 80' lang='lat' dir='ltr'><strong><em>petram,</em></strong></span> <span class='ocrx_word' id='word_1_112' title='bbox 509 1613 694 1682; x_wconf 85' lang='lat' dir='ltr'><strong><em>inquit,</em></strong></span> <span class='ocrx_word' id='word_1_113' title='bbox 726 1610 992 1680; x_wconf 56' lang='lat' dir='ltr'><strong><em>&amp;edificabo</em></strong></span> <span class='ocrx_word' id='word_1_114' title='bbox 1011 1608 1299 1663; x_wconf 79' lang='lat' dir='ltr'><strong><em>Ecclesiam</em></strong></span> <span class='ocrx_word' id='word_1_115' title='bbox 1320 1624 1487 1661; x_wconf 51' lang='lat' dir='ltr'><strong><em>‘meam</em></strong></span> <span class='ocrx_word' id='word_1_116' title='bbox 1507 1604 1766 1679; x_wconf 76' lang='lat' dir='ltr'><strong><em>(epistola</em></strong></span> <span class='ocrx_word' id='word_1_117' title='bbox 1789 1623 2002 1674; x_wconf 66' lang='lat' dir='ltr'><strong><em>cmxvu,</em></strong></span> 
     </span>
     <span class='ocr_line' id='line_1_16' title="bbox 122 1706 1221 1778; baseline -0.006 -13"><span class='ocrx_word' id='word_1_118' title='bbox 122 1709 190 1765; x_wconf 80' lang='lat' dir='ltr'><strong><em>ad</em></strong></span> <span class='ocrx_word' id='word_1_119' title='bbox 214 1709 474 1764; x_wconf 81' lang='lat' dir='ltr'><strong><em>Joannom</em></strong></span> <span class='ocrx_word' id='word_1_120' title='bbox 500 1706 910 1778; x_wconf 84' lang='lat' dir='ltr'><strong><em>OEconomum).</em></strong></span> <span class='ocrx_word' id='word_1_121' title='bbox 1205 1710 1221 1720; x_wconf 77' lang='grc'><em>”</em></span> 
     </span>
    </p>
   </div>
   <div class='ocr_carea' id='block_1_4' title="bbox 122 1810 2012 2084">
    <p class='ocr_par' dir='ltr' id='par_1_5' title="bbox 122 1810 2012 2084">
     <span class='ocr_line' id='line_1_17' title="bbox 193 1810 2012 1885; baseline -0.007 -11"><span class='ocrx_word' id='word_1_122' title='bbox 193 1818 408 1874; x_wconf 73' lang='lat' dir='ltr'>SANCTUS</span> <span class='ocrx_word' id='word_1_123' title='bbox 438 1818 625 1872; x_wconf 76' lang='lat' dir='ltr'><strong><em>PETRUS</em></strong></span> <span class='ocrx_word' id='word_1_124' title='bbox 656 1817 1017 1872; x_wconf 78' lang='lat' dir='ltr'><strong><em>CnRYsoLOGUS.</em></strong></span> <span class='ocrx_word' id='word_1_125' title='bbox 1051 1845 1119 1853; x_wconf 92' lang='lat'>—</span> <span class='ocrx_word' id='word_1_126' title='bbox 1155 1813 1343 1868; x_wconf 88' lang='lat' dir='ltr'><strong><em>Petrus</em></strong></span> <span class='ocrx_word' id='word_1_127' title='bbox 1378 1830 1410 1867; x_wconf 92' lang='lat' dir='ltr'><strong><em>a</em></strong></span> <span class='ocrx_word' id='word_1_128' title='bbox 1442 1818 1595 1885; x_wconf 83' lang='lat' dir='ltr'><strong><em>petra</em></strong></span> <span class='ocrx_word' id='word_1_129' title='bbox 1625 1827 1815 1864; x_wconf 87' lang='lat' dir='ltr'><strong><em>nomen</em></strong></span> <span class='ocrx_word' id='word_1_130' title='bbox 1856 1810 2012 1883; x_wconf 83' lang='lat' dir='ltr'><strong><em>adep-</em></strong></span> 
     </span>
     <span class='ocr_line' id='line_1_18' title="bbox 122 1908 2012 1988; baseline -0.005 -16"><span class='ocrx_word' id='word_1_131' title='bbox 122 1924 202 1973; x_wconf 90' lang='lat' dir='ltr'><strong><em>tus</em></strong></span> <span class='ocrx_word' id='word_1_132' title='bbox 244 1925 336 1986; x_wconf 90' lang='lat' dir='ltr'><strong><em>est,</em></strong></span> <span class='ocrx_word' id='word_1_133' title='bbox 373 1917 489 1987; x_wconf 80' lang='lat' dir='ltr'><strong><em>quia.</em></strong></span> <span class='ocrx_word' id='word_1_134' title='bbox 524 1916 725 1988; x_wconf 77' lang='lat' dir='ltr'><strong><em>primus</em></strong></span> <span class='ocrx_word' id='word_1_135' title='bbox 767 1914 957 1967; x_wconf 86' lang='lat' dir='ltr'><strong><em>meruit</em></strong></span> <span class='ocrx_word' id='word_1_136' title='bbox 984 1911 1271 1966; x_wconf 82' lang='lat' dir='ltr'><strong><em>Ecclesiam</em></strong></span> <span class='ocrx_word' id='word_1_137' title='bbox 1323 1911 1446 1981; x_wconf 78' lang='lat' dir='ltr'><strong><em>fidei</em></strong></span> <span class='ocrx_word' id='word_1_138' title='bbox 1488 1910 1741 1979; x_wconf 78' lang='lat' dir='ltr'><strong><em>firmitate</em></strong></span> <span class='ocrx_word' id='word_1_139' title='bbox 1785 1908 2012 1979; x_wconf 82' lang='lat' dir='ltr'><strong><em>fundare</em></strong></span> 
     </span>
     <span class='ocr_line' id='line_1_19' title="bbox 128 2008 1001 2084; baseline -0.007 -16"><span class='ocrx_word' id='word_1_140' title='bbox 128 2014 325 2084; x_wconf 79' lang='lat' dir='ltr'><strong><em>(sermo</em></strong></span> <span class='ocrx_word' id='word_1_141' title='bbox 359 2030 486 2083; x_wconf 74' lang='lat' dir='ltr'><strong><em>cuv,</em></strong></span> <span class='ocrx_word' id='word_1_142' title='bbox 516 2009 581 2066; x_wconf 84' lang='lat' dir='ltr'><strong><em>de</em></strong></span> <span class='ocrx_word' id='word_1_143' title='bbox 601 2010 652 2065; x_wconf 88' lang='lat' dir='ltr'><strong><em>S.</em></strong></span> <span class='ocrx_word' id='word_1_144' title='bbox 684 2008 1001 2083; x_wconf 73' lang='lat' dir='ltr'><strong><em>Stephano),</em></strong></span> 
     </span>
    </p>
   </div>
   <div class='ocr_carea' id='block_1_5' title="bbox 128 2116 2018 2583">
    <p class='ocr_par' dir='ltr' id='par_1_6' title="bbox 128 2116 2014 2383">
     <span class='ocr_line' id='line_1_20' title="bbox 197 2116 2010 2188; baseline -0.006 -9"><span class='ocrx_word' id='word_1_145' title='bbox 197 2124 410 2179; x_wconf 79' lang='lat' dir='ltr'>SANCTUS</span> <span class='ocrx_word' id='word_1_146' title='bbox 454 2123 676 2177; x_wconf 64' lang='lat' dir='ltr'><strong><em>MAxlnns</em></strong></span> <span class='ocrx_word' id='word_1_147' title='bbox 712 2120 1092 2177; x_wconf 84' lang='lat' dir='ltr'><strong><em>Taurinensis.</em></strong></span> <span class='ocrx_word' id='word_1_148' title='bbox 1116 2151 1184 2159; x_wconf 92' lang='lat'>—</span> <span class='ocrx_word' id='word_1_149' title='bbox 1213 2119 1374 2174; x_wconf 91' lang='lat' dir='ltr'><strong><em>Petra</em></strong></span> <span class='ocrx_word' id='word_1_150' title='bbox 1404 2118 1616 2186; x_wconf 84' lang='lat' dir='ltr'><strong><em>dicitur,</em></strong></span> <span class='ocrx_word' id='word_1_151' title='bbox 1653 2133 1713 2171; x_wconf 85' lang='lat' dir='ltr'><strong><em>eo</em></strong></span> <span class='ocrx_word' id='word_1_152' title='bbox 1742 2116 1884 2188; x_wconf 86' lang='lat' dir='ltr'><strong><em>quod</em></strong></span> <span class='ocrx_word' id='word_1_153' title='bbox 1902 2117 2010 2188; x_wconf 81' lang='lat' dir='ltr'><strong><em>pri-</em></strong></span> 
     </span>
     <span class='ocr_line' id='line_1_21' title="bbox 128 2211 2014 2286; baseline -0.005 -12"><span class='ocrx_word' id='word_1_154' title='bbox 128 2237 240 2274; x_wconf 90' lang='lat' dir='ltr'><strong><em>mus</em></strong></span> <span class='ocrx_word' id='word_1_155' title='bbox 263 2221 317 2271; x_wconf 89' lang='lat' dir='ltr'><strong><em>in</em></strong></span> <span class='ocrx_word' id='word_1_156' title='bbox 357 2219 648 2272; x_wconf 84' lang='lat' dir='ltr'><strong><em>nationibus</em></strong></span> <span class='ocrx_word' id='word_1_157' title='bbox 678 2218 798 2286; x_wconf 79' lang='lat' dir='ltr'><strong><em>lidei</em></strong></span> <span class='ocrx_word' id='word_1_158' title='bbox 828 2216 1173 2286; x_wconf 81' lang='lat' dir='ltr'><strong><em>fundamenta</em></strong></span> <span class='ocrx_word' id='word_1_159' title='bbox 1209 2215 1442 2284; x_wconf 80' lang='lat' dir='ltr'><strong><em>posuerit</em></strong></span> <span class='ocrx_word' id='word_1_160' title='bbox 1474 2214 1647 2283; x_wconf 86' lang='lat' dir='ltr'><strong><em>(hom.</em></strong></span> <span class='ocrx_word' id='word_1_161' title='bbox 1681 2230 1729 2266; x_wconf 88' lang='lat' dir='ltr'><strong><em>1v</em></strong></span> <span class='ocrx_word' id='word_1_162' title='bbox 1757 2211 1825 2266; x_wconf 85' lang='lat' dir='ltr'><strong><em>de</em></strong></span> <span class='ocrx_word' id='word_1_163' title='bbox 1858 2212 2014 2267; x_wconf 78' lang='lat' dir='ltr'><strong><em>Petro</em></strong></span> 
     </span>
     <span class='ocr_line' id='line_1_22' title="bbox 133 2310 420 2383; baseline -0.003 -19"><span class='ocrx_word' id='word_1_164' title='bbox 133 2310 420 2383; x_wconf 78' lang='lat' dir='ltr'><strong><em>apostolo).</em></strong></span> 
     </span>
    </p>

    <p class='ocr_par' dir='ltr' id='par_1_7' title="bbox 140 2408 2018 2583">
     <span class='ocr_line' id='line_1_23' title="bbox 211 2408 2017 2484; baseline -0.005 -13"><span class='ocrx_word' id='word_1_165' title='bbox 211 2417 468 2471; x_wconf 60' lang='lat' dir='ltr'><strong><em>Auomnms</em></strong></span> <span class='ocrx_word' id='word_1_166' title='bbox 497 2414 702 2469; x_wconf 81' lang='lat' dir='ltr'><strong><em>relatus</em></strong></span> <span class='ocrx_word' id='word_1_167' title='bbox 733 2413 789 2466; x_wconf 90' lang='lat' dir='ltr'><strong><em>in</em></strong></span> <span class='ocrx_word' id='word_1_168' title='bbox 815 2413 1013 2468; x_wconf 70' lang='lat' dir='ltr'><strong><em>Calena</em></strong></span> <span class='ocrx_word' id='word_1_169' title='bbox 1043 2411 1240 2467; x_wconf 76' lang='lat' dir='ltr'><strong><em>Nicetae</em></strong></span> <span class='ocrx_word' id='word_1_170' title='bbox 1271 2427 1438 2484; x_wconf 78' lang='lat' dir='ltr'><strong><em>super</em></strong></span> <span class='ocrx_word' id='word_1_171' title='bbox 1469 2410 1807 2466; x_wconf 77' lang='lat' dir='ltr'><strong><em>Matthaeum.</em></strong></span> <span class='ocrx_word' id='word_1_172' title='bbox 1827 2441 1902 2449; x_wconf 93' lang='grc'>-</span> <span class='ocrx_word' id='word_1_173' title='bbox 1922 2408 2017 2463; x_wconf 89' lang='lat' dir='ltr'><strong><em>Pe—</em></strong></span> 
     </span>
     <span class='ocr_line' id='line_1_24' title="bbox 140 2508 2018 2583; baseline -0.004 -15"><span class='ocrx_word' id='word_1_174' title='bbox 140 2522 274 2569; x_wconf 88' lang='lat' dir='ltr'><strong><em>tram</em></strong></span> <span class='ocrx_word' id='word_1_175' title='bbox 298 2514 418 2583; x_wconf 78' lang='lat' dir='ltr'><strong><em>lidei</em></strong></span> <span class='ocrx_word' id='word_1_176' title='bbox 445 2511 821 2581; x_wconf 85' lang='lat' dir='ltr'><strong><em>consessionem</em></strong></span> <span class='ocrx_word' id='word_1_177' title='bbox 854 2512 1073 2566; x_wconf 86' lang='lat' dir='ltr'><strong><em>vocavit.</em></strong></span> <span class='ocrx_word' id='word_1_178' title='bbox 1107 2508 1233 2565; x_wconf 85' lang='lat' dir='ltr'><strong><em>Cum</em></strong></span> <span class='ocrx_word' id='word_1_179' title='bbox 1262 2517 1433 2564; x_wconf 87' lang='lat' dir='ltr'><strong><em>autem</em></strong></span> <span class='ocrx_word' id='word_1_180' title='bbox 1464 2526 1619 2580; x_wconf 73' lang='lat' dir='ltr'><strong><em>super</em></strong></span> <span class='ocrx_word' id='word_1_181' title='bbox 1652 2508 1783 2562; x_wconf 86' lang='lat' dir='ltr'><strong><em>hanc</em></strong></span> <span class='ocrx_word' id='word_1_182' title='bbox 1811 2515 2018 2579; x_wconf 87' lang='lat' dir='ltr'><strong><em>petram</em></strong></span> 
     </span>
    </p>
   </div>
   <div class='ocr_carea' id='block_1_6' title="bbox 136 2604 2020 2757">
    <p class='ocr_par' dir='ltr' id='par_1_8' title="bbox 136 2604 2020 2757">
     <span class='ocr_line' id='line_1_25' title="bbox 136 2604 2020 2678; baseline -0.004 -15"><span class='ocrx_word' id='word_1_183' title='bbox 136 2609 390 2678; x_wconf 64' lang='lat' dir='ltr'><strong><em>aedificari</em></strong></span> <span class='ocrx_word' id='word_1_184' title='bbox 419 2609 713 2675; x_wconf 70' lang='lat' dir='ltr'><strong><em>mentiatur,</em></strong></span> <span class='ocrx_word' id='word_1_185' title='bbox 739 2607 859 2661; x_wconf 88' lang='lat' dir='ltr'><strong><em>inde</em></strong></span> <span class='ocrx_word' id='word_1_186' title='bbox 875 2606 1122 2674; x_wconf 81' lang='lat' dir='ltr'><strong><em>ostendit,</em></strong></span> <span class='ocrx_word' id='word_1_187' title='bbox 1151 2607 1332 2660; x_wconf 90' lang='lat' dir='ltr'><strong><em>multos</em></strong></span> <span class='ocrx_word' id='word_1_188' title='bbox 1355 2606 1467 2676; x_wconf 81' lang='lat' dir='ltr'><strong><em>jam</em></strong></span> <span class='ocrx_word' id='word_1_189' title='bbox 1488 2604 1692 2674; x_wconf 85' lang='lat' dir='ltr'><strong><em>futuros</em></strong></span> <span class='ocrx_word' id='word_1_190' title='bbox 1716 2605 1803 2675; x_wconf 86' lang='lat' dir='ltr'><strong><em>qui</em></strong></span> <span class='ocrx_word' id='word_1_191' title='bbox 1828 2605 1881 2658; x_wconf 89' lang='lat' dir='ltr'><strong><em>in</em></strong></span> <span class='ocrx_word' id='word_1_192' title='bbox 1903 2620 2020 2658; x_wconf 87' lang='lat' dir='ltr'><strong><em>eum</em></strong></span> 
     </span>
     <span class='ocr_line' id='line_1_26' title="bbox 137 2702 421 2757; baseline -0.007 0"><span class='ocrx_word' id='word_1_193' title='bbox 137 2702 421 2757; x_wconf 84' lang='lat' dir='ltr'><strong><em>crederent.</em></strong></span> 
     </span>
    </p>
   </div>
   <div class='ocr_carea' id='block_1_7' title="bbox 137 2807 2020 2979">
    <p class='ocr_par' dir='ltr' id='par_1_9' title="bbox 137 2807 2020 2979">
     <span class='ocr_line' id='line_1_27' title="bbox 208 2807 2020 2881; baseline -0.001 -16"><span class='ocrx_word' id='word_1_194' title='bbox 208 2809 485 2865; x_wconf 62' lang='lat' dir='ltr'><strong><em>Summus</em></strong></span> <span class='ocrx_word' id='word_1_195' title='bbox 527 2807 958 2865; x_wconf 55' lang='lat' dir='ltr'><strong><em>Cameracensis</em></strong></span> <span class='ocrx_word' id='word_1_196' title='bbox 991 2841 1066 2848; x_wconf 92' lang='lat'>—</span> <span class='ocrx_word' id='word_1_197' title='bbox 1096 2807 1169 2863; x_wconf 92' lang='lat' dir='ltr'><strong><em>Tu</em></strong></span> <span class='ocrx_word' id='word_1_198' title='bbox 1201 2810 1287 2880; x_wconf 83' lang='lat' dir='ltr'><strong><em>qui</em></strong></span> <span class='ocrx_word' id='word_1_199' title='bbox 1327 2809 1515 2863; x_wconf 88' lang='lat' dir='ltr'><strong><em>Petrus</em></strong></span> <span class='ocrx_word' id='word_1_200' title='bbox 1563 2811 1818 2876; x_wconf 72' lang='lat' dir='ltr'><strong><em>existens,</em></strong></span> <span class='ocrx_word' id='word_1_201' title='bbox 1864 2818 2020 2881; x_wconf 76' lang='lat' dir='ltr'><strong><em>petra</em></strong></span> 
     </span>
     <span class='ocr_line' id='line_1_28' title="bbox 137 2905 2019 2979; baseline 0.001 -19"><span class='ocrx_word' id='word_1_202' title='bbox 137 2907 228 2976; x_wconf 73' lang='lat' dir='ltr'><strong><em>ties</em></strong></span> <span class='ocrx_word' id='word_1_203' title='bbox 266 2907 385 2976; x_wconf 79' lang='lat' dir='ltr'><strong><em>fidei</em></strong></span> <span class='ocrx_word' id='word_1_204' title='bbox 430 2908 566 2962; x_wconf 78' lang='lat' dir='ltr'><strong><em>verbi</em></strong></span> <span class='ocrx_word' id='word_1_205' title='bbox 597 2916 644 2962; x_wconf 90' lang='lat' dir='ltr'><strong><em>et</em></strong></span> <span class='ocrx_word' id='word_1_206' title='bbox 687 2906 1066 2962; x_wconf 72' lang='lat' dir='ltr'><strong><em>constituendae</em></strong></span> <span class='ocrx_word' id='word_1_207' title='bbox 1110 2905 1347 2961; x_wconf 69' lang='lat' dir='ltr'><strong><em>Ecclesiae</em></strong></span> <span class='ocrx_word' id='word_1_208' title='bbox 1387 2907 1860 2979; x_wconf 80' lang='lat' dir='ltr'><strong><em>fundamentum...</em></strong></span> <span class='ocrx_word' id='word_1_209' title='bbox 1924 2907 2019 2963; x_wconf 85' lang='lat' dir='ltr'><strong><em>hac</em></strong></span> 
     </span>
    </p>
   </div>
   <div class='ocr_carea' id='block_1_8' title="bbox 139 3002 2019 3174">
    <p class='ocr_par' dir='ltr' id='par_1_10' title="bbox 139 3002 2019 3174">
     <span class='ocr_line' id='line_1_29' title="bbox 139 3002 2019 3077; baseline 0 -22"><span class='ocrx_word' id='word_1_210' title='bbox 139 3002 252 3055; x_wconf 85' lang='lat' dir='ltr'><strong><em>basi</em></strong></span> <span class='ocrx_word' id='word_1_211' title='bbox 282 3006 622 3075; x_wconf 85' lang='lat' dir='ltr'><strong><em>superposita,</em></strong></span> <span class='ocrx_word' id='word_1_212' title='bbox 650 3003 851 3074; x_wconf 84' lang='lat' dir='ltr'><strong><em>reliqua</em></strong></span> <span class='ocrx_word' id='word_1_213' title='bbox 895 3004 1051 3058; x_wconf 83' lang='lat' dir='ltr'><strong><em>etiam</em></strong></span> <span class='ocrx_word' id='word_1_214' title='bbox 1087 3003 1358 3074; x_wconf 65' lang='lat' dir='ltr'><strong><em>dogmata,</em></strong></span> <span class='ocrx_word' id='word_1_215' title='bbox 1387 3012 1533 3077; x_wconf 81' lang='lat' dir='ltr'><strong><em>put0‚</em></strong></span> <span class='ocrx_word' id='word_1_216' title='bbox 1589 3011 2019 3077; x_wconf 73' lang='lat' dir='ltr'><strong><em>su1.›erstruentur</em></strong></span> 
     </span>
     <span class='ocr_line' id='line_1_30' title="bbox 143 3095 1560 3174; baseline 0.002 -23"><span class='ocrx_word' id='word_1_217' title='bbox 143 3095 223 3167; x_wconf 88' lang='lat' dir='ltr'><strong><em>(in</em></strong></span> <span class='ocrx_word' id='word_1_218' title='bbox 252 3097 339 3152; x_wconf 86' lang='lat' dir='ltr'><strong><em>die</em></strong></span> <span class='ocrx_word' id='word_1_219' title='bbox 361 3097 447 3152; x_wconf 89' lang='lat' dir='ltr'><strong><em>SS.</em></strong></span> <span class='ocrx_word' id='word_1_220' title='bbox 478 3098 619 3155; x_wconf 82' lang='lat' dir='ltr'><strong><em>Petri</em></strong></span> <span class='ocrx_word' id='word_1_221' title='bbox 646 3106 698 3156; x_wconf 82' lang='lat' dir='ltr'><strong><em>et</em></strong></span> <span class='ocrx_word' id='word_1_222' title='bbox 725 3098 900 3168; x_wconf 82' lang='lat' dir='ltr'><strong><em>Pauli,</em></strong></span> <span class='ocrx_word' id='word_1_223' title='bbox 936 3099 1084 3174; x_wconf 80' lang='lat' dir='ltr'><strong><em>apud</em></strong></span> <span class='ocrx_word' id='word_1_224' title='bbox 1119 3100 1560 3173; x_wconf 75' lang='lat' dir='ltr'><strong><em>Comhefisium).</em></strong></span> 
     </span>
    </p>
   </div>
   <div class='ocr_carea' id='block_1_9' title="bbox 132 3204 2024 3686">
    <p class='ocr_par' dir='ltr' id='par_1_11' title="bbox 135 3204 2021 3479">
     <span class='ocr_line' id='line_1_31' title="bbox 213 3204 2021 3265; baseline 0.001 -4"><span class='ocrx_word' id='word_1_225' title='bbox 213 3204 266 3261; x_wconf 85' lang='lat' dir='ltr'><strong><em>S.</em></strong></span> <span class='ocrx_word' id='word_1_226' title='bbox 292 3205 503 3261; x_wconf 76' lang='lat' dir='ltr'><strong><em>Ismonns</em></strong></span> <span class='ocrx_word' id='word_1_227' title='bbox 518 3207 847 3264; x_wconf 65' lang='lat' dir='ltr'><strong><em>Htsmnssusffi.</em></strong></span> <span class='ocrx_word' id='word_1_228' title='bbox 865 3209 1164 3265; x_wconf 76' lang='lat' dir='ltr'><strong><em>—Dixerat</em></strong></span> <span class='ocrx_word' id='word_1_229' title='bbox 1179 3210 1370 3265; x_wconf 89' lang='lat' dir='ltr'><strong><em>Petrus</em></strong></span> <span class='ocrx_word' id='word_1_230' title='bbox 1393 3229 1403 3262; x_wconf 90' lang='lat'>:</span> <span class='ocrx_word' id='word_1_231' title='bbox 1431 3209 1505 3264; x_wconf 91' lang='lat' dir='ltr'><strong><em>Tu</em></strong></span> <span class='ocrx_word' id='word_1_232' title='bbox 1523 3226 1576 3262; x_wconf 89' lang='lat' dir='ltr'><strong><em>es</em></strong></span> <span class='ocrx_word' id='word_1_233' title='bbox 1600 3207 1838 3264; x_wconf 83' lang='lat' dir='ltr'><strong><em>Christus</em></strong></span> <span class='ocrx_word' id='word_1_234' title='bbox 1853 3206 2021 3263; x_wconf 88' lang='lat' dir='ltr'><strong><em>Filius</em></strong></span> 
     </span>
     <span class='ocr_line' id='line_1_32' title="bbox 135 3302 2020 3382; baseline 0.003 -24"><span class='ocrx_word' id='word_1_235' title='bbox 135 3302 235 3359; x_wconf 90' lang='lat' dir='ltr'><strong><em>Dei</em></strong></span> <span class='ocrx_word' id='word_1_236' title='bbox 258 3306 376 3361; x_wconf 88' lang='lat' dir='ltr'><strong><em>vivi.</em></strong></span> <span class='ocrx_word' id='word_1_237' title='bbox 398 3305 595 3361; x_wconf 85' lang='lat' dir='ltr'><strong><em>Deinde</em></strong></span> <span class='ocrx_word' id='word_1_238' title='bbox 615 3309 662 3363; x_wconf 89' lang='lat' dir='ltr'><strong><em>ei</em></strong></span> <span class='ocrx_word' id='word_1_239' title='bbox 690 3307 937 3364; x_wconf 84' lang='lat' dir='ltr'><strong><em>Dominus</em></strong></span> <span class='ocrx_word' id='word_1_240' title='bbox 962 3328 977 3359; x_wconf 92' lang='lat'><strong><em>.·</em></strong></span> <span class='ocrx_word' id='word_1_241' title='bbox 1001 3307 1171 3382; x_wconf 79' lang='lat' dir='ltr'><strong><em>Super</em></strong></span> <span class='ocrx_word' id='word_1_242' title='bbox 1195 3308 1327 3363; x_wconf 89' lang='lat' dir='ltr'><strong><em>hanc</em></strong></span> <span class='ocrx_word' id='word_1_243' title='bbox 1345 3315 1553 3381; x_wconf 81' lang='lat' dir='ltr'><strong><em>petram</em></strong></span> <span class='ocrx_word' id='word_1_244' title='bbox 1578 3324 1731 3378; x_wconf 84' lang='lat' dir='ltr'><strong><em>quam</em></strong></span> <span class='ocrx_word' id='word_1_245' title='bbox 1751 3307 2020 3378; x_wconf 83' lang='lat' dir='ltr'><strong><em>confessus</em></strong></span> 
     </span>
     <span class='ocr_line' id='line_1_33' title="bbox 140 3403 1938 3479; baseline 0.003 -24"><span class='ocrx_word' id='word_1_246' title='bbox 140 3417 216 3471; x_wconf 91' lang='lat' dir='ltr'><strong><em>es,</em></strong></span> <span class='ocrx_word' id='word_1_247' title='bbox 246 3403 507 3475; x_wconf 81' lang='lat' dir='ltr'><strong><em>aedificabo</em></strong></span> <span class='ocrx_word' id='word_1_248' title='bbox 534 3405 815 3462; x_wconf 88' lang='lat' dir='ltr'><strong><em>Ecclesiam</em></strong></span> <span class='ocrx_word' id='word_1_249' title='bbox 851 3423 1020 3462; x_wconf 89' lang='lat' dir='ltr'><strong><em>meam</em></strong></span> <span class='ocrx_word' id='word_1_250' title='bbox 1052 3405 1217 3479; x_wconf 87' lang='lat' dir='ltr'><strong><em>(libro</em></strong></span> <span class='ocrx_word' id='word_1_251' title='bbox 1242 3405 1328 3458; x_wconf 88' lang='lat' dir='ltr'><strong><em>VII</em></strong></span> <span class='ocrx_word' id='word_1_252' title='bbox 1354 3404 1667 3477; x_wconf 85' lang='lat' dir='ltr'><strong><em>Originum,</em></strong></span> <span class='ocrx_word' id='word_1_253' title='bbox 1695 3422 1819 3479; x_wconf 81' lang='lat' dir='ltr'><strong><em>cap.</em></strong></span> <span class='ocrx_word' id='word_1_254' title='bbox 1843 3405 1938 3478; x_wconf 60' lang='grc' dir='ltr'><strong>ιχ).</strong></span> 
     </span>
    </p>

    <p class='ocr_par' dir='ltr' id='par_1_12' title="bbox 132 3509 2024 3686">
     <span class='ocr_line' id='line_1_34' title="bbox 213 3509 2017 3587; baseline 0.004 -22"><span class='ocrx_word' id='word_1_255' title='bbox 213 3509 266 3566; x_wconf 88' lang='lat' dir='ltr'><strong><em>S.</em></strong></span> <span class='ocrx_word' id='word_1_256' title='bbox 295 3510 506 3568; x_wconf 69' lang='lat' dir='ltr'><strong><em>Jomnsss</em></strong></span> <span class='ocrx_word' id='word_1_257' title='bbox 534 3513 871 3571; x_wconf 62' lang='lat' dir='ltr'><strong><em>Dsmscmus‘.</em></strong></span> <span class='ocrx_word' id='word_1_258' title='bbox 898 3547 966 3556; x_wconf 89' lang='lat'>—</span> <span class='ocrx_word' id='word_1_259' title='bbox 988 3514 1111 3570; x_wconf 81' lang='lat' dir='ltr'><strong><em>Haec</em></strong></span> <span class='ocrx_word' id='word_1_260' title='bbox 1133 3522 1210 3568; x_wconf 91' lang='lat' dir='ltr'><strong><em>est</em></strong></span> <span class='ocrx_word' id='word_1_261' title='bbox 1230 3516 1385 3583; x_wconf 71' lang='lat' dir='ltr'><strong><em>firma</em></strong></span> <span class='ocrx_word' id='word_1_262' title='bbox 1419 3513 1513 3569; x_wconf 86' lang='lat' dir='ltr'><strong><em>illa</em></strong></span> <span class='ocrx_word' id='word_1_263' title='bbox 1540 3522 1591 3570; x_wconf 91' lang='lat' dir='ltr'><strong><em>et</em></strong></span> <span class='ocrx_word' id='word_1_264' title='bbox 1623 3516 1837 3571; x_wconf 85' lang='lat' dir='ltr'><strong><em>immota</em></strong></span> <span class='ocrx_word' id='word_1_265' title='bbox 1862 3517 2017 3587; x_wconf 74' lang='lat' dir='ltr'><strong><em>fideS,</em></strong></span> 
     </span>
     <span class='ocr_line' id='line_1_35' title="bbox 132 3610 2024 3686; baseline 0.006 -27"><span class='ocrx_word' id='word_1_266' title='bbox 132 3623 301 3679; x_wconf 73' lang='lat' dir='ltr'><strong><em>supra</em></strong></span> <span class='ocrx_word' id='word_1_267' title='bbox 347 3627 498 3682; x_wconf 86' lang='lat' dir='ltr'><strong><em>quam</em></strong></span> <span class='ocrx_word' id='word_1_268' title='bbox 537 3618 783 3686; x_wconf 86' lang='lat' dir='ltr'><strong><em>tanquam</em></strong></span> <span class='ocrx_word' id='word_1_269' title='bbox 817 3619 1027 3685; x_wconf 81' lang='lat' dir='ltr'><strong><em>petram</em></strong></span> <span class='ocrx_word' id='word_1_270' title='bbox 1064 3610 1295 3666; x_wconf 86' lang='lat' dir='ltr'><strong><em>Ecclesia</em></strong></span> <span class='ocrx_word' id='word_1_271' title='bbox 1330 3612 1553 3681; x_wconf 81' lang='lat' dir='ltr'><strong><em>fundata</em></strong></span> <span class='ocrx_word' id='word_1_272' title='bbox 1604 3622 1678 3669; x_wconf 90' lang='lat' dir='ltr'><strong><em>est</em></strong></span> <span class='ocrx_word' id='word_1_273' title='bbox 1719 3613 1919 3685; x_wconf 81' lang='lat' dir='ltr'><strong><em>(oratio</em></strong></span> <span class='ocrx_word' id='word_1_274' title='bbox 1956 3614 2024 3671; x_wconf 86' lang='grc'><strong><em>(16</em></strong></span> 
     </span>
    </p>
   </div>
  </div>
 </body>
</html>
