2262 3990
855 178 980 227 PARS
1008 176 1204 225 TERTIA.
1796 184 1799 187 '
1876 171 1965 221 565

97 291 278 368 quoad
317 290 479 349 tidem
501 288 792 347 convenire
821 293 1098 354 tenentum
1132 301 1263 359 ergo
1296 287 1549 341 centrum
1581 271 1812 341 unitatis
1836 281 1964 339 fidei

99 403 448 463 nequaquam
472 388 612 445 foret
630 386 910 443 Romanus
934 382 1202 454 Pontifex,
1221 381 1318 440 sed
1339 381 1964 458 concilium-sine-Papa.

99 487 306 544 Pariter
329 485 508 560 quoad
531 486 679 559 leges
704 482 1011 559 disciplinae
1033 487 1085 539 et
1103 481 1427 556 judicialem
1462 485 1812 557 potestatem,
1836 479 1969 536 tide-

101 585 182 642 les
223 601 413 641 omnes
444 588 707 640 tenentur
739 599 860 638 sese
898 579 1174 653 subjicere
1215 585 1266 636 et
1305 578 1689 655 obtemperare
1726 595 1977 653 supremae

102 680 438 746 auctoritati,
459 681 639 754 quoad
658 677 1008 753 disciplinam
1031 682 1085 733 et
1097 674 1326 750 judicia;
1356 695 1466 734 non
1487 684 1672 753 autem
1691 675 1770 734 eis
1787 676 1978 734 liceret

106 775 482 847 inferiorihulli
524 772 834 831 auctoritati
874 790 994 829 sese
1033 771 1327 844 subjicere,
1370 773 1416 827 si
1457 774 1570 829 haec
1600 774 1982 831 adversaretur

105 892 377 949 supremas.
405 872 551 928 Talis
587 877 771 928 autem
798 887 1042 943 suprema
1069 868 1388 933 auctoritaS,
1430 888 1492 925 cx
1536 871 1979 928 adversariorum

110 970 422 1047 hypothesi,
443 975 634 1038 staret,
658 985 764 1024 non
784 985 950 1042 penes
969 966 1193 1041 Papam,
1214 966 1308 1023 sed
1326 985 1492 1041 penes
1511 969 1981 1028 concilium-sinc-

109 1069 266 1144 Papa.
297 1068 469 1142 Igitur
494 1066 685 1124 fideles
719 1083 910 1122 omnes
950 1064 1007 1120 in
1047 1064 1281 1121 materia
1314 1064 1623 1139 disciplinae
1662 1074 1716 1123 et
1746 1068 1983 1142 judicio-

112 1185 260 1237 rum,
293 1165 516 1222 subesse
540 1170 880 1231 tenerentur,
910 1181 1022 1218 non
1042 1163 1289 1218 Romano
1312 1162 1574 1234 Pontifici,
1602 1163 1697 1219 sed
1725 1165 1987 1221 coneilio-

116 1264 418 1339 sine—Papa.
451 1264 616 1319 Porro
634 1264 846 1319 unitatis
869 1263 1133 1334 reyiminis
1160 1270 1388 1317 centrum
1415 1260 1508 1317 ille
1542 1266 1644 1331 est,
1678 1261 1768 1317 cui
1795 1280 1988 1319 omnes

120 1362 348 1435 obsequi
374 1366 636 1418 tenentur
664 1359 840 1433 quoad
861 1360 1010 1433 leges
1037 1365 1085 1415 et
1105 1357 1334 1432 judieia;
1366 1376 1492 1431 ergo
1509 1358 1740 1415 unitatis
1766 1360 1989 1433 regimi-

123 1457 208 1515 nis
249 1453 496 1514 centrum
530 1458 688 1528 foret,
720 1475 831 1513 non
862 1457 1026 1531 Papa,
1059 1455 1154 1511 sed
1188 1454 1814 1529 concilium-sine-Papa.
1844 1456 1994 1513 Unde

125 1574 312 1612 revera
354 1555 643 1611 manifeste
678 1554 783 1611 sihi
826 1553 1211 1610 contradicunt
1248 1553 1509 1608 Gallicani
1556 1552 1820 1626 theologi,
1858 1554 1991 1609 dum

123 1654 428 1709 Romanum
462 1653 774 1709 Pontificem
811 1652 1142 1708 confitentur
1187 1653 1340 1706 totius
1380 1653 1592 1707 unitatis
1639 1660 1890 1722 centrum,
1942 1658 1993 1706 et

122 1751 289 1806 simul
322 1751 375 1806 in
415 1750 645 1807 concilio
684 1755 936 1807 statuunt
982 1767 1275 1823 supremam
1297 1749 1709 1819 auctoritatem,
1749 1748 1838 1803 cui
1876 1748 1994 1822 ipse

121 1846 285 1902 etiam
309 1848 450 1922 Papa
493 1848 716 1904 subesse
745 1852 1015 1903 teneatur.
1053 1847 1223 1910 Quam
1265 1844 1759 1900 contradictionem
1795 1845 1992 1900 merito

120 1944 278 2019 ipsis,
306 1948 389 2002 vel
414 1945 570 2002 malae
596 1944 741 2014 fidei,
771 1944 854 2000 vel
880 1942 1169 1998 stoliditati
1198 1947 1420 1998 vertunt
1443 1942 1798 1998 haeterodoxi.
1829 1942 1994 2016 Equi—

120 2041 242 2097 dem
271 2041 375 2116 ipsi
399 2059 617 2114 quoque
643 2045 1010 2115 protestantes
1037 2056 1353 2113 supremam
1386 2038 1774 2094 auctoritatem
1802 2045 1853 2095 ct
1880 2058 1994 2095 cre-

121 2137 286 2194 dendi
312 2139 557 2212 regulam
587 2137 811 2193 aliunde
838 2143 1094 2211 repetunt
1119 2155 1286 2209 quam
1310 2155 1337 2191 a
1365 2137 1610 2192 Romano
1633 2137 1910 2204 Pontifice3
1944 2143 1995 2193 at

124 2233 290 2289 simul
317 2241 514 2306 negant
545 2253 669 2290 cum
697 2252 818 2290 csse
843 2233 1072 2289 unitatis
1102 2239 1378 2288 centrum.

199 2331 258 2386 11.
292 2330 446 2394 Quod
476 2331 722 2387 Christus
750 2330 1011 2386 Dominus
1035 2330 1267 2385 Romani
1300 2330 1575 2386 Pontitieis
1601 2330 1904 2405 primatum
1936 2353 1997 2390 eo

125 2430 232 2486 fine
258 2429 557 2487 instituerit
588 2438 641 2485 ut
675 2433 721 2486 in
765 2429 999 2486 Ecclesia
1032 2431 1203 2485 unitas
1238 2438 1557 2499 servaretur,
1598 2431 1702 2486 fuit
1741 2440 1997 2490 constans

129 2534 347 2602 patrum
386 2528 628 2597 traditio,
670 2547 733 2583 ac
779 2527 1085 2582 indubitata
1130 2526 1529 2582 catholicorum
1569 2527 1822 2583 omnium
1877 2549 1997 2604 per-

128 2626 331 2690 suasi03
381 2625 547 2698 idque
594 2625 696 2699 ipsi
739 2625 905 2681 etiam
945 2625 1206 2682 Gallicani
1250 2625 1489 2698 theologi
1535 2645 1632 2700 pro
1676 2627 2000 2687 inconcusso

129 2722 329 2779 habent
357 2730 408 2779 et
434 2723 772 2779 unanimiter
801 2722 1152 2779 confitentur.
1197 2722 1266 2776 De
1298 2741 1405 2796 quo
1438 2722 1559 2778 vide
1591 2724 1826 2780 adducta
1850 2727 2000 2782 testi-

132 2819 316 2875 monia
345 2821 602 2894 superius
629 2823 804 2895 (parte
830 2822 870 2893 I,
901 2821 1142 2878 sectione
1176 2821 1257 2890 lV,
1298 2821 1474 2895 capite
1502 2822 1595 2891 ιιι).
1630 2823 1792 2878 Porro
1823 2824 2003 2879 Chris-

135 2922 244 2986 tuS,
273 2917 419 2973 hunc
454 2918 617 2974 finem
643 2918 748 2974 sihi
779 2938 1111 2993 propone11S‚
1146 2937 1255 2975 non
1287 2919 1467 2993 potuit
1494 2920 1695 2992 Papam
1715 2921 2002 2994 'subjicere

133 3011 690 3088 concilio-sine-Papa,
728 3015 821 3070 scd
846 3015 1034 3071 debuit
1067 3021 1289 3071 econtra
1315 3016 1559 3070 Romano
1595 3017 1842 3072 Pontifici
1878 3037 2004 3074 auc-

134 3109 411 3165 toritatem
436 3108 677 3165 tribuere
708 3110 764 3164 in
795 3128 1007 3181 omnes,
1043 3130 1102 3167 ac
1132 3112 1188 3166 in
1218 3112 1333 3186 ipsa
1362 3111 1528 3168 etiam
1557 3113 1834 3184 generalia
1860 3134 2005 3188 quae-

136 3206 267 3263 libet
289 3205 540 3262 concilia.
567 3206 744 3262 Posito
770 3206 918 3262 enim
945 3207 1091 3280 quod
1117 3209 1258 3282 Papa
1286 3227 1603 3282 supremam
1627 3211 2002 3269 auctoritatem

138 3322 246 3358 non
269 3302 482 3375 haheat,
510 3301 603 3358 sed
625 3320 685 3358 ea
716 3301 958 3377 potiatur
981 3302 1614 3378 concilium-sine-Papa,
1638 3305 1753 3379 jam
1787 3306 2002 3364 inutilis

139 3407 218 3458 est
245 3400 516 3476 primatus
553 3400 706 3474 Papa}
742 3399 808 3455 ad
831 3398 1244 3474 producendam
1280 3406 1334 3456 et
1371 3399 1718 3460 retinendam
1757 3404 2002 3464 fidelium

141 3507 193 3557 et
222 3498 579 3556 ecclesiarum
619 3497 869 3554 omnium
907 3497 1195 3565 unitatem3
1226 3497 1500 3573 siquidem
1531 3519 1643 3557 non
1668 3504 2007 3564 tenebuntur

140 3595 301 3654 varia}
323 3595 574 3653 Eeclesiae
609 3594 771 3652 tidem
798 3594 1038 3668 profiteri
1068 3612 1235 3666 quam
1269 3595 1458 3652 definit
1489 3603 1541 3654 et
1566 3600 2005 3675 amplectendam
