2306 4010
853 226 981 274 PARS
1010 225 1250 275 SECUNDA.
1905 221 2013 269 149-

44 341 50 345 ’
118 332 485 401 bitrabantur,
523 331 570 389 si
611 350 807 389 eorum
855 340 1104 391 tenorem
1143 332 1210 388 ad
1239 327 1655 388 confundendos
1703 327 1990 397 haereticos

114 428 394 485 memoriae
438 430 922 496 commendarent;
975 430 1354 501 docebantque
1394 427 1627 500 insuper
1676 425 1845 500 (quod
1895 443 1990 482 vos

114 525 356 582 maxime
374 525 815 583 animadvertere
831 531 1066 602 oportet)
1086 525 1318 581 Romani
1338 523 1614 580 Pontificis
1635 522 1988 580 definitiones

112 638 220 676 non
269 639 333 676 ex
370 621 619 696 ipsorum
648 621 754 677 fide
779 620 1183 693 dijudicandaS,
1213 619 1307 677 sed
1333 619 1518 694 potius
1549 637 1710 674 suam
1737 619 1871 674 adeo
1896 618 1989 673 fir-

113 735 258 772 mam
300 724 589 790 ratamque
629 717 1017 790 agnoscebant,
1053 715 1203 787 quod
1248 714 1558 772 definitioni
1585 715 1814 771 Romani
1846 715 1986 770 Pon-

109 811 270 866 tificis
309 810 662 866 consentiret.
701 809 911 865 Audite
952 809 1078 865 illos
1112 815 1302 864 sancto
1335 809 1498 865 Leoni
1535 810 1611 866 ita
1644 811 1981 868 subdentes:

106 907 389 976 Doctrinae,
413 916 531 981 post
558 907 743 975 Deum,
773 914 962 961 vestrae
990 901 1138 961 debet
1165 908 1372 978 quisque
1399 906 1571 978 fidelis
1597 908 1887 979 adhaerere,
1930 919 1988 966 ut

106 1011 399 1060 constanter
426 984 761 1075 teneat'quocl
787 1004 1028 1060 credebat
1052 1024 1067 1055 .-
1098 1003 1246 1058 debet
1266 1004 1422 1057 etiam
1446 1003 1699 1074 infidelis,
1728 1012 1785 1058 ut
1806 1023 1838 1059 a
1867 1025 1987 1078 per-

103 1101 230 1173 fidia
262 1119 377 1170 sua,
423 1103 598 1173 equita
646 1103 878 1169 veritate,
918 1100 1171 1169 discedat,
1218 1108 1263 1155 e!
1302 1100 1603 1172 apostolieae
1648 1103 1984 1157 institutionis

105 1197 216 1253 luce
235 1200 503 1271 perfusm,
533 1201 731 1265 erroris
758 1200 839 1253 sui
867 1200 1105 1253 tenebras
1133 1198 1533 1270 derelinquat...
1565 1198 1752 1270 Neque
1778 1216 1872 1254 vos
1904 1199 1984 1272 ip-

103 1315 213 1367 sos,
245 1297 586 1354 venerabiles
611 1297 831 1368 tratreS,
861 1298 1124 1371 praeclara
1162 1302 1343 1352 vestra
1372 1304 1467 1353 aut
1493 1297 1791 1352 Sacrarum
1817 1297 1982 1354 Litte-

103 1410 290 1448 rarum
319 1394 532 1467 peritia‚
573 1400 667 1449 aut
711 1394 766 1448 in
793 1393 1093 1449 evellendis
1127 1393 1328 1467 priscis
1369 1393 1625 1448 Ecclesiae
1651 1411 1981 1448 monumen-

105 1488 174 1544 tis
217 1489 463 1545 studium
504 1507 567 1544 ac
619 1489 904 1563 diligentia
938 1489 1195 1561 ignorare
1238 1490 1448 1563 patitur
1488 1489 1634 1562 quod
1664 1499 1849 1546 cuncta
1884 1509 1984 1562 per

104 1589 344 1643 mundum
378 1591 519 1643 novit
542 1589 791 1658 Ecclesia,
831 1589 977 1660 quod
1008 1588 1277 1643 nimirum
1309 1588 1469 1644 Sedes
1495 1589 1628 1643 beati
1654 1589 1797 1643 Petri
1825 1607 1979 1661 apos-

106 1685 198 1740 toli
222 1687 282 1742 de
302 1689 441 1741 omni
464 1686 698 1742 Ecclesia
727 1690 809 1759 sas
833 1688 1012 1741 habeat
1034 1687 1328 1757 judicandi,
1359 1704 1524 1757 neque
1557 1687 1797 1757 cuiquam
1827 1687 1978 1741 licea!

105 1781 167 1836 cle
196 1784 296 1854 ejus
320 1784 561 1854 judicare
583 1786 804 1856 judicio.
841 1784 1084 1839 Profecto
1115 1784 1158 1838 si
1181 1784 1265 1839 vel
1291 1783 1470 1857 ipsam
1502 1783 1815 1856 apostolicae
1849 1801 1975 1839 nos-

101 1885 197 1934 trae
229 1881 636 1936 constitutionis
675 1881 981 1936 sormam...
1010 1881 1308 1946 observare
1348 1880 1667 1954 placuisset,
1708 1899 1815 1952 qua
1861 1899 1975 1935 om-

47 2007 54 2012 ·
102 1975 262 2031 nibus
287 1977 723 2051 Archiepiscopis
751 1984 802 2034 et
826 1977 1106 2053 Episcopis
1133 1977 1548 2033 constitutionis
1582 1977 1830 2050 ejusdem
1856 1996 1977 2033 exe-

101 2073 375 2128 cutionem
424 2080 475 2128 et
528 2075 930 2130 observantiam
980 2074 1250 2147 integram
1296 2075 1625 2130 auctoritate
1673 2075 1973 2149 apostolica

99 2170 494 2241 praecipimuS„
525 2171 923 2234 committimus
947 2179 999 2226 et
1027 2171 1380 2247 mandamus,
1406 2172 1624 2227 edoceri
1645 2174 1727 2229 vel
1747 2191 1809 2228 ea
1838 2174 1974 2229 satis

102 2252 381 2335 poteratiS,
412 2283 511 2319 nos
533 2265 590 2318 in
621 2266 717 2320 hac
741 2267 930 2320 eadem
956 2285 1120 2321 causa
1140 2285 1250 2321 non
1279 2275 1527 2322 vestrum
1555 2271 1853 2325 consilium
1882 2289 1972 2325 ex·

104 2374 345 2428 poscere,
374 2375 482 2412 non
505 2375 693 2429 rogare
723 2360 1008 2431 sutfragia,
1039 2378 1152 2414 non
1176 2369 1463 2434 expectare
1492 2364 1851 2430 sententiam,
1878 2366 1973 2419 sed

75 2447 464 2507 'obedientiam
493 2453 796 2525 injungere,
828 2473 995 2527 quam
1038 2456 1194 2512 beato
1228 2457 1383 2512 Petro
1417 2459 1794 2531 apostolorum
1819 2461 1970 2534 prin-

95 2547 227 2619 cipi,
254 2556 564 2621 sanctaeque
584 2550 837 2606 Romanae
872 2552 1121 2609 Ecclesiae
1148 2571 1209 2609 ac
1238 2555 1396 2609 nobis
1436 2556 1754 2629 nostrisque
1782 2557 1969 2612 decre-

95 2645 163 2700 tis
188 2651 347 2719 atque
386 2647 680 2715 mandatiS‚
712 2649 766 2703 in
804 2650 922 2723 ipso
965 2669 1132 2706 sacrae
1173 2659 1365 2708 vestra}
1414 2654 1860 2726 inaugurationis
1900 2656 1966 2710 li-

94 2741 260 2809 mine,
287 2743 516 2798 solemni
540 2744 855 2816 juramento
888 2747 1119 2820 polliciti
1159 2749 1363 2805 estis...
1401 2749 1566 2813 Quasi
1610 2769 1737 2807 vero
1769 2752 1962 2808 eadem

93 2837 387 2909 Apostolica
410 2842 610 2912 judicia
637 2860 734 2915 pro
767 2846 1047 2899 sancienda
1078 2848 1254 2919 reyula
1284 2834 1406 2919 fidei
1447 2867 1478 2903 a
1518 2848 1744 2904 Summis
1790 2851 1965 2906 Ponti-

93 2935 267 3003 ficibus
295 2937 423 3005 lata,
453 2956 574 3009 quae
600 2957 802 3013 paucos
832 2947 958 2997 ante
981 2960 1178 3013 annOS,
1205 2946 1382 3000 divina
1411 2964 1468 3001 ac
1492 2965 1695 3002 summa
1731 2967 1824 3021 per
1855 2951 1966 3003 uni-

94 3045 289 3083 versam
316 3032 591 3089 Ecclesiam
628 3040 936 3093 auctoritate
975 3041 1069 3094 niti
1101 3040 1357 3113 (epistola
1398 3042 1623 3115 triginta
1665 3044 1962 3117 Episcopo-

96 3143 220 3180 rum
246 3126 426 3183 Galliae
464 3131 531 3184 ad
573 3132 954 3190 Innocentium
986 3136 1049 3206 X,
1078 3155 1222 3193 anno
1251 3138 1418 3211 Δ1655)
1463 3141 1645 3196 omnis
1680 3140 1959 3197 Gallicana

96 3222 355 3291 Ecclesia,
382 3224 520 3279 datis
565 3228 630 3281 ad
669 3231 1096 3302 praedecessores
1127 3241 1342 3302 nostros
1368 3236 1592 3304 litteris,
1623 3237 1805 3310 palam
1834 3256 1986 3312 pr0-·

95 3319 235 3374 fessa
269 3328 371 3390 est,
405 3322 566 3377 modo
592 3324 701 3380 fere
724 3327 943 3384 infirma
972 3330 1202 3386 debeant
1237 3350 1299 3387 ac
1322 3334 1487 3388 veluti
1523 3335 1777 3390 nutantia
1797 3353 1960 3411 repu-

95 3415 220 3483 tari,
251 3416 357 3473 nisi
395 3420 813 3491 superveniente
843 3432 1045 3494 vestr0,
1078 3445 1382 3500 paucorum
1419 3430 1628 3487 scilicet
1659 3431 1958 3510 Episcopo-

93 3527 239 3580 rum,
270 3514 479 3586 judicio
516 3516 843 3573 fulciantur!

170 3628 195 3656 «
219 3608 513 3666 Currebatis
535 3614 679 3680 bene,
707 3615 1045 3672 venerabiles
1071 3617 1292 3690 fratreS,
1319 3626 1371 3676 et
1395 3623 1653 3695 praeclara
1680 3628 1954 3700 majorum
