2306 4010
845 218 970 264 PARS
999 214 1239 263 SECUNDA.
1899 206 1985 255 529

109 325 435 383 adversariis
457 326 870 383 demonstratur
895 324 1062 397 hujus
1090 318 1553 395 interpretationis
1574 316 1808 374 salsitas.
1831 316 1984 381 Quod

30 486 35 492 0
108 429 170 479 ut
198 422 378 496 palam
408 422 522 491 fiat,
554 422 914 495 subjiciemus
947 421 1125 495 primo
1160 424 1342 475 textus
1364 417 1460 490 qui
1482 417 1625 472 hanc
1660 415 1986 489 interpreta-

107 520 308 577 tionem
333 521 559 576 omnino
577 521 833 587 suadent3
863 526 980 576 tum
1003 517 1372 592 expendemus
1392 515 1532 571 alios
1556 532 1696 588 quos
1717 513 1984 588 objiciunt

109 617 427 680 adversarii,

180 715 222 771 1.
268 713 414 779 Quod
453 714 718 770 Honorius
758 732 790 768 a
821 721 972 768 sexta
1011 713 1240 784 =qenerali
1280 714 1475 785 synodo
1506 713 1782 769 damnatus
1816 714 1886 767 sit
1927 729 1986 767 eo

109 808 241 882 qnod
267 808 522 862 haereticis
551 809 764 878 faverit,
799 825 902 862 non
932 825 992 862 eo
1022 807 1158 879 quod
1190 808 1419 862 haeresim
1447 810 1559 880 ipse
1595 809 1848 882 docuerit,
1877 826 1985 863 om-

111 908 227 962 nino
260 904 474 959 suadent
505 910 774 974 sequentes
815 910 1005 958 textu&
1037 935 1112 942 —
1138 902 1190 956 1⁰
1218 903 1278 956 In
1320 902 1556 975 epistola
1599 905 1758 960 dictae
1789 903 1985 979 synodi

117 999 509 1060 confirmatoria
549 1001 737 1073 (quam
765 1000 887 1056 vide
924 1017 1116 1072 supra,
1156 1000 1180 1069 ἓ
1211 999 1266 1070 2,
1298 999 1632 1057 documento
1664 1002 1751 1070 X),
1786 1002 1885 1057 Leo
1920 1002 1985 1071 ll,

116 1098 398 1175 Agathonis
437 1115 744 1166 successor,
781 1104 1008 1153 caeteros
1046 1114 1075 1151 a
1101 1095 1336 1151 concilio
1367 1096 1660 1153 damnatos
1687 1105 1842 1154 vocat
1871 1100 1986 1153 novi

111 1199 295 1255 erroris
318 1199 630 1252 inventores.
658 1195 891 1252 Veniens
919 1199 1105 1250 autem
1142 1195 1209 1249 ad
1240 1193 1545 1250 Honorium
1580 1194 1658 1249 sic
1684 1195 1935 1267 loquitur
1971 1215 1982 1247 :

107 1293 311 1353 Necnon
341 1302 388 1349 et
427 1293 734 1362 Honorium,
776 1295 862 1366 qui
888 1294 1022 1347 han-c
1057 1291 1396 1364 apostolicam
1430 1293 1617 1348 Sedem
1641 1310 1746 1348 non
1776 1300 1988 1347 conatus

107 1398 182 1448 est
200 1391 432 1446 doctrina
458 1392 758 1464 apostolieae
792 1392 1095 1447 traditionis
1131 1391 1407 1461 illustrari,
1440 1392 1530 1446 sed
1564 1393 1788 1464 profana
1822 1391 1986 1446 tradi-

105 1489 237 1544 tione
272 1488 660 1544 im'maeulatam
703 1490 951 1544 maculari
995 1491 1253 1560 permisit.
1296 1487 1411 1551 Qua
1466 1489 1677 1545 scilicet
1715 1489 1781 1544 de
1822 1506 1986 1543 causa

103 1584 399 1641 Honorium
426 1587 590 1642 etiam
619 1587 1044 1643 anathematizat
1072 1587 1174 1642 Leo
1211 1587 1290 1642 112>
1323 1588 1404 1642 An
1430 1587 1576 1660 quod
1609 1593 1662 1642 et
1687 1586 1985 1655 HonoriuS,

105 1681 243 1739 sicut
281 1683 373 1738 alii
422 1683 577 1757 prius
621 1684 915 1755 nominati,
961 1685 1216 1740 haeresim
1261 1685 1554 1741 docuerit?
1596 1684 1839 1739 Minime.
1884 1683 1986 1738 Sed

101 1781 239 1854 quod
275 1800 379 1837 non
406 1791 619 1837 conatus
646 1785 712 1838 sit
750 1784 855 1856 (eo-1.
880 1783 1175 1856 ἐπεχείρησε)
1203 1783 1395 1839 Sedem
1427 1782 1791 1857 apostolicam
1820 1782 1983 1836 illus-

102 1883 266 1949 trare,
300 1887 463 1954 prout
505 1879 792 1951 debuerat,
832 1882 1080 1938 nascenti
1114 1882 1310 1938 haeresi
1354 1879 1688 1955 opponendo
1728 1878 1987 1935 traditam

106 1974 172 2030 ab
209 1976 467 2049 apostolis
508 1993 691 2031 veram
733 1970 1063 2042 doctrinam;
1106 1983 1157 2032 et
1202 1977 1351 2049 quod
1387 1994 1485 2051 per
1518 1978 1660 2031 hanc
1703 1994 1860 2031 suam
1889 1994 1988 2031 ne-

73 2071 412 2144 [gligentiam
456 2074 728 2129 haereticis
771 2092 962 2129 ansam
1012 2074 1310 2149 praebuerit
1355 2063 1650 2130 dictitandi
1700 2079 1749 2129 et
1793 2074 1986 2130 multis

111 2171 491 2243 persuadendi,
531 2190 718 2228 secum
767 2172 974 2227 sentire
1015 2173 1330 2228 Romanum
1375 2172 1719 2238 Pontificem;
1767 2191 1830 2228 ex
1877 2191 1983 2245 qua

115 2269 477 2340 persuasione,
494 2270 618 2327 licet
642 2270 804 2339 falsa,
840 2271 1117 2325 maculam
1137 2271 1291 2326 Sedis
1315 2270 1628 2344 apostolicae
1653 2271 1799 2326 fama
1824 2289 1987 2344 passa

118 2368 215 2418 est;
246 2363 358 2418 Non
383 2382 504 2437 ergo
537 2366 642 2422 alia
667 2367 734 2422 de
763 2383 928 2421 causa
962 2366 1062 2420 [eo
1086 2366 1128 2419 ΙΙ
1158 2365 1461 2421 Honorium
1501 2365 1983 2421 anathematizavit

119 2462 168 2513 et
190 2476 218 2514 a
241 2466 384 2516 sexta
403 2463 635 2534 generali
663 2465 869 2538 synodo
889 2462 1418 2517 anathematiza-tum
1440 2462 1795 2532 existimavit,
1819 2481 1985 2535 quam

116 2554 183 2610 ob
211 2555 379 2630 ipsius
420 2559 810 2633 negligentiam
852 2559 907 2614 in
935 2558 1287 2632 reprimenda
1316 2559 1563 2638 nascenti
1601 2559 1988 2615 monothelita-

111 2668 233 2707 rum
265 2654 473 2711 haeresi.

181 2747 327 2804 Idem
365 2751 732 2823 colligendum
767 2771 830 2809 ex
861 2753 1093 2827 epistola
1124 2753 1375 2826 ejusdem
1402 2754 1595 2810 Leonis
1624 2755 1666 2808 11
1700 2755 1767 2810 ad
1797 2756 1986 2829 Hispa-

109 2841 211 2896 niae
240 2846 527 2916 praesules3
575 2849 630 2903 in
658 2867 766 2921 qua
803 2855 1100 2924 postquam
1139 2850 1413 2906 recensuit
1448 2858 1672 2908 caeteros
1710 2871 1739 2906 a
1779 2854 1984 2927 synodo

109 2936 414 3007 damnatos,
451 2941 524 2995 ita
557 2945 841 3017 subjungit
870 2967 880 2999 ε
918 2947 1045 3003 Cum
1078 2947 1330 3017 Honorio,
1359 2951 1444 3019 qni
1471 2935 1984 3019 siccin·inam}iae1·eti‹·i

111 3033 381 3103 doqmatis,
423 3053 525 3089 non
555 3046 613 3091 ut
645 3040 813 3095 decuit
857 3045 1196 3113 apostolicam
1238 3046 1620 3110 auctoritatem,
1656 3044 1983 3113 incipientem

110 3128 351 3194 eaetinxit,
386 3129 476 3182 secl
499 3147 795 3187 assuetum
833 3138 1077 3207 confovit.
1106 3138 1183 3192 lbi
1219 3137 1366 3192 clare
1399 3137 1550 3191 vides
1589 3135 1722 3206 quid
1749 3136 1986 3191 Honorio

110 3222 395 3295 exprobret
413 3223 512 3277 Leo
531 3223 595 3290 11,
614 3230 665 3278 et
688 3243 854 3296 quam
880 3230 948 3283 ob
965 3247 1188 3285 causam
1208 3249 1336 3286 eum
1365 3231 1694 3286 damnatum
1722 3248 1750 3284 a
1778 3233 1983 3304 synodo

110 3319 407 3375 existimet.
452 3319 566 3373 Non
596 3320 815 3376 crimini
840 3325 1026 3391 vertit,
1062 3326 1207 3397 quod
1239 3328 1536 3381 haereticum
1562 3327 1742 3399 doqma
1775 3332 1980 3402 profes—

112 3434 200 3470 sus
223 3418 308 3478 sit,
329 3414 420 3470 sed
441 3415 721 3471 dumtaxat
743 3418 886 3488 quod
917 3419 1053 3473 illud
1078 3422 1287 3490 foverit.
1317 3422 1430 3475 imo
1448 3422 1683 3495 explicat
1704 3427 1977 3497 quomodo

113 3514 324 3583 foverit,
351 3514 600 3569 videlicet
640 3532 736 3587 per
767 3517 1129 3588 neqliqentiam
1155 3535 1334 3574 suam.
1378 3520 1436 3574 Et
1469 3522 1648 3592 qualis
1676 3524 1768 3579 illa
1806 3527 1977 3598 negli-

113 3612 292 3683 gentia
315 3612 476 3668 suerit
510 3612 793 3685 subjungit
823 3633 833 3665 ε
868 3613 1093 3685 neylexit
1119 3615 1330 3672 scilicet
1357 3617 1624 3676 Honorius
1648 3623 1971 3695 incipientem
