<?xml version="1.0" encoding="UTF-8"?>
<!DOCTYPE html PUBLIC "-//W3C//DTD XHTML 1.0 Transitional//EN"
    "http://www.w3.org/TR/xhtml1/DTD/xhtml1-transitional.dtd">
<html xmlns="http://www.w3.org/1999/xhtml" xml:lang="en" lang="en">
 <head>
  <title>
</title>
<meta http-equiv="Content-Type" content="text/html;charset=utf-8" />
  <meta name='ocr-system' content='tesseract 3.04.00' />
  <meta name='ocr-capabilities' content='ocr_page ocr_carea ocr_par ocr_line ocrx_word'/>
</head>
<body>
  <div class='ocr_page' id='page_1' title='image "a548470102bouiuoft_0562.png"; bbox 0 0 2262 3990; ppageno 0'>
   <div class='ocr_carea' id='block_1_1' title="bbox 259 120 1503 180">
    <p class='ocr_par' dir='ltr' id='par_1_1' title="bbox 259 120 1503 180">
     <span class='ocr_line' id='line_1_1' title="bbox 259 120 1503 180; baseline -0.009 0"><span class='ocrx_word' id='word_1_1' title='bbox 259 134 351 180; x_wconf 65' lang='lat'><strong><em>55⁴</em></strong></span> <span class='ocrx_word' id='word_1_2' title='bbox 928 121 1227 169; x_wconf 76' lang='lat' dir='ltr'>TRAGTATUS</span> <span class='ocrx_word' id='word_1_3' title='bbox 1255 120 1324 168; x_wconf 75' lang='grc' dir='ltr'><strong><em>ΒΕ</em></strong></span> <span class='ocrx_word' id='word_1_4' title='bbox 1354 120 1480 169; x_wconf 76' lang='grc' dir='ltr'><strong>ΡΑΡΑ</strong></span> <span class='ocrx_word' id='word_1_5' title='bbox 1489 157 1503 169; x_wconf 84' lang='grc'><strong>.</strong></span> 
     </span>
    </p>
   </div>
   <div class='ocr_carea' id='block_1_2' title="bbox 246 218 2226 1704">
    <p class='ocr_par' dir='ltr' id='par_1_2' title="bbox 246 218 2226 1704">
     <span class='ocr_line' id='line_1_2' title="bbox 259 218 2219 311; baseline 0.001 -17"><span class='ocrx_word' id='word_1_6' title='bbox 259 238 416 311; x_wconf 65' lang='lat' dir='ltr'><strong><em>flendi</em></strong></span> <span class='ocrx_word' id='word_1_7' title='bbox 445 241 496 291; x_wconf 86' lang='lat' dir='ltr'><strong><em>et</em></strong></span> <span class='ocrx_word' id='word_1_8' title='bbox 529 229 856 305; x_wconf 62' lang='lat' dir='ltr'><strong><em>glaber-nandi</em></strong></span> <span class='ocrx_word' id='word_1_9' title='bbox 894 237 1002 286; x_wconf 87' lang='lat' dir='ltr'><strong><em>tam</em></strong></span> <span class='ocrx_word' id='word_1_10' title='bbox 1032 228 1257 304; x_wconf 79' lang='lat' dir='ltr'><strong><em>populos</em></strong></span> <span class='ocrx_word' id='word_1_11' title='bbox 1289 247 1446 303; x_wconf 84' lang='lat' dir='ltr'><strong><em>quam</em></strong></span> <span class='ocrx_word' id='word_1_12' title='bbox 1469 231 1789 310; x_wconf 76' lang='lat' dir='ltr'><strong><em>populorum</em></strong></span> <span class='ocrx_word' id='word_1_13' title='bbox 1820 218 1965 307; x_wconf 76' lang='lat' dir='ltr'><strong><em>ipsos</em></strong></span> <span class='ocrx_word' id='word_1_14' title='bbox 1988 241 2182 308; x_wconf 60' lang='lat' dir='ltr'><strong><em>pastos.</em></strong></span> <span class='ocrx_word' id='word_1_15' title='bbox 2206 244 2219 273; x_wconf 79' lang='lat'><strong><em>&#39;-</em></strong></span> 
     </span>
     <span class='ocr_line' id='line_1_3' title="bbox 257 330 2220 413; baseline 0.001 -21"><span class='ocrx_word' id='word_1_16' title='bbox 257 353 363 403; x_wconf 88' lang='lat' dir='ltr'><strong><em>res‚</em></strong></span> <span class='ocrx_word' id='word_1_17' title='bbox 408 334 602 404; x_wconf 86' lang='lat' dir='ltr'><strong><em>absque</em></strong></span> <span class='ocrx_word' id='word_1_18' title='bbox 640 330 752 386; x_wconf 86' lang='lat' dir='ltr'><strong><em>ulla</em></strong></span> <span class='ocrx_word' id='word_1_19' title='bbox 789 331 918 386; x_wconf 78' lang='lat' dir='ltr'><strong><em>certi</em></strong></span> <span class='ocrx_word' id='word_1_20' title='bbox 964 331 1214 404; x_wconf 79' lang='lat' dir='ltr'><strong><em>temporis</em></strong></span> <span class='ocrx_word' id='word_1_21' title='bbox 1257 331 1625 387; x_wconf 77' lang='lat' dir='ltr'><strong><em>constitutione</em></strong></span> <span class='ocrx_word' id='word_1_22' title='bbox 1671 330 1861 405; x_wconf 82' lang='lat' dir='ltr'><strong><em>(ibid.‚</em></strong></span> <span class='ocrx_word' id='word_1_23' title='bbox 1905 349 2026 408; x_wconf 90' lang='lat' dir='ltr'><strong><em>cap.</em></strong></span> <span class='ocrx_word' id='word_1_24' title='bbox 2065 354 2174 413; x_wconf 57' lang='lat' dir='ltr'><strong><em>vm„</em></strong></span> <span class='ocrx_word' id='word_1_25' title='bbox 2201 330 2220 378; x_wconf 51' lang='lat'><strong><em>‘-</em></strong></span> 
     </span>
     <span class='ocr_line' id='line_1_4' title="bbox 255 428 2223 511; baseline -0.001 -22"><span class='ocrx_word' id='word_1_26' title='bbox 255 436 389 489; x_wconf 87' lang='lat' dir='ltr'><strong><em>seet.</em></strong></span> <span class='ocrx_word' id='word_1_27' title='bbox 422 430 510 504; x_wconf 86' lang='grc' dir='ltr'>ΙΙ).</span> <span class='ocrx_word' id='word_1_28' title='bbox 556 430 617 485; x_wconf 92' lang='lat' dir='ltr'><strong><em>In</em></strong></span> <span class='ocrx_word' id='word_1_29' title='bbox 659 429 868 511; x_wconf 88' lang='lat' dir='ltr'><strong><em>litteris</em></strong></span> <span class='ocrx_word' id='word_1_30' title='bbox 904 429 973 486; x_wconf 90' lang='lat' dir='ltr'><strong><em>ad</em></strong></span> <span class='ocrx_word' id='word_1_31' title='bbox 1005 428 1454 486; x_wconf 84' lang='lat' dir='ltr'><strong><em>Maximilianum</em></strong></span> <span class='ocrx_word' id='word_1_32' title='bbox 1494 429 2223 507; x_wconf 2' lang='lat' dir='ltr'><strong><em>ArchiepiscopumgColod</em></strong></span> 
     </span>
     <span class='ocr_line' id='line_1_5' title="bbox 253 511 2223 606; baseline 0.002 -20"><span class='ocrx_word' id='word_1_33' title='bbox 253 531 507 586; x_wconf 90' lang='lat' dir='ltr'><strong><em>niensem</em></strong></span> <span class='ocrx_word' id='word_1_34' title='bbox 552 528 626 586; x_wconf 87' lang='lat' dir='ltr'><strong><em>ita</em></strong></span> <span class='ocrx_word' id='word_1_35' title='bbox 670 529 922 586; x_wconf 80' lang='lat' dir='ltr'>declarat</span> <span class='ocrx_word' id='word_1_36' title='bbox 950 529 1101 587; x_wconf 90' lang='lat' dir='ltr'><strong><em>idem</em></strong></span> <span class='ocrx_word' id='word_1_37' title='bbox 1141 529 1272 586; x_wconf 89' lang='lat' dir='ltr'><strong><em>Pius</em></strong></span> <span class='ocrx_word' id='word_1_38' title='bbox 1313 529 1415 587; x_wconf 89' lang='lat' dir='ltr'><strong><em>VI:</em></strong></span> <span class='ocrx_word' id='word_1_39' title='bbox 1452 529 1602 588; x_wconf 84' lang='lat' dir='ltr'><strong><em>Fidei</em></strong></span> <span class='ocrx_word' id='word_1_40' title='bbox 1632 532 1821 605; x_wconf 75' lang='lat' dir='ltr'><strong><em>doqma</em></strong></span> <span class='ocrx_word' id='word_1_41' title='bbox 1857 538 1937 588; x_wconf 83' lang='lat' dir='ltr'><strong><em>est</em></strong></span> <span class='ocrx_word' id='word_1_42' title='bbox 1961 511 2170 606; x_wconf 72' lang='lat' dir='ltr'><strong><em>Episco-</em></strong></span> <span class='ocrx_word' id='word_1_43' title='bbox 2199 523 2223 570; x_wconf 55' lang='grc' dir='ltr'><strong><em>’ἶ</em></strong></span> 
     </span>
     <span class='ocr_line' id='line_1_6' title="bbox 246 568 2226 703; baseline 0.003 -19"><span class='ocrx_word' id='word_1_44' title='bbox 246 647 436 703; x_wconf 82' lang='lat' dir='ltr'><strong><em>porum</em></strong></span> <span class='ocrx_word' id='word_1_45' title='bbox 483 630 852 685; x_wconf 81' lang='lat' dir='ltr'><strong><em>auctoritatem</em></strong></span> <span class='ocrx_word' id='word_1_46' title='bbox 912 635 962 684; x_wconf 84' lang='lat' dir='ltr'><strong><em>et</em></strong></span> <span class='ocrx_word' id='word_1_47' title='bbox 1007 629 1438 702; x_wconf 78' lang='lat' dir='ltr'><strong><em>jurisdictionem</em></strong></span> <span class='ocrx_word' id='word_1_48' title='bbox 1488 630 1776 703; x_wconf 82' lang='lat' dir='ltr'><strong><em>subjectam</em></strong></span> <span class='ocrx_word' id='word_1_49' title='bbox 1819 648 1931 686; x_wconf 85' lang='lat' dir='ltr'><strong><em>esse</em></strong></span> <span class='ocrx_word' id='word_1_50' title='bbox 1984 568 2226 693; x_wconf 54' lang='lat' dir='ltr'><strong><em>summi}</em></strong></span> 
     </span>
     <span class='ocr_line' id='line_1_7' title="bbox 249 728 2210 806; baseline 0.003 -22"><span class='ocrx_word' id='word_1_51' title='bbox 249 728 522 800; x_wconf 81' lang='lat' dir='ltr'><strong><em>Pontificis</em></strong></span> <span class='ocrx_word' id='word_1_52' title='bbox 566 730 893 798; x_wconf 79' lang='lat' dir='ltr'><em>auctoritati,</em></span> <span class='ocrx_word' id='word_1_53' title='bbox 938 737 996 784; x_wconf 81' lang='lat' dir='ltr'><strong><em>ut</em></strong></span> <span class='ocrx_word' id='word_1_54' title='bbox 1031 731 1240 786; x_wconf 77' lang='lat' dir='ltr'><strong><em>subesse</em></strong></span> <span class='ocrx_word' id='word_1_55' title='bbox 1278 730 1503 786; x_wconf 77' lang='lat' dir='ltr'><strong><em>debeant</em></strong></span> <span class='ocrx_word' id='word_1_56' title='bbox 1546 728 1698 785; x_wconf 85' lang='lat' dir='ltr'><strong><em>Sedis</em></strong></span> <span class='ocrx_word' id='word_1_57' title='bbox 1733 728 2030 804; x_wconf 70' lang='lat' dir='ltr'><strong><em>apostolicae</em></strong></span> <span class='ocrx_word' id='word_1_58' title='bbox 2063 735 2210 806; x_wconf 35' lang='lat' dir='ltr'><strong><em>sta-³3</em></strong></span> 
     </span>
     <span class='ocr_line' id='line_1_8' title="bbox 251 827 2219 912; baseline -0.001 -29"><span class='ocrx_word' id='word_1_59' title='bbox 251 829 400 884; x_wconf 81' lang='lat' dir='ltr'><strong><em>tatis.</em></strong></span> <span class='ocrx_word' id='word_1_60' title='bbox 445 827 505 884; x_wconf 93' lang='lat' dir='ltr'><strong><em>In</em></strong></span> <span class='ocrx_word' id='word_1_61' title='bbox 557 827 908 903; x_wconf 80' lang='lat' dir='ltr'>professione</span> <span class='ocrx_word' id='word_1_62' title='bbox 956 828 1086 886; x_wconf 90' lang='lat' dir='ltr'><strong><em>fidei</em></strong></span> <span class='ocrx_word' id='word_1_63' title='bbox 1130 847 1301 903; x_wconf 87' lang='lat' dir='ltr'><strong><em>quam</em></strong></span> <span class='ocrx_word' id='word_1_64' title='bbox 1353 829 1421 885; x_wconf 85' lang='lat' dir='ltr'><strong><em>ab</em></strong></span> <span class='ocrx_word' id='word_1_65' title='bbox 1478 829 1766 905; x_wconf 89' lang='lat' dir='ltr'><strong><em>Episcopis</em></strong></span> <span class='ocrx_word' id='word_1_66' title='bbox 1809 829 2219 912; x_wconf 13' lang='lat' dir='ltr'><strong><em>emittendam&amp;-¹</em></strong></span> 
     </span>
     <span class='ocr_line' id='line_1_9' title="bbox 252 925 2170 1004; baseline 0.001 -23"><span class='ocrx_word' id='word_1_67' title='bbox 252 925 596 1002; x_wconf 85' lang='lat' dir='ltr'><strong><em>praescripsit</em></strong></span> <span class='ocrx_word' id='word_1_68' title='bbox 636 925 768 983; x_wconf 91' lang='lat' dir='ltr'><strong><em>Pius</em></strong></span> <span class='ocrx_word' id='word_1_69' title='bbox 823 926 911 998; x_wconf 89' lang='lat' dir='ltr'><strong><em>lV,</em></strong></span> <span class='ocrx_word' id='word_1_70' title='bbox 957 945 1183 983; x_wconf 89' lang='lat' dir='ltr'><strong><em>summo</em></strong></span> <span class='ocrx_word' id='word_1_71' title='bbox 1238 927 1493 985; x_wconf 85' lang='lat' dir='ltr'><strong><em>Pontifici</em></strong></span> <span class='ocrx_word' id='word_1_72' title='bbox 1541 946 1665 984; x_wconf 76' lang='lat' dir='ltr'><strong><em>vera</em></strong></span> <span class='ocrx_word' id='word_1_73' title='bbox 1710 929 2004 985; x_wconf 69' lang='lat' dir='ltr'><em>obedientia</em></span> <span class='ocrx_word' id='word_1_74' title='bbox 2045 911 2214 1004; x_wconf 52' lang='lat' dir='ltr'><strong><em>pro-&#39;33‘</em></strong></span> 
     </span>
     <span class='ocr_line' id='line_1_10' title="bbox 253 1019 2210 1102; baseline 0.003 -21"><span class='ocrx_word' id='word_1_75' title='bbox 253 1025 520 1082; x_wconf 78' lang='lat' dir='ltr'><strong>mittitur.</strong></span> <span class='ocrx_word' id='word_1_76' title='bbox 552 1025 611 1082; x_wconf 89' lang='lat' dir='ltr'><strong><em>In</em></strong></span> <span class='ocrx_word' id='word_1_77' title='bbox 643 1026 798 1083; x_wconf 80' lang='lat' dir='ltr'>Brevi</span> <span class='ocrx_word' id='word_1_78' title='bbox 829 1026 976 1095; x_wconf 71' lang='lat' dir='ltr'><strong><em>Quod</em></strong></span> <span class='ocrx_word' id='word_1_79' title='bbox 1000 1027 1330 1100; x_wconf 79' lang='lat' dir='ltr'><strong><em>aliquantam</em></strong></span> <span class='ocrx_word' id='word_1_80' title='bbox 1360 1028 1498 1085; x_wconf 89' lang='lat' dir='ltr'><strong><em>dicit</em></strong></span> <span class='ocrx_word' id='word_1_81' title='bbox 1531 1028 1659 1084; x_wconf 86' lang='lat' dir='ltr'><strong><em>Pius</em></strong></span> <span class='ocrx_word' id='word_1_82' title='bbox 1678 1027 1741 1084; x_wconf 84' lang='lat' dir='ltr'><strong><em>VI</em></strong></span> <span class='ocrx_word' id='word_1_83' title='bbox 1767 1046 1779 1085; x_wconf 88' lang='lat'>:</span> <span class='ocrx_word' id='word_1_84' title='bbox 1816 1029 2046 1084; x_wconf 80' lang='lat' dir='ltr'><strong><em>Debetur</em></strong></span> <span class='ocrx_word' id='word_1_85' title='bbox 2074 1030 2173 1102; x_wconf 71' lang='lat' dir='ltr'><strong><em>ipsi</em></strong></span> <span class='ocrx_word' id='word_1_86' title='bbox 2205 1019 2210 1022; x_wconf 38' lang='lat'>⁵</span> 
     </span>
     <span class='ocr_line' id='line_1_11' title="bbox 255 1126 2170 1202; baseline 0.003 -20"><span class='ocrx_word' id='word_1_87' title='bbox 255 1127 520 1201; x_wconf 89' lang='lat' dir='ltr'><strong><em>(Romano</em></strong></span> <span class='ocrx_word' id='word_1_88' title='bbox 561 1126 847 1198; x_wconf 72' lang='lat' dir='ltr'><strong><em>Pontifici)</em></strong></span> <span class='ocrx_word' id='word_1_89' title='bbox 894 1135 1142 1200; x_wconf 78' lang='lat' dir='ltr'><strong><em>tanquam</em></strong></span> <span class='ocrx_word' id='word_1_90' title='bbox 1190 1131 1350 1202; x_wconf 82' lang='lat' dir='ltr'><strong><em>capiti</em></strong></span> <span class='ocrx_word' id='word_1_91' title='bbox 1401 1147 1432 1184; x_wconf 93' lang='lat' dir='ltr'><em>a</em></span> <span class='ocrx_word' id='word_1_92' title='bbox 1479 1131 1588 1186; x_wconf 83' lang='lat' dir='ltr'><strong><em>suis</em></strong></span> <span class='ocrx_word' id='word_1_93' title='bbox 1641 1131 1889 1186; x_wconf 77' lang='lat' dir='ltr'><strong><em>membris</em></strong></span> <span class='ocrx_word' id='word_1_94' title='bbox 1926 1129 2170 1187; x_wconf 78' lang='lat' dir='ltr'><strong><em>solemnis</em></strong></span> 
     </span>
     <span class='ocr_line' id='line_1_12' title="bbox 251 1228 2170 1305; baseline 0.002 -23"><span class='ocrx_word' id='word_1_95' title='bbox 251 1228 563 1285; x_wconf 75' lang='lat' dir='ltr'><strong><em>obedientiae</em></strong></span> <span class='ocrx_word' id='word_1_96' title='bbox 610 1230 881 1284; x_wconf 74' lang='lat' dir='ltr'><strong><em>canonicae</em></strong></span> <span class='ocrx_word' id='word_1_97' title='bbox 915 1230 1220 1301; x_wconf 72' lang='lat' dir='ltr'><strong><em>promissio,</em></strong></span> <span class='ocrx_word' id='word_1_98' title='bbox 1265 1228 1328 1284; x_wconf 90' lang='lat' dir='ltr'><strong><em>Et</em></strong></span> <span class='ocrx_word' id='word_1_99' title='bbox 1367 1228 1446 1284; x_wconf 90' lang='lat' dir='ltr'><strong><em>ibi</em></strong></span> <span class='ocrx_word' id='word_1_100' title='bbox 1492 1228 1749 1302; x_wconf 89' lang='lat' dir='ltr'><strong><em>loquitur</em></strong></span> <span class='ocrx_word' id='word_1_101' title='bbox 1784 1228 1851 1284; x_wconf 92' lang='lat' dir='ltr'><strong><em>de</em></strong></span> <span class='ocrx_word' id='word_1_102' title='bbox 1884 1229 2170 1305; x_wconf 88' lang='lat' dir='ltr'><strong><em>Episcopis</em></strong></span> 
     </span>
     <span class='ocr_line' id='line_1_13' title="bbox 251 1327 2212 1418; baseline 0.001 -36"><span class='ocrx_word' id='word_1_103' title='bbox 251 1345 393 1401; x_wconf 89' lang='lat' dir='ltr'><strong><em>quos</em></strong></span> <span class='ocrx_word' id='word_1_104' title='bbox 440 1328 507 1384; x_wconf 89' lang='lat' dir='ltr'><strong><em>ab</em></strong></span> <span class='ocrx_word' id='word_1_105' title='bbox 538 1328 644 1384; x_wconf 87' lang='lat' dir='ltr'><strong><em>ista</em></strong></span> <span class='ocrx_word' id='word_1_106' title='bbox 673 1327 1047 1402; x_wconf 82' lang='lat' dir='ltr'><strong><em>promissione</em></strong></span> <span class='ocrx_word' id='word_1_107' title='bbox 1089 1328 1366 1385; x_wconf 77' lang='lat' dir='ltr'><strong><em>eximebat</em></strong></span> <span class='ocrx_word' id='word_1_108' title='bbox 1417 1328 1745 1386; x_wconf 86' lang='lat' dir='ltr'><strong><em>constitutio</em></strong></span> <span class='ocrx_word' id='word_1_109' title='bbox 1793 1328 1974 1385; x_wconf 84' lang='lat' dir='ltr'><strong><em>civilis</em></strong></span> <span class='ocrx_word' id='word_1_110' title='bbox 2015 1328 2164 1387; x_wconf 88' lang='lat' dir='ltr'><strong><em>cleri.</em></strong></span> <span class='ocrx_word' id='word_1_111' title='bbox 2203 1396 2212 1418; x_wconf 33' lang='grc' dir='ltr'>ἱ</span> 
     </span>
     <span class='ocr_line' id='line_1_14' title="bbox 249 1426 2174 1503; baseline -0.002 -22"><span class='ocrx_word' id='word_1_112' title='bbox 249 1426 425 1500; x_wconf 83' lang='lat' dir='ltr'><strong><em>Igitur</em></strong></span> <span class='ocrx_word' id='word_1_113' title='bbox 450 1428 709 1503; x_wconf 85' lang='lat' dir='ltr'><strong><em>Episcopi</em></strong></span> <span class='ocrx_word' id='word_1_114' title='bbox 742 1427 952 1502; x_wconf 83' lang='lat' dir='ltr'><strong><em>singuli</em></strong></span> <span class='ocrx_word' id='word_1_115' title='bbox 998 1428 1248 1485; x_wconf 84' lang='lat' dir='ltr'><strong><em>Romano</em></strong></span> <span class='ocrx_word' id='word_1_116' title='bbox 1293 1429 1543 1486; x_wconf 80' lang='lat' dir='ltr'><strong><em>Pontifici</em></strong></span> <span class='ocrx_word' id='word_1_117' title='bbox 1588 1429 1830 1485; x_wconf 83' lang='lat' dir='ltr'><strong><em>subsunt</em></strong></span> <span class='ocrx_word' id='word_1_118' title='bbox 1866 1434 1919 1484; x_wconf 86' lang='lat' dir='ltr'><strong><em>et</em></strong></span> <span class='ocrx_word' id='word_1_119' title='bbox 1949 1427 2174 1487; x_wconf 83' lang='lat' dir='ltr'><strong><em>obedire.</em></strong></span> 
     </span>
     <span class='ocr_line' id='line_1_15' title="bbox 252 1527 2173 1602; baseline 0.001 -20"><span class='ocrx_word' id='word_1_120' title='bbox 252 1533 538 1584; x_wconf 89' lang='lat' dir='ltr'><strong><em>tenentur.</em></strong></span> <span class='ocrx_word' id='word_1_121' title='bbox 580 1527 855 1583; x_wconf 83' lang='lat' dir='ltr'><strong><em>Caeterum</em></strong></span> <span class='ocrx_word' id='word_1_122' title='bbox 900 1527 955 1582; x_wconf 84' lang='lat' dir='ltr'><strong><em>id</em></strong></span> <span class='ocrx_word' id='word_1_123' title='bbox 995 1546 1109 1583; x_wconf 88' lang='lat' dir='ltr'><strong><em>non</em></strong></span> <span class='ocrx_word' id='word_1_124' title='bbox 1145 1535 1351 1601; x_wconf 87' lang='lat' dir='ltr'><strong><em>negant</em></strong></span> <span class='ocrx_word' id='word_1_125' title='bbox 1392 1527 1695 1586; x_wconf 74' lang='lat' dir='ltr'><strong><em>adversarii</em></strong></span> <span class='ocrx_word' id='word_1_126' title='bbox 1737 1546 1878 1602; x_wconf 87' lang='lat' dir='ltr'><strong><em>quos</em></strong></span> <span class='ocrx_word' id='word_1_127' title='bbox 1918 1527 2008 1583; x_wconf 90' lang='lat' dir='ltr'><strong><em>hic</em></strong></span> <span class='ocrx_word' id='word_1_128' title='bbox 2047 1545 2173 1584; x_wconf 85' lang='lat' dir='ltr'><strong><em>con·</em></strong></span> 
     </span>
     <span class='ocr_line' id='line_1_16' title="bbox 253 1625 2170 1704; baseline 0.002 -23"><span class='ocrx_word' id='word_1_129' title='bbox 253 1627 512 1684; x_wconf 84' lang='lat' dir='ltr'><strong><em>futendos</em></strong></span> <span class='ocrx_word' id='word_1_130' title='bbox 537 1627 832 1696; x_wconf 82' lang='lat' dir='ltr'><strong><em>habemus;</em></strong></span> <span class='ocrx_word' id='word_1_131' title='bbox 871 1628 966 1684; x_wconf 90' lang='lat' dir='ltr'><strong><em>sed</em></strong></span> <span class='ocrx_word' id='word_1_132' title='bbox 994 1629 1162 1704; x_wconf 90' lang='lat' dir='ltr'><strong><em>plane</em></strong></span> <span class='ocrx_word' id='word_1_133' title='bbox 1197 1646 1462 1685; x_wconf 84' lang='lat' dir='ltr'><strong><em>concessa</em></strong></span> <span class='ocrx_word' id='word_1_134' title='bbox 1502 1626 1845 1701; x_wconf 79' lang='lat' dir='ltr'><strong><em>obligatione</em></strong></span> <span class='ocrx_word' id='word_1_135' title='bbox 1877 1625 2170 1684; x_wconf 89' lang='lat' dir='ltr'><strong><em>obediendi</em></strong></span> 
     </span>
    </p>
   </div>
   <div class='ocr_carea' id='block_1_3' title="bbox 2202 710 2229 723">
    <p class='ocr_par' dir='ltr' id='par_1_3' title="bbox 2202 710 2229 723">
     <span class='ocr_line' id='line_1_17' title="bbox 2202 710 2229 723; baseline 0 -9"><span class='ocrx_word' id='word_1_136' title='bbox 2202 710 2206 723; x_wconf 44' lang='lat'><strong>¹</strong></span> <span class='ocrx_word' id='word_1_137' title='bbox 2227 710 2229 714; x_wconf 95' lang='lat'><em>.</em></span> 
     </span>
    </p>
   </div>
   <div class='ocr_carea' id='block_1_4' title="bbox 248 1728 2222 3492">
    <p class='ocr_par' dir='ltr' id='par_1_4' title="bbox 248 1728 2222 3492">
     <span class='ocr_line' id='line_1_18' title="bbox 249 1728 2171 1805; baseline 0.002 -22"><span class='ocrx_word' id='word_1_138' title='bbox 249 1729 431 1802; x_wconf 89' lang='lat' dir='ltr'><strong><em>quoad</em></strong></span> <span class='ocrx_word' id='word_1_139' title='bbox 467 1729 768 1805; x_wconf 88' lang='lat' dir='ltr'><strong><em>Episcopos</em></strong></span> <span class='ocrx_word' id='word_1_140' title='bbox 805 1730 1063 1805; x_wconf 68' lang='lat' dir='ltr'><strong><em>sinffldos,</em></strong></span> <span class='ocrx_word' id='word_1_141' title='bbox 1102 1749 1223 1787; x_wconf 89' lang='lat' dir='ltr'><strong><em>eam</em></strong></span> <span class='ocrx_word' id='word_1_142' title='bbox 1264 1730 1450 1786; x_wconf 91' lang='lat' dir='ltr'><strong><em>solum</em></strong></span> <span class='ocrx_word' id='word_1_143' title='bbox 1488 1736 1698 1804; x_wconf 89' lang='lat' dir='ltr'><strong><em>negant</em></strong></span> <span class='ocrx_word' id='word_1_144' title='bbox 1738 1729 1922 1803; x_wconf 89' lang='lat' dir='ltr'><strong><em>quoad</em></strong></span> <span class='ocrx_word' id='word_1_145' title='bbox 1952 1728 2171 1803; x_wconf 88' lang='lat' dir='ltr'><strong><em>Episco-</em></strong></span> 
     </span>
     <span class='ocr_line' id='line_1_19' title="bbox 248 1829 2170 1906; baseline 0.002 -24"><span class='ocrx_word' id='word_1_146' title='bbox 248 1846 346 1901; x_wconf 88' lang='lat' dir='ltr'><strong><em>pos</em></strong></span> <span class='ocrx_word' id='word_1_147' title='bbox 375 1830 638 1885; x_wconf 78' lang='lat' dir='ltr'><strong><em>collective</em></strong></span> <span class='ocrx_word' id='word_1_148' title='bbox 664 1839 923 1904; x_wconf 76' lang='lat' dir='ltr'><strong><em>sumptos,</em></strong></span> <span class='ocrx_word' id='word_1_149' title='bbox 953 1831 1159 1905; x_wconf 78' lang='lat' dir='ltr'><strong><em>quibus</em></strong></span> <span class='ocrx_word' id='word_1_150' title='bbox 1185 1831 1386 1906; x_wconf 87' lang='lat' dir='ltr'><strong><em>Papam</em></strong></span> <span class='ocrx_word' id='word_1_151' title='bbox 1416 1831 1734 1904; x_wconf 84' lang='lat' dir='ltr'><strong><em>subjectum</em></strong></span> <span class='ocrx_word' id='word_1_152' title='bbox 1763 1830 1978 1886; x_wconf 67' lang='lat' dir='ltr'><strong><em>volunt.</em></strong></span> <span class='ocrx_word' id='word_1_153' title='bbox 2008 1829 2170 1886; x_wconf 89' lang='lat' dir='ltr'><strong><em>Porro</em></strong></span> 
     </span>
     <span class='ocr_line' id='line_1_20' title="bbox 250 1926 2165 2004; baseline 0.001 -24"><span class='ocrx_word' id='word_1_154' title='bbox 250 1926 633 2001; x_wconf 65' lang='lat' dir='ltr'><strong><em>metaphysica</em></strong></span> <span class='ocrx_word' id='word_1_155' title='bbox 671 1936 947 2002; x_wconf 78' lang='lat' dir='ltr'><strong><em>repugnat</em></strong></span> <span class='ocrx_word' id='word_1_156' title='bbox 976 1929 1231 2001; x_wconf 91' lang='lat' dir='ltr'><strong><em>singulos</em></strong></span> <span class='ocrx_word' id='word_1_157' title='bbox 1262 1930 1331 1984; x_wconf 87' lang='lat' dir='ltr'><strong><em>ad</em></strong></span> <span class='ocrx_word' id='word_1_158' title='bbox 1359 1929 1738 1985; x_wconf 80' lang='lat' dir='ltr'><strong><em>obediendum</em></strong></span> <span class='ocrx_word' id='word_1_159' title='bbox 1775 1929 1934 2004; x_wconf 86' lang='lat' dir='ltr'><strong><em>Papae</em></strong></span> <span class='ocrx_word' id='word_1_160' title='bbox 1970 1927 2165 1999; x_wconf 81' lang='lat' dir='ltr'><strong><em>teneri,</em></strong></span> 
     </span>
     <span class='ocr_line' id='line_1_21' title="bbox 251 2024 2170 2100; baseline 0 -19"><span class='ocrx_word' id='word_1_161' title='bbox 251 2030 303 2081; x_wconf 90' lang='lat' dir='ltr'><strong><em>et</em></strong></span> <span class='ocrx_word' id='word_1_162' title='bbox 354 2024 525 2080; x_wconf 89' lang='lat' dir='ltr'><strong><em>simul</em></strong></span> <span class='ocrx_word' id='word_1_163' title='bbox 583 2026 723 2100; x_wconf 89' lang='lat' dir='ltr'><strong><em>ipsis</em></strong></span> <span class='ocrx_word' id='word_1_164' title='bbox 777 2026 1062 2083; x_wconf 80' lang='lat' dir='ltr'><strong><em>collective</em></strong></span> <span class='ocrx_word' id='word_1_165' title='bbox 1114 2026 1357 2100; x_wconf 89' lang='lat' dir='ltr'><strong><em>sumptis</em></strong></span> <span class='ocrx_word' id='word_1_166' title='bbox 1406 2045 1729 2100; x_wconf 84' lang='lat' dir='ltr'><strong><em>supremam</em></strong></span> <span class='ocrx_word' id='word_1_167' title='bbox 1777 2028 2170 2083; x_wconf 89' lang='lat' dir='ltr'><strong><em>auctoritatem</em></strong></span> 
     </span>
     <span class='ocr_line' id='line_1_22' title="bbox 250 2114 2175 2201; baseline 0.001 -22"><span class='ocrx_word' id='word_1_168' title='bbox 250 2132 588 2199; x_wconf 89' lang='lat' dir='ltr'><strong><em>competere.</em></strong></span> <span class='ocrx_word' id='word_1_169' title='bbox 626 2126 763 2181; x_wconf 89' lang='lat' dir='ltr'><strong><em>Nam</em></strong></span> <span class='ocrx_word' id='word_1_170' title='bbox 791 2126 839 2181; x_wconf 83' lang='lat' dir='ltr'><strong><em>vi</em></strong></span> <span class='ocrx_word' id='word_1_171' title='bbox 892 2144 1174 2201; x_wconf 60' lang='lat' dir='ltr'><strong><em>supremis</em></strong></span> <span class='ocrx_word' id='word_1_172' title='bbox 1215 2143 1329 2182; x_wconf 83' lang='lat' dir='ltr'><strong><em>suae</em></strong></span> <span class='ocrx_word' id='word_1_173' title='bbox 1369 2114 1723 2181; x_wconf 80' lang='lat' dir='ltr'><strong><em>auctoritatis</em></strong></span> <span class='ocrx_word' id='word_1_174' title='bbox 1759 2130 1984 2200; x_wconf 88' lang='lat' dir='ltr'><strong><em>possent</em></strong></span> <span class='ocrx_word' id='word_1_175' title='bbox 2019 2123 2175 2198; x_wconf 91' lang='lat' dir='ltr'><strong><em>Epis-</em></strong></span> 
     </span>
     <span class='ocr_line' id='line_1_23' title="bbox 250 2223 2173 2302; baseline 0.001 -24"><span class='ocrx_word' id='word_1_176' title='bbox 250 2223 373 2298; x_wconf 87' lang='lat' dir='ltr'><strong><em>copi</em></strong></span> <span class='ocrx_word' id='word_1_177' title='bbox 410 2223 675 2280; x_wconf 74' lang='lat' dir='ltr'><strong><em>collective</em></strong></span> <span class='ocrx_word' id='word_1_178' title='bbox 707 2227 902 2299; x_wconf 80' lang='lat' dir='ltr'><strong><em>sumpti</em></strong></span> <span class='ocrx_word' id='word_1_179' title='bbox 949 2226 1124 2281; x_wconf 91' lang='lat' dir='ltr'><strong><em>semel</em></strong></span> <span class='ocrx_word' id='word_1_180' title='bbox 1160 2241 1258 2299; x_wconf 89' lang='lat' dir='ltr'><strong><em>pro</em></strong></span> <span class='ocrx_word' id='word_1_181' title='bbox 1290 2240 1513 2299; x_wconf 84' lang='lat' dir='ltr'><strong><em>semper</em></strong></span> <span class='ocrx_word' id='word_1_182' title='bbox 1554 2224 1634 2279; x_wconf 91' lang='lat' dir='ltr'><strong><em>sic</em></strong></span> <span class='ocrx_word' id='word_1_183' title='bbox 1667 2224 1967 2302; x_wconf 84' lang='lat' dir='ltr'><strong><em>decernere</em></strong></span> <span class='ocrx_word' id='word_1_184' title='bbox 1998 2245 2008 2277; x_wconf 90' lang='lat'>:</span> <span class='ocrx_word' id='word_1_185' title='bbox 2041 2223 2173 2279; x_wconf 86' lang='lat' dir='ltr'><strong><em>Pro-</em></strong></span> 
     </span>
     <span class='ocr_line' id='line_1_24' title="bbox 250 2323 2170 2398; baseline 0.002 -22"><span class='ocrx_word' id='word_1_186' title='bbox 250 2323 478 2379; x_wconf 74' lang='lat' dir='ltr'><strong><em>liibemns</em></strong></span> <span class='ocrx_word' id='word_1_187' title='bbox 515 2343 577 2379; x_wconf 80' lang='lat' dir='ltr'><strong><em>ne</em></strong></span> <span class='ocrx_word' id='word_1_188' title='bbox 616 2327 669 2379; x_wconf 80' lang='lat' dir='ltr'><strong><em>in</em></strong></span> <span class='ocrx_word' id='word_1_189' title='bbox 702 2333 975 2398; x_wconf 78' lang='lat' dir='ltr'><strong><em>posteram</em></strong></span> <span class='ocrx_word' id='word_1_190' title='bbox 1010 2324 1150 2380; x_wconf 80' lang='lat' dir='ltr'><strong><em>ullas</em></strong></span> <span class='ocrx_word' id='word_1_191' title='bbox 1194 2324 1487 2397; x_wconf 81' lang='lat' dir='ltr'><strong><em>Episcopus</em></strong></span> <span class='ocrx_word' id='word_1_192' title='bbox 1523 2342 1638 2379; x_wconf 86' lang='lat' dir='ltr'><strong><em>sese</em></strong></span> <span class='ocrx_word' id='word_1_193' title='bbox 1678 2324 1920 2396; x_wconf 78' lang='lat' dir='ltr'><strong><em>subjiciat</em></strong></span> <span class='ocrx_word' id='word_1_194' title='bbox 1957 2323 2053 2378; x_wconf 80' lang='lat' dir='ltr'><strong><em>alli</em></strong></span> <span class='ocrx_word' id='word_1_195' title='bbox 2084 2323 2170 2379; x_wconf 84' lang='lat' dir='ltr'><strong><em>de·</em></strong></span> 
     </span>
     <span class='ocr_line' id='line_1_25' title="bbox 252 2422 2170 2498; baseline 0.002 -23"><span class='ocrx_word' id='word_1_196' title='bbox 252 2430 391 2477; x_wconf 77' lang='lat' dir='ltr'><strong><em>creto</em></strong></span> <span class='ocrx_word' id='word_1_197' title='bbox 440 2423 668 2479; x_wconf 83' lang='lat' dir='ltr'><strong><em>Romani</em></strong></span> <span class='ocrx_word' id='word_1_198' title='bbox 711 2424 1005 2498; x_wconf 75' lang='lat' dir='ltr'><strong><em>Pontifices,</em></strong></span> <span class='ocrx_word' id='word_1_199' title='bbox 1054 2427 1157 2479; x_wconf 79' lang='lat' dir='ltr'><strong><em>nisi</em></strong></span> <span class='ocrx_word' id='word_1_200' title='bbox 1197 2426 1343 2498; x_wconf 75' lang='lat' dir='ltr'><strong><em>prius</em></strong></span> <span class='ocrx_word' id='word_1_201' title='bbox 1388 2442 1418 2478; x_wconf 87' lang='lat' dir='ltr'><em>a</em></span> <span class='ocrx_word' id='word_1_202' title='bbox 1463 2425 1610 2478; x_wconf 80' lang='lat' dir='ltr'><strong><em>nobis</em></strong></span> <span class='ocrx_word' id='word_1_203' title='bbox 1650 2422 1912 2478; x_wconf 76' lang='lat' dir='ltr'><strong><em>collective</em></strong></span> <span class='ocrx_word' id='word_1_204' title='bbox 1952 2424 2170 2496; x_wconf 79' lang='lat' dir='ltr'><strong><em>sumptis</em></strong></span> 
     </span>
     <span class='ocr_line' id='line_1_26' title="bbox 251 2521 2211 2598; baseline 0.001 -21"><span class='ocrx_word' id='word_1_205' title='bbox 251 2526 577 2594; x_wconf 52' lang='lat' dir='ltr'><strong><em>nominate,</em></strong></span> <span class='ocrx_word' id='word_1_206' title='bbox 628 2532 898 2598; x_wconf 81' lang='lat' dir='ltr'><strong><em>acceptato</em></strong></span> <span class='ocrx_word' id='word_1_207' title='bbox 938 2534 988 2582; x_wconf 84' lang='lat' dir='ltr'><strong><em>et</em></strong></span> <span class='ocrx_word' id='word_1_208' title='bbox 1029 2526 1365 2597; x_wconf 79' lang='lat' dir='ltr'><strong><em>confirmato.</em></strong></span> <span class='ocrx_word' id='word_1_209' title='bbox 1412 2523 1630 2580; x_wconf 86' lang='lat' dir='ltr'><strong><em>Valeret</em></strong></span> <span class='ocrx_word' id='word_1_210' title='bbox 1676 2540 1811 2579; x_wconf 88' lang='lat' dir='ltr'><strong><em>sane</em></strong></span> <span class='ocrx_word' id='word_1_211' title='bbox 1852 2521 2168 2580; x_wconf 88' lang='lat' dir='ltr'><strong><em>istiusmodi</em></strong></span> <span class='ocrx_word' id='word_1_212' title='bbox 2208 2575 2211 2579; x_wconf 90' lang='grc'>,</span> 
     </span>
     <span class='ocr_line' id='line_1_27' title="bbox 251 2622 2202 2703; baseline 0.002 -25"><span class='ocrx_word' id='word_1_213' title='bbox 251 2623 562 2694; x_wconf 87' lang='lat' dir='ltr'><strong><em>decretum,</em></strong></span> <span class='ocrx_word' id='word_1_214' title='bbox 594 2625 878 2698; x_wconf 89' lang='lat' dir='ltr'><strong><em>siquidem</em></strong></span> <span class='ocrx_word' id='word_1_215' title='bbox 907 2632 1197 2682; x_wconf 87' lang='lat' dir='ltr'><strong><em>emanaret</em></strong></span> <span class='ocrx_word' id='word_1_216' title='bbox 1227 2625 1294 2681; x_wconf 89' lang='lat' dir='ltr'><strong><em>ab</em></strong></span> <span class='ocrx_word' id='word_1_217' title='bbox 1317 2623 1606 2700; x_wconf 86' lang='lat' dir='ltr'><strong><em>Episcopis</em></strong></span> <span class='ocrx_word' id='word_1_218' title='bbox 1630 2622 1900 2680; x_wconf 82' lang='lat' dir='ltr'><strong><em>collective</em></strong></span> <span class='ocrx_word' id='word_1_219' title='bbox 1925 2626 2166 2698; x_wconf 75' lang='lat' dir='ltr'><strong><em>sumptis,</em></strong></span> <span class='ocrx_word' id='word_1_220' title='bbox 2197 2698 2202 2703; x_wconf 24' lang='grc' dir='ltr'>Ι</span> 
     </span>
     <span class='ocr_line' id='line_1_28' title="bbox 252 2706 2218 2799; baseline 0.001 -23"><span class='ocrx_word' id='word_1_221' title='bbox 252 2722 373 2795; x_wconf 86' lang='lat' dir='ltr'><strong><em>qui,</em></strong></span> <span class='ocrx_word' id='word_1_222' title='bbox 418 2728 482 2778; x_wconf 87' lang='lat' dir='ltr'><strong><em>ut</em></strong></span> <span class='ocrx_word' id='word_1_223' title='bbox 520 2723 683 2792; x_wconf 87' lang='lat' dir='ltr'><strong><em>tales,</em></strong></span> <span class='ocrx_word' id='word_1_224' title='bbox 744 2732 929 2782; x_wconf 89' lang='lat' dir='ltr'><strong><em>essent</em></strong></span> <span class='ocrx_word' id='word_1_225' title='bbox 972 2742 1142 2799; x_wconf 90' lang='lat' dir='ltr'><strong><em>supra</em></strong></span> <span class='ocrx_word' id='word_1_226' title='bbox 1186 2724 1388 2798; x_wconf 88' lang='lat' dir='ltr'><strong><em>Papam</em></strong></span> <span class='ocrx_word' id='word_1_227' title='bbox 1432 2730 1484 2780; x_wconf 91' lang='lat' dir='ltr'><strong><em>et</em></strong></span> <span class='ocrx_word' id='word_1_228' title='bbox 1535 2741 1799 2798; x_wconf 87' lang='lat' dir='ltr'><strong><em>suprema</em></strong></span> <span class='ocrx_word' id='word_1_229' title='bbox 1844 2723 2169 2780; x_wconf 87' lang='lat' dir='ltr'><strong><em>auctoritate</em></strong></span> <span class='ocrx_word' id='word_1_230' title='bbox 2214 2706 2218 2711; x_wconf 30' lang='lat'>⁴</span> 
     </span>
     <span class='ocr_line' id='line_1_29' title="bbox 251 2821 2208 2902; baseline 0.001 -26"><span class='ocrx_word' id='word_1_231' title='bbox 251 2821 588 2895; x_wconf 88' lang='lat' dir='ltr'><strong><em>potirentur.</em></strong></span> <span class='ocrx_word' id='word_1_232' title='bbox 622 2823 861 2880; x_wconf 86' lang='lat' dir='ltr'><strong><em>Proinde</em></strong></span> <span class='ocrx_word' id='word_1_233' title='bbox 887 2824 1002 2898; x_wconf 85' lang='lat' dir='ltr'><strong><em>jam</em></strong></span> <span class='ocrx_word' id='word_1_234' title='bbox 1044 2823 1302 2899; x_wconf 88' lang='lat' dir='ltr'><strong><em>Episcopi</em></strong></span> <span class='ocrx_word' id='word_1_235' title='bbox 1337 2828 1616 2896; x_wconf 85' lang='lat' dir='ltr'><strong><em>quatenus</em></strong></span> <span class='ocrx_word' id='word_1_236' title='bbox 1654 2823 1867 2896; x_wconf 72' lang='lat' dir='ltr'><strong><em>sinquli,</em></strong></span> <span class='ocrx_word' id='word_1_237' title='bbox 1903 2828 1955 2879; x_wconf 90' lang='lat' dir='ltr'><strong><em>et</em></strong></span> <span class='ocrx_word' id='word_1_238' title='bbox 1988 2822 2171 2879; x_wconf 88' lang='lat' dir='ltr'><strong><em>Eccle-</em></strong></span> <span class='ocrx_word' id='word_1_239' title='bbox 2206 2899 2208 2902; x_wconf 10' lang='lat' dir='ltr'>y</span> 
     </span>
     <span class='ocr_line' id='line_1_30' title="bbox 253 2917 2165 2996; baseline 0.001 -20"><span class='ocrx_word' id='word_1_240' title='bbox 253 2920 349 2976; x_wconf 87' lang='lat' dir='ltr'><strong><em>siae</em></strong></span> <span class='ocrx_word' id='word_1_241' title='bbox 377 2928 655 2995; x_wconf 90' lang='lat' dir='ltr'><strong><em>quatenus</em></strong></span> <span class='ocrx_word' id='word_1_242' title='bbox 675 2922 941 2996; x_wconf 81' lang='lat' dir='ltr'><strong><em>singulae,</em></strong></span> <span class='ocrx_word' id='word_1_243' title='bbox 970 2930 1082 2978; x_wconf 89' lang='lat' dir='ltr'><strong><em>non</em></strong></span> <span class='ocrx_word' id='word_1_244' title='bbox 1110 2917 1441 2979; x_wconf 84' lang='lat' dir='ltr'><strong><em>tenerentur</em></strong></span> <span class='ocrx_word' id='word_1_245' title='bbox 1469 2921 1627 2996; x_wconf 77' lang='lat' dir='ltr'><strong><em>Papae</em></strong></span> <span class='ocrx_word' id='word_1_246' title='bbox 1651 2922 1898 2978; x_wconf 86' lang='lat' dir='ltr'><strong><em>decretis</em></strong></span> <span class='ocrx_word' id='word_1_247' title='bbox 1925 2921 2165 2991; x_wconf 63' lang='lat' dir='ltr'><strong><em>obedire}</em></strong></span> 
     </span>
     <span class='ocr_line' id='line_1_31' title="bbox 254 3019 2170 3097; baseline -0.001 -20"><span class='ocrx_word' id='word_1_248' title='bbox 254 3026 351 3078; x_wconf 88' lang='lat' dir='ltr'><strong><em>aut</em></strong></span> <span class='ocrx_word' id='word_1_249' title='bbox 375 3027 705 3080; x_wconf 85' lang='lat' dir='ltr'><strong><em>tenerentur</em></strong></span> <span class='ocrx_word' id='word_1_250' title='bbox 731 3023 1020 3079; x_wconf 85' lang='lat' dir='ltr'><strong><em>dumtaxat</em></strong></span> <span class='ocrx_word' id='word_1_251' title='bbox 1050 3029 1330 3097; x_wconf 85' lang='lat' dir='ltr'><strong><em>quatenus</em></strong></span> <span class='ocrx_word' id='word_1_252' title='bbox 1354 3022 1440 3079; x_wconf 82' lang='lat' dir='ltr'><strong><em>eis</em></strong></span> <span class='ocrx_word' id='word_1_253' title='bbox 1470 3022 1583 3078; x_wconf 71' lang='lat' dir='ltr'><strong><em>vim</em></strong></span> <span class='ocrx_word' id='word_1_254' title='bbox 1610 3022 1895 3095; x_wconf 86' lang='lat' dir='ltr'><strong><em>obligandi</em></strong></span> <span class='ocrx_word' id='word_1_255' title='bbox 1923 3019 2170 3078; x_wconf 89' lang='lat' dir='ltr'><strong><em>collectio</em></strong></span> 
     </span>
     <span class='ocr_line' id='line_1_32' title="bbox 254 3118 2171 3196; baseline 0.001 -23"><span class='ocrx_word' id='word_1_256' title='bbox 254 3118 662 3196; x_wconf 88' lang='lat' dir='ltr'><strong><em>Episcoporum</em></strong></span> <span class='ocrx_word' id='word_1_257' title='bbox 702 3122 1020 3180; x_wconf 87' lang='lat' dir='ltr'><strong><em>indidisset.</em></strong></span> <span class='ocrx_word' id='word_1_258' title='bbox 1062 3122 1239 3196; x_wconf 83' lang='lat' dir='ltr'><strong><em>Igitur</em></strong></span> <span class='ocrx_word' id='word_1_259' title='bbox 1273 3126 1460 3177; x_wconf 89' lang='lat' dir='ltr'><strong><em>actum</em></strong></span> <span class='ocrx_word' id='word_1_260' title='bbox 1504 3126 1650 3176; x_wconf 81' lang='lat' dir='ltr'><strong><em>esset</em></strong></span> <span class='ocrx_word' id='word_1_261' title='bbox 1690 3120 1758 3176; x_wconf 88' lang='lat' dir='ltr'><strong><em>de</em></strong></span> <span class='ocrx_word' id='word_1_262' title='bbox 1798 3120 2048 3196; x_wconf 86' lang='lat' dir='ltr'><strong><em>primatu</em></strong></span> <span class='ocrx_word' id='word_1_263' title='bbox 2085 3119 2171 3194; x_wconf 71' lang='lat' dir='ltr'><strong><em>ju·</em></strong></span> 
     </span>
     <span class='ocr_line' id='line_1_33' title="bbox 254 3216 2169 3294; baseline -0.001 -20"><span class='ocrx_word' id='word_1_264' title='bbox 254 3218 603 3276; x_wconf 89' lang='lat' dir='ltr'><strong><em>risdictionis</em></strong></span> <span class='ocrx_word' id='word_1_265' title='bbox 648 3221 885 3277; x_wconf 70' lang='lat' dir='ltr'><strong><em>Romani</em></strong></span> <span class='ocrx_word' id='word_1_266' title='bbox 928 3221 1234 3291; x_wconf 82' lang='lat' dir='ltr'><strong><em>Pontificis,</em></strong></span> <span class='ocrx_word' id='word_1_267' title='bbox 1277 3220 1448 3276; x_wconf 88' lang='lat' dir='ltr'><strong><em>etiam</em></strong></span> <span class='ocrx_word' id='word_1_268' title='bbox 1502 3219 1559 3274; x_wconf 92' lang='lat' dir='ltr'><strong><em>in</em></strong></span> <span class='ocrx_word' id='word_1_269' title='bbox 1599 3219 1897 3294; x_wconf 73' lang='lat' dir='ltr'><strong><em>Episcopos</em></strong></span> <span class='ocrx_word' id='word_1_270' title='bbox 1940 3216 2169 3281; x_wconf 84' lang='lat' dir='ltr'><strong><em>seorsim</em></strong></span> 
     </span>
     <span class='ocr_line' id='line_1_34' title="bbox 259 3317 2222 3396; baseline -0.001 -24"><span class='ocrx_word' id='word_1_271' title='bbox 259 3323 535 3394; x_wconf 77' lang='lat' dir='ltr'><strong><em>sumptos,</em></strong></span> <span class='ocrx_word' id='word_1_272' title='bbox 566 3319 706 3393; x_wconf 78' lang='lat' dir='ltr'><strong><em>Imo,</em></strong></span> <span class='ocrx_word' id='word_1_273' title='bbox 731 3327 794 3378; x_wconf 88' lang='lat' dir='ltr'><strong><em>ut</em></strong></span> <span class='ocrx_word' id='word_1_274' title='bbox 823 3321 1139 3396; x_wconf 85' lang='lat' dir='ltr'><strong><em>perimatur</em></strong></span> <span class='ocrx_word' id='word_1_275' title='bbox 1171 3321 1280 3377; x_wconf 90' lang='lat' dir='ltr'><strong><em>iste</em></strong></span> <span class='ocrx_word' id='word_1_276' title='bbox 1306 3319 1609 3395; x_wconf 80' lang='lat' dir='ltr'><strong><em>primatuS‚</em></strong></span> <span class='ocrx_word' id='word_1_277' title='bbox 1641 3336 1676 3376; x_wconf 86' lang='lat' dir='ltr'><strong><em>a</em></strong></span> <span class='ocrx_word' id='word_1_278' title='bbox 1702 3317 1920 3375; x_wconf 87' lang='lat' dir='ltr'><strong><em>Christo</em></strong></span> <span class='ocrx_word' id='word_1_279' title='bbox 1946 3317 2173 3375; x_wconf 73' lang='lat' dir='ltr'><strong><em>Domino</em></strong></span> <span class='ocrx_word' id='word_1_280' title='bbox 2195 3367 2222 3394; x_wconf 69' lang='lat'><strong><em>·.</em></strong></span> 
     </span>
     <span class='ocr_line' id='line_1_35' title="bbox 259 3413 2182 3492; baseline 0.001 -23"><span class='ocrx_word' id='word_1_281' title='bbox 259 3415 516 3474; x_wconf 77' lang='lat' dir='ltr'><strong><em>Romame</em></strong></span> <span class='ocrx_word' id='word_1_282' title='bbox 544 3413 674 3476; x_wconf 76' lang='lat' dir='ltr'><strong><em>Sedi</em></strong></span> <span class='ocrx_word' id='word_1_283' title='bbox 715 3421 978 3492; x_wconf 86' lang='lat' dir='ltr'><strong><em>collatus,</em></strong></span> <span class='ocrx_word' id='word_1_284' title='bbox 1008 3438 1238 3476; x_wconf 89' lang='lat' dir='ltr'><strong><em>necesse</em></strong></span> <span class='ocrx_word' id='word_1_285' title='bbox 1278 3437 1390 3475; x_wconf 90' lang='lat' dir='ltr'><strong><em>non</em></strong></span> <span class='ocrx_word' id='word_1_286' title='bbox 1436 3423 1515 3474; x_wconf 87' lang='lat' dir='ltr'><strong><em>est</em></strong></span> <span class='ocrx_word' id='word_1_287' title='bbox 1565 3422 1628 3473; x_wconf 89' lang='lat' dir='ltr'><strong><em>ut</em></strong></span> <span class='ocrx_word' id='word_1_288' title='bbox 1660 3417 1915 3473; x_wconf 89' lang='lat' dir='ltr'><strong><em>collectio</em></strong></span> <span class='ocrx_word' id='word_1_289' title='bbox 1957 3416 2182 3492; x_wconf 87' lang='lat' dir='ltr'><strong><em>Episco-.</em></strong></span> 
     </span>
    </p>
   </div>
   <div class='ocr_carea' id='block_1_5' title="bbox 260 3514 2183 3702">
    <p class='ocr_par' dir='ltr' id='par_1_5' title="bbox 260 3514 2183 3702">
     <span class='ocr_line' id='line_1_36' title="bbox 260 3514 2183 3595; baseline 0.001 -30"><span class='ocrx_word' id='word_1_290' title='bbox 260 3528 455 3581; x_wconf 85' lang='lat' dir='ltr'><strong><em>porum</em></strong></span> <span class='ocrx_word' id='word_1_291' title='bbox 487 3517 612 3575; x_wconf 83' lang='lat' dir='ltr'><strong><em>edat</em></strong></span> <span class='ocrx_word' id='word_1_292' title='bbox 649 3519 717 3577; x_wconf 90' lang='lat' dir='ltr'><strong><em>de</em></strong></span> <span class='ocrx_word' id='word_1_293' title='bbox 742 3519 885 3576; x_wconf 86' lang='lat' dir='ltr'><strong><em>facto</em></strong></span> <span class='ocrx_word' id='word_1_294' title='bbox 913 3519 1304 3595; x_wconf 90' lang='lat' dir='ltr'><strong><em>supradictum</em></strong></span> <span class='ocrx_word' id='word_1_295' title='bbox 1340 3517 1651 3583; x_wconf 88' lang='lat' dir='ltr'><strong><em>decretum;</em></strong></span> <span class='ocrx_word' id='word_1_296' title='bbox 1684 3515 1887 3572; x_wconf 68' lang='lat' dir='ltr'><strong><em>sufficit</em></strong></span> <span class='ocrx_word' id='word_1_297' title='bbox 1919 3521 1981 3572; x_wconf 86' lang='lat' dir='ltr'><strong><em>ut</em></strong></span> <span class='ocrx_word' id='word_1_298' title='bbox 2001 3514 2183 3589; x_wconf 39' lang='lat' dir='ltr'><strong><em>possit·</em></strong></span> 
     </span>
     <span class='ocr_line' id='line_1_37' title="bbox 261 3606 2168 3702; baseline -0.001 -35"><span class='ocrx_word' id='word_1_299' title='bbox 261 3606 444 3682; x_wconf 74' lang='lat' dir='ltr'><strong><em>edere.</em></strong></span> <span class='ocrx_word' id='word_1_300' title='bbox 487 3613 623 3670; x_wconf 85' lang='lat' dir='ltr'><strong><em>Nam</em></strong></span> <span class='ocrx_word' id='word_1_301' title='bbox 670 3617 770 3673; x_wconf 88' lang='lat' dir='ltr'><strong><em>hoc</em></strong></span> <span class='ocrx_word' id='word_1_302' title='bbox 811 3618 935 3693; x_wconf 90' lang='lat' dir='ltr'><strong><em>ipso</em></strong></span> <span class='ocrx_word' id='word_1_303' title='bbox 982 3618 1135 3691; x_wconf 88' lang='lat' dir='ltr'><strong><em>quod</em></strong></span> <span class='ocrx_word' id='word_1_304' title='bbox 1206 3617 1408 3687; x_wconf 72' lang='lat' dir='ltr'><strong><em>valeat,</em></strong></span> <span class='ocrx_word' id='word_1_305' title='bbox 1448 3614 1677 3689; x_wconf 86' lang='lat' dir='ltr'><strong><em>quande</em></strong></span> <span class='ocrx_word' id='word_1_306' title='bbox 1717 3615 1884 3685; x_wconf 78' lang='lat' dir='ltr'><strong><em>volet,</em></strong></span> <span class='ocrx_word' id='word_1_307' title='bbox 1917 3610 2168 3702; x_wconf 17' lang='lat' dir='ltr'><strong><em>’decretis</em></strong></span> 
     </span>
    </p>
   </div>
  </div>
 </body>
</html>
