2306 4010
2285 190 2288 196 ’
2267 0 2306 173 ἰα-’Ξεὲὲἕεὶὸῖᾶὶ

326 175 417 222 254
1005 165 1304 214 TRACTATUS
1333 166 1400 213 DE
1429 165 1577 214 PAPA.
2140 155 2165 177 ⁰

328 281 641 356 quemlibet
680 277 1084 351 Episcoporum
1130 277 1341 328 coetum
1399 289 1500 342 seu
1548 278 1895 332 conventum
1941 277 2040 350 qui
2083 278 2270 347 velletf

325 379 507 455 ipsius
535 371 732 430 haeresi
760 368 1057 426 obsistere.
1102 368 1273 426 Porro
1303 375 1438 426 tunc
1470 368 1728 443 ubinam,
1761 388 1974 444 quaeso,
2002 358 2273 449 reperies

328 470 615 533 sufficiens
669 466 1016 537 remedium,
1067 486 1169 526 seu
1218 468 1511 527 sufficiens
1567 469 1808 527 unitatis
1865 461 2262 548 principium?¹

323 571 470 627 Illud
517 586 652 625 sane
695 584 808 623 non
856 567 1103 642 reperies
1149 567 1210 624 in
1259 570 1428 626 hocce
1480 569 1722 626 concilio
1761 570 2051 645 acephalo,
2107 572 2254 645 quod

271 656 273 658 ’
326 674 523 725 contra
551 666 756 740 Papam
779 671 834 722 et
860 664 1074 740 absque
1098 666 1244 743 Papa
1269 674 1544 743 tanquam
1574 667 1818 743 praeside
1848 668 2248 729 celebraretur.
2264 659 2267 661 i

325 768 461 823 Nam
485 765 638 839 quod
673 765 787 821 tale
822 764 1131 822 concilium
1172 766 1475 825 infallibile
1510 749 1608 840 sit,
1635 786 1999 842 nequaquam
2030 769 2203 844 proba
2232 755 2261 818 '⁷‘-

327 871 510 942 potest
538 884 605 922 ex
630 870 784 921 textu
814 866 1155 939 evangelico
1195 867 1470 942 Equidem
1496 869 1882 944 apostolorum
1914 864 2147 943 collegio
2172 868 2262 926 in‘·

328 963 691 1021 fallibitatem
735 964 996 1041 promisit
1032 966 1289 1024 Christus
1326 967 1590 1039 dicende,
1625 968 1823 1024 Emztes
1851 968 2108 1024 docete...
2145 986 2202 1024 ec
2240 957 2266 1040 ri,

331 1088 423 1145 eqo
464 1071 731 1127 vobiscum
765 1088 954 1126 sunu..
985 1069 1356 1142 Quodcumque
1386 1068 1722 1124 solveritis..
1754 1091 1764 1134 3
1795 1067 1891 1123 scd
1924 1066 1982 1122 in
2015 1066 2124 1122 isto
2148 1066 2257 1124 col-

331 1169 478 1244 legio
505 1169 700 1225 aderat
733 1169 933 1226 Petrus
962 1175 1235 1242 tanquam
1273 1172 1464 1244 caput.
1497 1166 1650 1224 Unde
1678 1165 1940 1223 concludi
1967 1165 2277 1226 dumtaxat

332 1273 515 1342 potest
553 1266 936 1324 infallibilitas
967 1266 1152 1341 quoad
1179 1266 1586 1342 Episcoporum
1613 1265 1917 1338 collegium
1946 1264 2037 1320 cui
2063 1269 2259 1339 praeest

329 1363 496 1438 Papa.
523 1366 588 1420 At
614 1365 856 1422 concilio
885 1365 1181 1440 acephaIO,
1223 1382 1408 1438 neque
1449 1382 1516 1420 ex
1538 1363 1831 1439 Scriptura
1861 1381 2042 1433 sacra,
2078 1379 2283 1435 neque>

332 1481 397 1519 ex
427 1466 655 1521 Patrum
686 1466 990 1523 traditione
1025 1471 1123 1522 aut
1154 1465 1417 1522 Ecclesiae
1464 1464 1625 1540 praxi
1672 1463 1918 1520 adscribi
1945 1468 2129 1537 potest
2174 1462 2260 1517 in-

331 1564 696 1623 fallibilitatis
723 1567 1112 1641 praerogativa.
1144 1566 1323 1640 Igitur
1355 1565 1403 1621 si
1431 1564 1607 1622 semel
1649 1563 1943 1620 fallibilem
1979 1580 2262 1637 supponas

331 1664 651 1721 Romanum
700 1667 1048 1738 Pontificem,
1094 1667 1298 1742 poterit
1343 1666 1390 1722 is
1420 1683 1717 1722 erroneam
1766 1664 1933 1720 fidem
1971 1663 2169 1720 docere
2203 1680 2263 1720 ac

335 1763 599 1828 definire3
649 1774 702 1822 et
731 1767 926 1838 simul,
971 1785 1092 1824 sese
1132 1766 1461 1841 denegando
1493 1772 1771 1839 tanquam
1810 1763 2136 1840 praesidem,
2166 1780 2274 1838 po-.

333 1861 466 1918 terit
503 1862 776 1938 impedire
819 1884 889 1922 ne
918 1867 1105 1922 ullum
1148 1866 1467 1937 celebretur
1516 1865 1818 1921 concilium
1867 1862 2285 1931 infallibilitate·,g

333 1965 484 2015 certo
507 1960 743 2034 pollens.
777 1962 844 2016 Et
871 1968 1006 2017 tune
1046 1980 1230 2034 neque
1275 1963 1417 2036 Papa
1446 1959 1764 2016 infallibilis
1792 1959 1921 2028 erit,
1955 1977 2139 2031 neque
2166 1943 2284 2014 ha-⁵

330 2059 452 2116 beri
481 2060 686 2135 poterit
724 2062 1027 2118 concilium
1068 2062 1391 2118 infallibile.
1438 2061 1679 2117 Proinde
1717 2060 1942 2116 nullum
1987 2060 2186 2117 existet
2206 2057 2263 2114 in

332 2160 580 2216 Ecclesia
621 2160 992 2236 principium,
1033 2161 1161 2217 fidei
1200 2162 1480 2217 unitatem
1513 2160 1816 2217 efficaciter
1841 2159 2160 2235 producens
2202 2175 2279 2237 ao¹

334 2260 619 2327 retinens3
663 2265 718 2316 et
752 2267 940 2317 actum
980 2261 1087 2317 erit
1130 2261 1198 2316 de
1237 2260 1455 2317 unitate
1498 2258 1648 2315 fidei.
1864 2258 1866 2261 ’
2271 2250 2275 2257 ’

411 2359 559 2415 VII¹¹¹¹¹
590 2359 962 2416 Cossizcmnmu
992 2379 1194 2417 FALsun.
1218 2394 1291 2402 —
1310 2359 1579 2440 Sequitur
1604 2358 1854 2415 schisma
1869 2367 1999 2415 ‘esse
2021 2358 2239 2415 licitum

337 2459 452 2515 imo
484 2464 538 2515 et
573 2476 637 2515 ex
669 2459 1011 2533 obligatione
1052 2460 1399 2516 faciendum.
1438 2458 1695 2515 Schisma
1739 2458 1891 2515 enim
1936 2458 1995 2513 in
2036 2477 2099 2515 eo
2139 2476 2239 2515 con

339 2557 508 2626 sistit,
557 2558 704 2631 quod
739 2559 869 2633 quis
898 2559 1267 2635 pertinaciter
1309 2557 1681 2627 contradicat,
1720 2564 2041 2632 opponatur
2085 2575 2148 2613 ac
2186 2575 2214 2613 r

337 2656 504 2712 bellis
545 2656 641 2712 fiat
682 2657 940 2715 Ecclesiae
985 2660 1332 2734 pastoribUS,
1378 2676 1441 2714 ac
1483 2656 1802 2732 praesertim
1843 2657 2095 2713 Romano
2132 2637 2244 2714 Pon

338 2754 498 2810 tifici.
543 2755 654 2810 Hoc
699 2755 824 2830 ipso
862 2757 1013 2813 enim
1049 2757 1255 2814 scindit
1304 2757 1556 2832 seipsum
1602 2773 1666 2812 ac
1706 2762 1924 2831 separat
1966 2775 1995 2812 a
2036 2774 2252 2832 corpor

337 2853 622 2926 Ecclesiae,
664 2855 814 2928 quod
851 2873 974 2913 esse
1002 2857 1198 2931 nequit
1235 2857 1450 2932 absque
1478 2857 1662 2933 capite
1705 2875 1807 2913 suo
1850 2857 2102 2914 Romano
2128 2857 2238 2913 Pon

336 2952 503 3010 tifice.
533 2954 653 3010 Jam
691 2972 824 3011 vero
861 2957 1037 3013 semel
1076 2956 1325 3014 admissa
1362 2957 1522 3033 Papae
1549 2955 1912 3030 fallibilitate,
1941 2956 2204 3031 continge
2245 2981 2247 2984 ·

338 3059 522 3127 potest
543 3059 607 3109 ut
631 3072 882 3111 errorem
909 3055 1125 3127 doceat,
1154 3075 1217 3113 ac
1244 3057 1559 3114 tenendum
1583 3054 1930 3132 praescribat.
1960 3055 2114 3112 Tunc
2138 3072 2201 3111 ve
2231 3051 2233 3054 ’
2296 3056 2298 3058 ’

337 3149 614 3226 Episcopi,
639 3151 815 3209 immo
835 3158 889 3210 et
909 3153 1122 3228 quique
1137 3154 1350 3220 fideleS,
1374 3173 1627 3212 errorem
1645 3154 1819 3211 istum
1838 3154 2239 3229 perspicient

337 3247 592 3321 legitime
616 3255 882 3326 poterunt
912 3251 1019 3327 ipsi
1045 3253 1451 3327 contradicere,
1490 3252 1755 3310 reluctari
1793 3270 1857 3309 ac
1889 3252 2244 3311 obedientia-i
2284 3244 2286 3246 ¹

342 3343 618 3420 denegare
648 3369 660 3404 ε
699 3348 877 3407 immo
901 3350 970 3407 ad
989 3351 1046 3407 id
1072 3352 1442 3423 tenebuntur,
1468 3371 1599 3408 cum
1633 3369 1748 3408 non
1773 3350 1938 3408 liceat
1972 3353 2302 3408 θΓΓοῐιθ3”

342 3439 507 3498 fidem
551 3447 815 3522 amplecti
857 3467 922 3504 ac
966 3449 1238 3525 profiteri.
1283 3450 1462 3524 Igitur
1506 3448 1758 3523 legitime
1801 3453 2098 3524 poterunt,
2151 3433 2290 3503 im

347 3537 651 3616 debebunt,
693 3548 908 3623 seipsos
948 3567 1209 3624 separare
1244 3549 1315 3606 ab
1350 3548 1610 3607 Ecclesiae
1645 3548 1851 3624 capite,
1899 3553 1953 3604 et
1985 3565 2015 3603 a
2052 3550 2183 3603 caete

348 3635 447 3707 qui
479 3639 612 3697 huic
657 3646 828 3720 capiti
871 3648 1174 3707 adhaerent.
1210 3648 1366 3706 Unde
1405 3666 1472 3705 ex
1503 3649 1678 3706 semel
1715 3646 1898 3722 posita
1929 3627 2275 3703 fallihilitata‘
