2306 4010
863 192 991 237 PARS
1023 189 1264 238 SECUNDA.
1955 190 2008 236 51

126 301 362 368 sionem,
395 316 508 355 non
535 297 826 373 impedivit
857 299 994 373 quin
1031 301 1145 355 haec
1176 296 1420 355 extensio
1454 297 1623 354 fuerit
1654 299 1891 371 furtum3
1917 298 2016 356 sed

127 396 512 472 cooperatione
539 414 638 452 sua
666 395 896 469 hujusce
919 395 1056 452 furti
1093 413 1151 452 se
1173 393 1497 469 complicem
1520 393 1672 451 fecit.
1696 425 1765 434 —
1786 395 1843 451 2⁰
1881 395 2021 451 Cum

127 499 309 550 autem
347 498 603 566 ageretur
632 493 699 548 de
738 491 898 549 bonis
930 490 1344 562 ecclesiasticis,
1386 491 1603 547 furtum
1637 491 1787 549 istud
1814 492 1920 548 suit
1946 491 2022 548 si-

131 592 252 647 mul
276 592 625 664 sacrileyium.
648 590 788 645 —50
804 586 1038 657 Decreti,
1063 604 1173 658 quo
1192 587 1533 645 oecumenica
1547 588 1790 664 synodus
1813 589 2019 646 dictam

131 690 508 746 extensionem
544 686 925 762 prohibuerat,
969 685 1383 758 abrogationem
1434 689 1779 757 attentandO,
1828 706 2021 764 supre-

133 805 282 842 mam
319 786 376 840 in
398 783 639 840 Ecclesia
672 781 1063 838 auctoritatem
1097 780 1204 836 sibi
1229 784 1524 856 usurpavit
1557 790 1868 842 conventus
1895 785 2028 841 anni

114 883 310 951 ,1682;
343 882 629 937 intrusione
657 878 866 934 scilicet
902 878 1197 934 manifesta
1231 884 1286 934 et
1310 898 1420 952 qua
1455 882 1634 954 major
1660 901 1782 940 esse
1808 883 2023 956 nequit.

137 1014 205 1022 —
225 982 280 1036 4⁰
315 978 401 1034 Sic
431 977 780 1034 decernendo
812 977 993 1050 quoad
1033 977 1250 1049 regalia}
1283 978 1589 1050 negotium,
1615 979 1864 1037 Romano
1896 982 2034 1036 Pon-

133 1078 265 1134 titici
306 1077 649 1133 contrarium
697 1075 1038 1150 praecipienti
1070 1076 1254 1151 palam
1299 1076 1506 1132 restitit
1563 1083 1617 1133 et
1655 1076 2032 1134 obedientiam

135 1176 440 1249 denegavit,
477 1193 540 1231 ac
572 1175 804 1250 proinde
838 1176 1134 1230 schismatis
1171 1194 1231 1231 se
1271 1194 1429 1231 reum
1463 1175 1612 1232 fecit.
1638 1210 1705 1217 —
1729 1177 1781 1232 5⁰
1818 1176 2035 1232 Praelati

135 1282 188 1332 et
213 1275 306 1330 alii
333 1274 536 1348 quibus
562 1273 851 1330 constabat
878 1279 1204 1343 conventuS,
1237 1273 1449 1347 quique
1474 1274 1774 1331 unanimes
1803 1275 2034 1331 fuerunt

138 1373 195 1428 in
226 1372 575 1429 concedenda
595 1371 918 1428 extensione
945 1371 1188 1444 regaliae,
1222 1373 1326 1427 hoc
1350 1372 1471 1446 ipso
1507 1372 2040 1429 excommunicatio-

138 1488 266 1525 nem
299 1490 327 1525 a
358 1469 591 1524 concilio
615 1468 955 1524 oecumenico
979 1468 1333 1540 Lugdunensi
1367 1475 1631 1524 statutam
1671 1476 1819 1525 certo
1845 1470 2036 1525 incur—

142 1572 354 1622 rerunt.
383 1567 452 1621 De
491 1585 600 1638 quo
635 1565 785 1639 ipsos
818 1565 1162 1621 commonuit
1202 1585 1460 1622 summus
1498 1565 1767 1634 PontiseX‚
1811 1572 1871 1623 ut
1907 1585 2039 1623 con-

145 1663 387 1719 scientiae
426 1680 538 1718 suae
570 1662 945 1718 consulerent.
988 1663 1052 1734 At
1094 1680 1387 1718 censuram
1428 1669 1482 1719 et
1515 1662 1791 1718 Pontificis
1829 1663 2042 1719 monita

145 1759 307 1814 nihili
332 1760 602 1828 fecerunt,
628 1777 738 1812 non
770 1758 888 1813 sine
914 1757 1151 1828 lugendo
1179 1775 1310 1813 sane
1343 1757 1615 1813 scandalo.

219 1857 452 1930 objicies,
481 1890 548 1898 —
567 1856 888 1912 Persuaderi
909 1856 1230 1912 hominibus
1250 1856 1442 1929 nequit
1472 1875 1686 1914 errasse
1711 1857 1858 1914 viros
1886 1864 2036 1930 tanta

145 1955 391 2011 doctrina
419 1960 472 2010 et
506 1954 710 2010 virtute
740 1953 1071 2027 praecipuOS.

218 2053 522 2124 Responcleo
555 2052 607 2106 1⁰
631 2075 639 2105 :
664 2051 796 2106 Cum
835 2050 1110 2106 Cardinali
1153 2051 1411 2108 Sfondrat
1443 2073 1452 2107 :
1481 2074 1507 2105 «
1547 2052 1748 2109 Mirum
1795 2072 1908 2127 non
1951 2061 2034 2110 est

146 2149 258 2205 illic
281 2166 526 2205 errorem
560 2118 753 2219 fuisse,
782 2146 878 2204 ubi
910 2149 1046 2204 alios
1067 2149 1257 2204 odium
1288 2155 1341 2204 et
1370 2149 1636 2220 vindicta,
1667 2150 1807 2206 alios
1836 2169 1963 2227 spes
1988 2157 2042 2208 et

148 2248 443 2321 cupiditaS,
475 2266 668 2303 omnes
709 2266 836 2303 vero
875 2254 1058 2303 metus
1080 2248 1335 2319 urgebat.
1373 2248 1576 2311 Quanti
1605 2248 1787 2318 Osius,
1827 2250 2042 2305 Tertul-

150 2343 357 2411 lianu5,
392 2343 626 2411 Lucifer,
669 2342 928 2415 Origenes
967 2344 1268 2413 Patresquc
1310 2343 1688 2398 Ariminenses
1715 2344 1864 2398 viri?
1892 2345 1953 2399 Et
1985 2346 2042 2400 hi

154 2446 340 2495 tamen
367 2438 565 2494 iisdem
593 2438 776 2494 causis
808 2439 1074 2494 cecidere.
1103 2438 1278 2493 Etiam
1304 2439 1529 2510 angelos
1560 2440 1832 2496 subvertit
1867 2441 2042 2498 fastus

154 2544 206 2594 et
237 2538 538 2594 aemulatio.
569 2537 725 2600 Quod
753 2537 799 2592 si
827 2538 1031 2592 durum
1063 2537 1384 2610 credituque
1422 2537 1648 2592 difficile
1686 2538 1786 2593 tihi
1818 2538 2038 2596 videtur

153 2638 364 2711 aliquot
409 2636 598 2693 Galliae
645 2635 946 2711 Episcopos
990 2653 1226 2703 errasse,
1259 2640 1313 2690 at
1351 2635 1487 2690 mihi
1516 2636 1695 2691 multo
1727 2636 1927 2693 durius
1955 2655 2042 2694 er-

153 2754 303 2793 rasse
326 2735 627 2792 concilium
665 2735 1050 2808 Lugdunense,
1094 2734 1250 2790 mille
1283 2733 1478 2790 infulis
1512 2734 1796 2807 frequenS,
1827 2743 1878 2793 et
1910 2757 2038 2793 cum

156 2834 249 2889 illo
276 2833 710 2907 quadringentos
741 2833 856 2888 fere
881 2851 1055 2888 annos
1090 2850 1306 2887 errasse
1336 2831 1635 2887 Ecclesiam
1677 2833 2039 2907 Gallicanam,

159 2951 280 3005 quae
306 2932 362 2987 in
391 2932 503 2987 haec
535 2949 715 3004 usque
745 2937 999 3005 tempora
1032 2930 1298 3004 regaliam
1345 2930 1567 3003 negavit
1606 2951 1768 3006 posse
1796 2933 2036 3001 dilatari.

159 3030 378 3085 Vanitas
402 3030 548 3086 enim
588 3037 640 3086 et
667 3031 828 3086 fucus
874 3036 957 3085 est
996 3049 1124 3086 cum
1152 3030 1346 3086 dicunt
1376 3030 1717 3086 Gallicanam
1739 3032 2042 3089 Ecclesiam

162 3128 381 3201 regaliae
407 3129 722 3202 suffragari.
751 3130 867 3185 Imo
893 3130 1049 3185 nulla
1074 3129 1246 3202 magis
1274 3129 1475 3185 obnixa
1505 3135 1613 3196 est;
1644 3149 1743 3186 nec
1769 3130 1901 3187 olim
1923 3138 2045 3188 tan-

164 3231 306 3294 tum,
337 3223 431 3280 sed
464 3225 627 3280 etiam
661 3227 762 3281 hac
800 3233 1128 3300 tempestate
1158 3234 1219 3282 ut
1251 3226 1512 3299 injustam
1550 3226 1755 3281 amovit
1786 3247 1813 3279 »
1849 3228 2045 3300 (Gallia

166 3323 446 3391 vindicata,
482 3342 535 3395 p.
569 3322 697 3391 1149,
732 3323 978 3392 S.-Galli,
1016 3324 1206 3396 1702).

242 3419 545 3491 Respomleo
572 3419 626 3472 ‘2⁰
653 3439 663 3470 :
691 3419 849 3474 Falso
886 3437 1118 3493 prorsus
1161 3419 1450 3474 extollitur
1483 3420 1757 3491 ejusmodi
1797 3422 2046 3480 virorum

168 3515 364 3584 virtuS,
391 3517 588 3590 pietas,
625 3534 846 3571 morum
890 3516 1200 3587 integritaS,
1253 3523 1418 3590 prout
1455 3523 1666 3576 constat
1701 3519 2051 3580 documentis

171 3615 515 3687 paragrapho
548 3611 866 3669 Ideductis.
894 3611 1104 3676 Quibus
1148 3612 1352 3668 addere
1379 3614 1538 3687 juvat
1569 3635 1809 3690 sequens
1838 3642 1848 3672 ε
1883 3641 1910 3671 «
1949 3621 2054 3675 En-
2118 3666 2123 3671 .

0 270 2 324 ἑ

0 353 2 419 l
