2306 4010
205 89 262 136 72
425 122 431 127 .
873 73 1162 130 TRACTATUS
1186 58 1256 118 'DE
1285 69 1435 118 ΡΑΡΑ.

147 231 152 235 -
210 173 511 252 subsecuto
536 193 689 266 regio
716 189 915 254 edicto,
941 177 1282 240 contrariam
1325 175 1663 232 sententiam
1701 174 1761 230 in
1802 172 2012 230 scholis
2054 178 2109 229 et

207 293 433 368 scriptis
474 288 822 365 prohibente.
866 282 1014 337 Hanc
1058 274 1515 349 satisfactionem?
1542 274 1796 347 exigebat
1840 274 2109 331 Summus

207 390 474 447 Pontifex.
503 388 651 443 Hanc
686 383 790 439 sihi
832 380 1017 433 datam
1062 392 1164 450 per
1209 374 1451 430 directas
1491 392 1521 430 a
1561 373 1869 430 nominatis
1895 373 2111 430 litteras

209 483 561 542 existimavit.
582 481 645 535 Et
671 477 792 532 ideo
816 473 898 528 eis
919 471 1102 528 bullas
1126 471 1357 528 tandem
1385 471 1678 528 concessit.

286 586 342 640 4⁰
362 582 583 638 Falsum
610 582 690 631 est
712 572 1056 642 nominatOS‚
1079 572 1140 628 in
1164 591 1264 629 sua
1291 572 1665 630 satisfactoria
1685 571 1919 647 epistola
1942 589 2109 628 sensu

205 682 361 737 obvio
403 677 706 746 intellecta,
750 692 865 730 non
913 674 980 730 de
1028 673 1137 730 alio
1183 673 1433 730 dolorem
1480 679 1711 730 testatos
1757 691 1901 745 esse,
1941 691 2109 746 quam

207 776 355 850 quod
386 775 552 831 Sedes
585 772 910 849 apostolica,
953 791 1185 830 erronee
1236 779 1493 848 putasset
1522 772 1738 830 editum
1779 791 1807 828 a
1838 777 2115 829 conventu

204 874 335 931 anni
371 873 515 930 1682
558 873 848 929 decretum
888 875 1090 928 animas
1126 874 1192 928 cul
1219 873 1534 928 credendum.
1566 873 1822 947 obliquae,
1871 878 1925 927 et
1958 889 2115 927 sum-

203 992 360 1030 mum
407 973 536 1028 inde
578 989 876 1029 moerorem
917 990 1084 1047 passa
1131 978 1297 1029 esset.
1339 970 1398 1026 Id
1439 970 1693 1045 sequenti
1733 969 2119 1045 propositione

203 1071 572 1148 expendimus
608 1088 670 1126 ac
700 1070 884 1144 palam
918 1070 1181 1126 facimus.

274 1173 554 1226 Pssoposmo
584 1170 661 1225 Va.
706 1204 782 1210 —
833 1169 1210 1242 Satisfaetoria
1259 1172 1653 1226 nominatorum
1688 1169 1930 1242 epistola,
1965 1186 2122 1223 sensu

203 1272 350 1326 obvio
382 1270 663 1340 intellecta,
706 1271 807 1342 fuit
838 1289 963 1325 vera
1009 1273 1322 1327 retractatio
1369 1270 1746 1326 declarationis
1785 1270 1910 1324 αηηῐ
1947 1267 2117 1324 1682.

202 1402 274 1410 —
303 1369 357 1423 1⁰
384 1369 683 1424 Testantur
709 1385 767 1424 se
794 1368 1159 1424 vehementer
1176 1375 1228 1424 et
1249 1386 1419 1442 supra
1446 1368 1686 1423 omneid
1708 1367 1858 1440 quod
1883 1367 1993 1422 dici
2027 1385 2124 1441 po-

209 1476 317 1525 test
352 1487 415 1524 em
449 1471 606 1524 corde
630 1469 813 1525 dolere
840 1471 902 1525 de
934 1472 1095 1542 {sestis
1118 1471 1171 1524 z'n
1203 1471 1425 1524 comitiis
1458 1485 1582 1541 quae
1609 1466 1933 1522 Innocentio
1961 1464 2049 1519 Xll
2074 1471 2127 1519 et

209 1569 332 1641 ejus
366 1569 870 1641 praedecessoribus
890 1587 1223 1641 summopere
1254 1568 1656 1641 displicuerunt.
1687 1567 1857 1621 Porro
1887 1564 2128 1639 publicai

218 1665 574 1720 notorietatis
598 1673 679 1721 est
701 1685 921 1721 summe
942 1666 1300 1740 displicuisse
1320 1667 1584 1721 Romanis
1601 1665 1989 1733 Pontificibus,
2007 1674 2124 1720 tum

215 1763 365 1837 quod
388 1763 654 1819 Gallicani
676 1765 944 1837 praesules
965 1764 1279 1819 doctrinam
1300 1772 1540 1837 quatuor
1564 1764 1934 1820 articulorum
1967 1781 2127 1818 suam

211 1879 334 1917 esse
356 1861 590 1936 professi
618 1869 826 1929 essent,
867 1868 989 1917 tum
1027 1862 1176 1934 quod
1205 1869 1607 1935 procurassent
1635 1862 1882 1918 edictum
1910 1861 2127 1933 regium

211 1978 335 2016 eam
365 1960 543 2015 solam
580 1961 897 2016 doctrinam
945 1960 1131 2033 quoad
1160 1961 1379 2018 scholas
1407 1970 1461 2018 et
1506 1962 1715 2034 scripta
1767 1960 2129 2034 permittenS,

214 2064 335 2113 tum
388 2059 538 2130 quod
580 2058 699 2131 regi
746 2058 840 2131 jus
893 2058 1114 2131 regaliae
1170 2059 1584 2115 concessissent
1611 2059 1669 2113 in
1714 2076 1808 2113 eas
1859 2058 2134 2114 Ecclesias

214 2173 336 2227 quae
367 2156 498 2210 huic
522 2156 638 2229 juri
663 2174 773 2210 non
804 2156 1196 2229 subjacebant.
1233 2157 1372 2230 Ergo
1415 2158 1484 2213 de
1520 2158 1607 2214 his
1643 2156 1828 2212 tribus
1859 2175 1918 2212 se
1948 2156 2135 2212 dolero

219 2253 553 2327 profitentur
581 2254 875 2325 nominati,
910 2273 973 2311 ac
1000 2255 1239 2328 proinde
1274 2256 1382 2311 tria
1412 2256 1526 2312 haec
1555 2262 1837 2331 respuunt
1860 2262 2029 2329 atque
2052 2275 2136 2312 rc-

220 2356 482 2407 tractant.

2127 1030 2168 1039 ..κ

300 2452 357 2505 ‘2⁰
390 2451 593 2507 Dicunt
617 2469 675 2506 se
715 2452 921 2507 habere
951 2472 1050 2526 pro
1079 2471 1184 2509 non
1219 2455 1451 2525 deeretO,
1483 2455 1761 2528 'quidquid
1791 2454 1940 2510 circa
1963 2453 2139 2510 eccle-

227 2549 516 2604 siasticam
550 2555 885 2622 potestatem
931 2558 984 2606 et
1025 2552 1374 2608 pontificiam
1426 2553 1821 2610 auctoritatem
1877 2554 2141 2608 decretum

229 2651 429 2702 censeri
447 2651 642 2720 potuit.
676 2648 815 2721 Ergo
847 2656 1151 2705 retractant
1188 2658 1241 2707 et
1275 2660 1552 2727 respuunt
1577 2659 1822 2725 quatuor
1851 2652 2140 2721 articulo&

230 2751 511 2818 quatenus
543 2747 759 2802 censeri
786 2754 1017 2821 possent
1043 2767 1239 2803 verum
1268 2768 1332 2805 ac
1359 2752 1583 2826 proprie
1606 2753 1821 2808 dictum
1854 2753 2140 2807 decretum.

228 2846 398 2900 Porro
432 2845 657 2900 fuerant
688 2863 881 2900 revera
908 2848 1193 2915 decretum,
1227 2867 1291 2903 eo
1320 2867 1492 2905 sensu
1529 2851 1682 2923 quod
1709 2849 1979 2905 Gallicani
2011 2866 2147 2921 prae-

232 2941 382 2998 sules
424 2942 803 2999 declarassent
845 2946 992 3000 hanc
1029 2951 1149 3001 esse
1186 2946 1481 3002 Gallicanae
1509 2948 1767 3003 Ecclesiae
1805 2946 2146 3016 doctrinam,

230 3047 282 3096 et
331 3040 566 3116 insuper
622 3050 1023 3117 procurassent
1073 3062 1197 3100 eam
1243 3045 1418 3101 solam
1470 3045 1529 3100 in
1578 3045 1784 3100 scholis
1833 3051 1885 3100 ct
1924 3044 2150 3119 scriptis

233 3139 506 3213 permitti,
554 3142 1012 3215 contrariamque
1047 3143 1203 3216 regio
1253 3143 1435 3200 edicto
1477 3144 1582 3200 sub
1617 3143 1798 3218 poenis
1840 3142 2149 3218 prohiberi.

234 3238 373 3310 Ergo
406 3239 551 3294 dicta
579 3239 812 3314 epistola
845 3240 959 3296 vim
989 3242 1157 3298 habet
1196 3260 1338 3299 verae
1375 3242 1791 3299 retractationis
1820 3242 2051 3297 relative
2081 3243 2150 3297 ad

237 3343 480 3409 quatuor
525 3339 818 3410 articuIOS,
853 3347 1135 3413 quatenus
1167 3342 1387 3399 fuerant
1440 3361 1636 3398 verum
1696 3342 1755 3397 in
1790 3340 1935 3395 dicto
1978 3358 2147 3396 sensu

234 3435 545 3491 decretum.
579 3437 642 3493 Et
670 3438 819 3495 idem
855 3440 1156 3498 dicendum
1185 3443 1374 3516 quoad
1402 3443 1626 3517 reg-aliae
1655 3423 2063 3510 extensionem,
2091 3441 2148 3495 in

230 3534 621 3609 praejudicium
672 3538 1068 3598 Ecclesiarum.
1115 3542 1387 3617 Equidem
1437 3543 1676 3611 addunt,
1734 3546 1959 3595 mentem
1997 3558 2145 3595 suam
