2306 4010
815 207 942 255 PARS
971 206 1209 255 SECUNDA.
1866 201 1954 248 545

82 317 296 376 ticalem
339 316 660 387 dictionem,
701 323 865 393 prout
906 333 1032 373 mox
1068 313 1287 374 citanda
1325 312 1657 370 documenta
1694 308 1831 367 satis
1867 308 1953 366 in-

83 421 290 471 nuunt.
1090 473 1099 480 ,

152 513 382 571 Proinde
422 530 544 587 quae
582 530 731 570 nunc
770 518 957 570 extant
994 512 1218 569 IIonorii
1267 510 1532 588 epistolae,
1575 526 1688 568 non
1725 508 1953 567 sincerae

79 619 228 685 sunt,
257 613 350 671 sed
378 604 744 689 interpolatae.
772 614 904 670 Item
929 631 1055 669 vera
1084 613 1228 668 ratio
1251 630 1352 668 cur
1377 609 1607 668 ectesim
1639 625 1802 665 suam
1825 613 1954 665 ante

77 710 356 782 cognitum
388 710 612 766 Honorii
652 710 866 766 obitum
901 726 1011 765 non
1039 709 1375 782 evulgaverit
1413 707 1656 780 Sergius,
1693 724 1803 763 non
1844 705 1952 763 alia

79 804 347 878 assignari
387 811 587 878 potest,
633 822 800 877 quam
845 803 1014 876 quod,
1057 804 1174 877 jam
1215 806 1284 860 ab
1326 804 1564 860 Honorio
1606 804 1952 878 increpatuS,

80 904 215 961 bene
240 907 424 958 nosset
449 906 667 957 astutus
689 900 795 969 vir,
819 899 968 955 haud
997 917 1291 956 evasurum
1319 917 1378 955 se
1398 898 1952 972 {condemnationem,

83 999 130 1056 si
149 999 277 1057 huic
307 996 547 1055 Pontifici
573 1004 702 1054 nota
726 996 881 1060 fieret
913 996 1130 1052 6616515.
1154 996 1304 1052 Valet
1332 1014 1462 1068 ergo
1486 1004 1881 1069 argumentum
1906 999 1949 1066 1,

83 1096 224 1171 quod
267 1096 344 1152 sic
377 1095 629 1151 contrahi
673 1100 850 1169 potest
887 1114 898 1147 :
946 1094 994 1148 si
1035 1093 1292 1166 genuinae
1333 1092 1536 1164 forent,
1585 1095 1775 1167 quales
1802 1112 1951 1151 nunc

77 1199 252 1251 extant
289 1192 509 1249 Honorii
537 1193 802 1268 epistolae,
843 1191 1066 1265 Sergius
1097 1210 1213 1261 635,
1247 1198 1409 1265 prout
1442 1198 1495 1248 et
1536 1192 1762 1248 ectesim
1790 1209 1949 1248 suam

0 1294 3 1354 Ι
76 1291 406 1368 publicasset
432 1299 557 1349 ante
597 1292 820 1348 llonorii
856 1292 1105 1348 obitum:
1139 1290 1425 1364 publicare
1460 1309 1571 1347 non
1614 1308 1787 1347 ausus
1815 1297 1898 1347 est
1934 1310 1945 1343 ε

0 1405 3 1444 ι
75 1405 200 1462 ergo
229 1389 387 1445 dicta}
411 1390 655 1465 epistola¹
679 1389 932 1464 genuinae
958 1407 1067 1444 non
1093 1394 1244 1456 sunt,
1271 1388 1366 1445 sed
1393 1388 1460 1443 ab
1487 1387 1761 1444 haereticis
1778 1387 1948 1445 inter-

70 1486 272 1563 polatae.

139 1584 466 1639 Aneumznrvm
506 1584 659 1638 11.—
688 1586 768 1640 Ex
802 1587 1133 1658 imperatoris
1174 1584 1400 1640 Heraclii
1444 1585 1633 1640 litteris
1675 1583 1743 1638 ad
1783 1583 1949 1639 Joan·

70 1696 180 1736 nem
214 1680 415 1753 Papam
447 1681 537 1738 IV.
562 1714 635 1720 —
657 1680 708 1735 Si
747 1681 1002 1754 genuinae
1037 1682 1215 1736 forent
1255 1687 1419 1755 prout
1444 1698 1595 1735 nunc
1628 1685 1813 1735 extant
1845 1679 1947 1733 Ho-

69 1777 206 1833 norii
247 1778 513 1851 epistolae,
546 1778 830 1834 Heraclius
868 1779 1189 1853 imperator,
1227 1778 1450 1850 quando
1481 1776 1669 1851 coepit,
1706 1776 1774 1830 ob
1802 1781 1944 1830 ecte-

68 1873 168 1930 sim
209 1875 387 1949 ipsius
427 1876 652 1931 nomine
698 1876 1060 1951 publicatam,
1107 1881 1399 1949 suspectus
1442 1892 1564 1931 esse
1614 1873 1679 1928 de
1723 1873 1941 1943 haeresi,

68 1987 408 2044 nequaquam
462 1991 519 2028 se
561 1980 851 2047 purgasset
886 1991 950 2028 eo
996 1972 1160 2028 modo
1198 1972 1294 2044 qui
1337 1973 1573 2027 habetur
1619 1971 1676 2026 in
1716 1971 1836 2043 ejus
1875 1970 1941 2026 ad

65 2066 319 2124 Joannelll
353 2070 413 2125 lv
446 2070 695 2144 epistola.
739 2070 824 2125 Sic
858 2088 1057 2144 nempe
1093 2070 1167 2125 ibi
1203 2088 1320 2126 sese
1362 2076 1587 2126 excusat
1617 2070 1800 2126 dictus
1839 2069 1942 2124 im-

71 2173 319 2239 perator:
352 2168 547 2224 Ectesis
586 2186 689 2224 non.
728 2178 805 2223 est
833 2186 972 2232 mem
1010 2187 1172 2241 neque
1199 2171 1335 2224 enim
1370 2187 1462 2240 eqo
1496 2169 1578 2223 vel
1612 2169 1822 2239 dictavi,
1861 2168 1941 2224 vel

65 2262 192 2332 jussi
220 2271 276 2318 ut
311 2267 471 2335 fieret3
502 2268 591 2323 sed
623 2284 734 2323 cum
766 2267 894 2322 hanc
921 2267 1128 2339 Seryius
1163 2268 1536 2339 composuisset
1565 2273 1685 2322 onte
1718 2268 1941 2338 qui-nque

76 2375 252 2428 αηηοε,
287 2360 578 2432 deprecatus
602 2372 675 2419 est
710 2381 812 2430 me,
843 2370 901 2418 ut
932 2365 1140 2418 nomine
1164 2381 1277 2419 meo
1307 2371 1714 2435 proponeretur.
1749 2362 1802 2417 Si
1837 2362 1939 2417 Ho-

75 2453 210 2509 norii
258 2455 494 2529 epistolae
531 2459 765 2518 fuissent
808 2460 950 2516 sicut
996 2480 1145 2516 nunc
1192 2467 1401 2530 extant,
1445 2460 1498 2514 id
1545 2466 1622 2515 est
1666 2459 1834 2515 ectesi
1886 2468 1937 2516 61

68 2549 235 2624 Sergii
276 2552 483 2611 intento
522 2558 781 2630 faventes,
835 2568 885 2615 et
925 2560 1212 2615 silentium
1253 2560 1318 2614 de
1356 2565 1594 2631 utraque
1634 2559 1934 2628 locutione,

64 2655 220 2720 prout
244 2653 458 2722 6616515,
493 2655 860 2730 injungenteS,
885 2676 976 2714 eas
1016 2677 1146 2715 sane
1169 2641 1499 2734 ¹imperatori
1525 2663 1682 2714 notas
1715 2659 1933 2715 fecisset

61 2745 299 2818 Sergius,
335 2754 552 2823 quando
593 2756 660 2810 311
700 2774 763 2812 eo
806 2758 1125 2831 postulavit,
1165 2765 1223 2814 ut
1269 2759 1446 2833 ipsius
1484 2757 1712 2814 nomine
1753 2758 1938 2831 puhli-

64 2848 279 2896 caretur
303 2847 512 2903 6616515.
539 2850 634 2904 Ε35
659 2853 887 2924 proinde
923 2855 1266 2926 cognovisset
1303 2855 1607 2921 Heraclius3
1637 2863 1688 2911 et
1731 2873 1931 2926 cogno-

66 2934 225 2990 visset.
241 2938 405 2994 etiam
428 2960 517 2998 eas
537 2947 700 3001 661651
725 2966 1046 3018 consonare3
1076 2971 1177 3008 nec
1200 2952 1386 3007 minus
1408 2953 1476 3007 ab
1497 2951 1734 3006 Honorio
1761 2969 1928 3022 quani

62 3031 128 3085 ab
167 3033 330 3087 661651
369 3035 434 3089 dc
474 3046 707 3111 utroque
741 3047 891 3100 unius
934 3066 994 3102 ac
1032 3049 1248 3120 duplicis
1290 3048 1626 3123 operationis
1664 3047 1930 3103 vocabulo

60 3126 341 3183 silentium
384 3130 568 3187 indici.
614 3135 731 3191 Jam
768 3157 893 3196 vero
933 3143 978 3197 si
1017 3144 1128 3199 haec
1170 3146 1407 3200 novisset
1450 3143 1753 3211 lleracliuS,
1795 3143 1930 3214 quid

60 3222 244 3278 statim
268 3232 318 3279 61
342 3233 466 3281 31116
487 3230 669 3285 onmia
696 3237 1086 3307 respondisset,
1114 3241 1334 3311 quando
1361 3239 1548 3313 coepit,
1579 3239 1648 3293 ob
1675 3239 1925 3306 ectesini,

61 3321 112 3374 111
141 3321 509 3394 suspicionem
542 3326 807 3383 haereseos
829 3334 1039 3387 vocari?
1071 3335 1212 3390 Sane
1237 3337 1432 3391 Joanni
1464 3336 1524 3390 IV
1547 3354 1768 3391 summo
1792 3337 1927 3394 Pon·

60 3418 186 3474 tifici
213 3421 609 3495 rescripsisset,
645 3443 752 3479 non
779 3426 928 3481 aliud
956 3428 1013 3482 in
1038 3430 1202 3485 ectesi
1232 3432 1542 3504 praedicari,
1584 3451 1749 3505 quam
1776 3435 1922 3507 quod

59 3515 470 3588 praedicandum
504 3520 813 3593 injunxerat
850 3524 1125 3582 Honorius
1161 3527 1217 3582 in
1246 3529 1363 3584 suis
1393 3530 1460 3585 ad
1498 3530 1746 3604 Sergium
1779 3533 1922 3608 epis-

60 3612 211 3680 tolis;
261 3617 510 3674 camdem
563 3619 667 3676 sibi
721 3622 983 3696 utrinque
1027 3626 1197 3683 visam
1245 3646 1365 3688 esse
1417 3629 1744 3704 doctrinam,
1790 3651 1919 3691 curn
