2262 3990
252 191 339 236 552
917 176 1218 223 TRAGTATUS
1250 175 1315 221 DE
1346 176 1494 221 PAPA-

1037 493 1286 556 CAPUT
1333 495 1378 556 V

547 701 989 738 ARGUMENTUM
1014 703 1100 736 Ex
1123 702 1291 737 δΙΞΙΙΕ
1317 700 1870 747 ΑΡΡΕΙιῙιᾸΤΙθΝΙΙΜ,

292 784 358 818 vl
383 781 570 819 cUJUs
595 783 954 819 Au‘l‘nuAlu
981 781 1226 818 l'o'rES'l*
1251 784 1289 817 A
1314 781 1605 818 conclu«)
1628 783 1711 818 Al)
1735 782 1975 826 PAPAM,
1999 779 2121 817 Nol!

846 860 886 894 A
911 858 1075 893 PAPA
1099 858 1180 892 Al)
1205 856 1561 894 communiti.

326 1057 367 1113 1.
409 1057 694 1135 Appellari
724 1063 906 1134 potest
936 1075 965 1113 a
991 1054 1228 1113 coneilio
1258 1056 1326 1114 ad
1349 1057 1574 1134 Papam.
1601 1092 1670 1099 —-
1702 1057 1848 1132 Papa
1881 1062 1965 1114 est
1999 1074 2169 1132 supra

254 1157 919 1232 concilium-sine-Papa,
966 1155 1012 1211 si
1068 1174 1098 1210 a
1143 1155 1274 1212 talis
1316 1157 1541 1213 concilii
1584 1156 1797 1231 judicio
1852 1157 1919 1212 ad
1966 1158 2170 1232 Papam

248 1256 578 1330 frequenter
602 1256 951 1332 appellatum
981 1254 1073 1326 sit,
1104 1261 1158 1311 et
1196 1255 1470 1331 appellari
1515 1275 1678 1331 posse
1711 1262 1977 1312 constans
2005 1254 2169 1312 fuerit

250 1356 658 1412 catholicorum
716 1354 1004 1432 persuasio
1049 1374 1112 1411 ac
1158 1354 1437 1412 doctrina.
1479 1355 1647 1430 Atqui
1692 1374 1862 1432 supra
1909 1357 2087 1431 (parte
2131 1355 2171 1427 I,
2208 1333 2231 1406 Q

252 1456 500 1513 sectione
543 1457 630 1526 Ill,
679 1456 859 1532 capite
887 1456 982 1530 ix),
1020 1454 1374 1530 antiquitatis
1423 1455 1762 1513 documenta
1810 1453 2171 1527 recensend0‚

253 1562 567 1631 utrumque
609 1557 999 1632 probavimus.

329 1659 489 1714 Juvat
520 1664 708 1715 autem
742 1657 888 1714 idem
914 1663 1335 1731 argumentum,
1370 1663 1535 1733 prout
1572 1677 1601 1714 a
1632 1656 1972 1714 Bellarmino
2000 1653 2175 1713 brevi-

253 1762 339 1814 ter
377 1757 785 1814 concinnatum
815 1762 921 1829 est,
968 1757 1058 1813 liic
1092 1758 1451 1814 subnectere.

336 1880 362 1910 «
396 1858 525 1913 Sine
552 1857 929 1913 controversia
966 1857 1143 1928 enim,
1179 1855 1389 1931 inquit⁷
1425 1875 1647 1933 semper
1683 1877 1712 1913 a
1738 1855 1946 1912 minori
1974 1857 2041 1913 ad
2059 1873 2174 1911 ma-

251 1956 434 2031 jorem
472 1955 811 2031 appellatur.
848 1956 1135 2030 Appellari
1171 1963 1360 2012 autem
1385 1977 1414 2012 a
1447 1957 1684 2014 concilio
1720 1958 1788 2013 ad
1815 1958 2037 2032 Papam,
2060 1971 2176 2009 non

256 2062 476 2126 contra,
509 2055 877 2130 perspicuum
907 2061 991 2112 est
1024 2074 1090 2112 ex
1113 2055 1351 2124 Gelasio,
1390 2055 1448 2110 in
1494 2056 1730 2130 epistola
1763 2057 1831 2110 ad
1876 2056 2176 2129 Episcopos

255 2155 544 2211 Dardaniae
576 2177 586 2209 z
624 2157 706 2211 Ad
737 2155 947 2228 Sedent,
986 2156 1192 2228 inquit,
1245 2156 1594 2229 apostolicam
1630 2157 1692 2211 (Ie
1735 2155 1967 2229 qualebet
2001 2153 2182 2208 mnndi

257 2265 412 2331 parte
447 2255 828 2331 appellandum
861 2266 958 2330 est,
1010 2256 1070 2311 ab
1118 2256 1215 2311 illa
1249 2263 1425 2311 atttem
1453 2255 1627 2330 nemo}
1644 2264 1719 2311 est
1757 2254 2030 2328 appellare
2057 2272 2178 2328 per-

261 2360 473 2414 missus,
508 2357 570 2411 Et
598 2375 665 2414 ne
706 2363 973 2432 putemus
1014 2375 1145 2413 eum
1180 2355 1334 2431 loqui
1370 2355 1438 2412 de
1480 2354 1858 2431 appellatione
1905 2355 1972 2410 ab
2005 2353 2185 2427 aliquo

261 2458 555 2534 Episcopo,
580 2477 692 2514 non
728 2477 757 2513 a
795 2457 1058 2529 concilio,
1110 2456 1302 2513 subdit
1347 2477 1357 2509 :
1397 2456 1550 2531 Saepe
1581 2455 1861 2511 Romanos
1896 2452 2183 2510 Pontifices

264 2558 495 2614 solvisse
528 2575 622 2613 cos
650 2575 792 2631 quos
834 2557 1031 2630 inique
1060 2555 1297 2612 concilia
1329 2555 1664 2628 ligaverant.
1693 2555 1866 2629 Cujus
1889 2554 1971 2610 rei
2005 2557 2183 2610 extant

266 2656 521 2732 exempla
548 2656 886 2714 clarissima.
907 2657 1046 2712 Nam
1067 2655 1410 2713 Athanasius
1428 2655 1735 2731 Episcopus
1759 2653 2182 2723 Alexandrian

268 2762 319 2812 ct
348 2756 552 2812 Paulus
572 2755 881 2831 Episcopus
908 2754 1586 2830 Constantinopolitanus,
1611 2773 1637 2810 a
1671 2753 1909 2811 concilio
1930 2748 2182 2828 depositi,

271 2856 339 2912 ad
368 2854 584 2911 Julium
609 2855 819 2935 Papam·
840 2855 1287 2930 appellaverunt,
1322 2860 1374 2910 et
1404 2854 1471 2909 ab
1497 2873 1558 2910 eo
1588 2853 1645 2909 in
1689 2874 1820 2911 suas
1858 2853 2016 2911 sedes
2040 2846 2186 2908 resti-

270 2955 378 3012 tuti
414 2962 570 3027 sunt,
606 2961 670 3012 ut
706 2960 902 3012 auctor
941 2959 1025 3012 est
1073 2955 1413 3011 Sozomenus
1458 2953 1620 3027 (libro
1666 2955 1735 3010 III
1783 2953 2062 3025 Historiae,
2107 2967 2186 3007 ca-

272 3055 389 3131 pite
414 3056 524 3129 vu).
561 3054 833 3112 Similiter
870 3054 1163 3111 Flavianus
1197 3052 1509 3130 Episcopus
1543 3053 2184 3130 Constantinopolitanus

275 3156 575 3232 appellavit
604 3176 634 3213 a
670 3156 908 3213 concilio
931 3155 1208 3231 Ephesino
1237 3155 1282 3209 ΙΙ
1309 3153 1582 3228 generali,
1614 3155 1682 3211 ad
1705 3154 1947 3211 Leonem
1973 3154 2184 3228 Papam,

275 3263 338 3312 ut
374 3263 611 3314 testatur
637 3257 740 3314 Leo
774 3255 1032 3334 (epistola
1047 3275 1165 3327 xxv,
1196 3255 1263 3311 ad
1283 3254 1653 3311 Theodosium
1678 3256 2036 3328 Augustum).
2062 3251 2187 3307 Item

277 3357 663 3415 Ttieodoretus
691 3357 999 3434 Episcopus
1030 3355 1151 3433 Cyri
1172 3354 1474 3432 appellavit
1493 3374 1521 3412 a
1540 3355 1783 3412 concilio
1809 3355 2003 3412 eodem
2021 3351 2198 3427 Ephe-⁴

282 3455 405 3511 sino
441 3455 710 3523 secundo,
747 3456 814 3512 ad
848 3453 1113 3512 eumdem
1148 3453 1412 3526 Leonem,
1449 3458 1513 3509 ut
1546 3459 1703 3528 patet
1736 3470 1802 3508 ex
1836 3452 2084 3508 Liberato
2115 3445 2192 3523 (in

283 3551 581 3631 Breviario,
625 3555 807 3630 capite
830 3558 944 3629 XII),
980 3560 1032 3612 et
1051 3572 1116 3611 ex
1146 3552 1268 3629 ipsa
1302 3552 1538 3628 epistola
1566 3549 1917 3622 Theodoreti,
1948 3564 2072 3621 quae
2101 3561 2189 3601 ex-

284 3653 365 3703 tat
396 3649 463 3703 ad
498 3651 667 3708 finem
703 3654 948 3728 Operum
973 3652 1196 3723 Leonis,
1229 3651 1477 3724 Denique
1513 3651 1752 3708 Joannes
1777 3649 2194 3722 Chryso-sinnius
