2306 4010
782 189 911 236 PARS
942 190 1181 238 SECUNDA.
1416 199 1419 202 ’
1843 186 1932 233 189

50 317 227 363 errare
270 313 376 353 non
409 312 588 368 posse,
630 293 833 351 invicte
881 296 1138 370 sequitur
1165 294 1396 354 Romani
1432 292 1714 351 Pontificis
1744 290 1932 366 quoad

50 393 444 460 decernendam
475 390 640 447 fidem
666 390 992 448 inerrantia.
1017 393 1152 449 Nam
1181 391 1250 450 ad
1270 391 1722 451 constituendam
1750 389 1937 446 Eccle-

54 497 191 556 siam
223 489 552 566 quamlibet,
593 486 704 543 duo
756 490 1070 545 necessaria
1108 496 1242 546 sunt
1275 512 1287 544 ε
1322 490 1626 566 Episcopus
1662 487 1935 564 populum

55 594 296 666 aliquem
319 604 517 662 regens
543 601 640 641 seu
674 602 932 659 pascenS,
965 592 1019 641 et
1056 588 1296 660 populus
1327 588 1599 662 Episcopo
1645 586 1940 643 adhaerens

57 698 111 748 et
136 690 185 747 ei
214 695 475 760 tanquam
517 699 641 740 oves
678 682 889 757 pastori
928 682 1216 739 obediens.
1246 684 1400 742 Unde
1425 704 1527 742 nec
1550 685 1792 760 populus
1814 683 1939 741 sine

59 787 346 862 Episcopo,
372 799 473 839 nec
496 780 797 855 Episcopus
831 778 952 835 sine
993 779 1200 853 populo
1249 779 1489 837 Ecclesia
1537 782 1647 837 dici
1683 787 1782 838 aut
1821 797 1941 838 esse

62 889 255 959 potest.
302 878 532 937 Proinde
563 877 786 951 quando
817 877 1047 947 dicitur,
1071 875 1360 932 Ecclesiam
1392 878 1533 932 urbis
1560 879 1735 934 Romae
1758 897 1941 935 errare

63 998 167 1036 uon
181 996 352 1052 posse,
387 994 483 1034 seu
511 974 841 1048 infallibilem
877 993 1010 1043 esse,
1046 974 1150 1030 hoc
1190 973 1311 1048 ipso
1341 973 1655 1030 infallibilis
1689 993 1944 1049 pronun-

65 1078 250 1146 tiatur,
283 1082 402 1132 tum
433 1075 668 1149 populus
714 1072 983 1147 Episcopo
1016 1072 1266 1127 Romano
1294 1071 1584 1127 adhaerens
1610 1078 1663 1127 et
1709 1071 1818 1145 ipsi
1849 1073 1944 1128 ob-

61 1188 315 1245 sequenS‚
335 1177 455 1226 tum
470 1170 751 1226 Romanus
771 1168 1073 1242 Episcopus
1099 1185 1228 1223 cum
1256 1166 1462 1241 populo
1492 1166 1601 1222 sibi
1621 1166 1942 1222 adhaerente

62 1275 114 1326 et
139 1270 495 1341 obsequente.
537 1268 675 1322 Nam
710 1267 757 1322 si
783 1266 1066 1321 Romanus
1092 1256 1393 1339 Episcopus
1434 1265 1618 1338 quoad
1658 1264 1824 1321 fidem
1860 1281 1946 1320 er-

62 1382 182 1422 rare
208 1371 411 1440 posset,
435 1382 506 1419 ac
548 1363 860 1419 infallibilis
899 1369 1044 1417 esset
1093 1362 1382 1418 dumtaxat
1414 1363 1654 1435 populus
1680 1362 1789 1436 ipsi
1817 1363 1948 1417 suh·
2024 1422 2031 1429 ,

63 1453 258 1531 jectuS,
296 1461 500 1515 falsum
534 1459 669 1514 foret
709 1459 993 1534 Ecclesiam
1024 1458 1314 1513 Romanam
1355 1476 1544 1513 errare
1588 1475 1701 1512 non
1747 1475 1945 1531 posse3

71 1556 197 1627 quia
218 1557 370 1612 solus
394 1558 498 1611 iste
517 1556 776 1630 populuS‚
805 1563 1081 1628 quatenus
1114 1557 1181 1611 ab
1210 1556 1476 1630 Episcopo
1503 1573 1604 1611 suo
1636 1556 1946 1629 sejunctuS‚

68 1669 179 1707 non
214 1659 295 1708 cst
335 1671 434 1708 nec
479 1653 587 1707 dici
630 1660 810 1727 potest
837 1653 1072 1709 Ecclesia
1106 1653 1364 1708 Romana.
1413 1654 1588 1726 Igitur
1623 1660 1685 1709 ut
1726 1670 1853 1708 vera
1879 1654 1952 1709 sit

67 1748 367 1822 propositio
388 1750 523 1817 haec,
545 1749 780 1805 Ecclesia
803 1752 942 1805 urbis
967 1751 1147 1806 Romae
1170 1768 1352 1805 errare
1375 1768 1479 1805 non
1495 1757 1692 1822 potest,
1717 1765 1949 1804 necesse

68 1850 146 1899 est
201 1851 261 1899 ut
306 1861 492 1900 errare
534 1863 645 1902 non
691 1847 883 1920 possit,
934 1864 1031 1902 seu
1072 1853 1134 1902 ut
1176 1846 1485 1902 infallibilis
1538 1846 1610 1901 sit
1656 1845 1945 1902 Romanus

64 1940 380 2014 EpiscopuS.
435 1942 570 1996 Cum
624 1960 754 2015 ergo
810 1943 877 1998 de
914 1943 1022 1998 fide
1059 1944 1160 2011 sit,
1205 1943 1508 1999 Ecclesiam
1544 1943 1705 1999 urbis
1762 1944 1948 2000 Romae

67 2054 249 2093 errare
296 2055 406 2093 non
448 2055 649 2111 posse,
704 2041 814 2095 hoc
854 2039 976 2114 ipso
1028 2045 1241 2097 certum
1294 2048 1512 2097 estnec
1555 2058 1740 2097 errare
1785 2060 1950 2116 posse

65 2133 371 2190 Romanum
411 2135 753 2192 Pontificem.
783 2170 854 2180 —
906 2137 1056 2193 Idem
1099 2139 1323 2212 probari
1358 2145 1542 2212 potest
1587 2141 1691 2195 hoc
1737 2141 1943 2196 modo:

0 2259 1 2264 κ
66 2227 215 2281 Dicta
253 2207 501 2281 Ecclesiae
545 2228 807 2284 Romanae
853 2230 1244 2301 infallibilitas,
1295 2251 1417 2303 quae
1457 2233 1522 2288 de
1552 2234 1658 2290 fide
1691 2241 1794 2302 est,
1839 2255 1950 2292 non

74 2321 297 2375 aliunde
324 2322 499 2376 oritur
538 2341 706 2393 quam
733 2343 796 2380 ex
821 2327 939 2399 ipsa
984 2328 1383 2383 infallibilitate
1413 2330 1647 2384 Romani
1673 2332 1950 2407 Episcopi.

72 2419 206 2473 Nam
252 2417 486 2473 Ecclesia
511 2418 779 2492 Romana,
813 2429 1087 2495 quatenus
1134 2425 1200 2480 ab
1250 2426 1519 2501 Episcopo
1546 2446 1646 2484 suo
1678 2429 1947 2501 sejuncta,

76 2523 128 2571 et
158 2514 586 2588 independenter
610 2518 679 2573 ab
705 2519 823 2592 ipso
849 2528 1108 2594 spectata,
1136 2523 1349 2578 nullam
1376 2524 1603 2581 omnino
1624 2527 1951 2599 promissio-

76 2627 199 2667 nem
227 2629 257 2666 a
285 2611 499 2669 Christo
536 2615 781 2688 accepit;
828 2617 922 2672 sed
953 2620 1580 2693 omnespropositiones
1618 2622 1686 2677 ad
1724 2623 1947 2679 Petrum

73 2711 124 2762 et
151 2705 218 2761 ad
243 2707 381 2779 ejuS,
413 2708 470 2764 in
502 2710 633 2766 sede
662 2712 729 2767 ab
760 2712 882 2785 ipso
910 2714 1103 2784 electa,
1143 2733 1492 2773 successores
1527 2718 1747 2774 directae
1790 2727 1941 2776 sunt.

71 2802 221 2860 Unde
243 2804 477 2863 Ecclesia
500 2808 660 2865 urbis
706 2809 892 2867 Romae
927 2812 1340 2871 infallibilitatis
1371 2818 1789 2890 praerogativam
1836 2838 1949 2875 non

77 2898 238 2955 habet
258 2919 320 2957 ex
343 2922 405 2959 eo
429 2905 575 2977 quod
598 2906 669 2963 sit
697 2907 939 2965 Ecclesia
968 2910 1123 2968 illius
1158 2913 1339 2980 urbis,
1380 2914 1564 2987 potius
1592 2933 1761 2987 quam
1791 2917 1951 2972 urbis

77 2994 368 3054 Antiochiae
402 3001 485 3057 vel
516 3002 882 3077 Alexandriae,
907 3013 1039 3079 etc.,
1068 3009 1163 3065 sed
1195 3027 1260 3065 ex
1283 3027 1346 3065 eo
1372 3011 1520 3083 quod
1548 3012 1739 3068 Petrus
1764 3012 1950 3068 Romae

79 3090 262 3148 sedem
289 3113 444 3152 suam
468 3098 664 3170 fixerit,
690 3107 742 3157 et
760 3120 824 3159 ex
842 3120 905 3160 eo
923 3106 1071 3178 quod
1097 3107 1350 3163 Christus
1372 3108 1629 3163 statuerit
1656 3125 1951 3179 nunquam

80 3201 109 3240 a
134 3203 259 3243 vera
292 3189 395 3247 fide
429 3203 736 3254 erraturam
773 3200 1074 3257 Ecclesiam
1112 3203 1267 3259 illius
1312 3203 1495 3273 urbis,
1531 3203 1587 3257 in
1622 3220 1731 3275 qua
1757 3202 1951 3259 Petrus

78 3282 260 3340 sedem
295 3304 452 3345 suam
478 3291 683 3351 fixisset
705 3302 759 3352 et
785 3300 1137 3355 auctoritatis
1164 3318 1276 3355 suae
1309 3317 1658 3356 successores
1690 3300 1950 3373 reIIquis-

78 3385 176 3435 set.
221 3380 393 3453 Igitur
431 3386 849 3448 infallibilitatis
894 3395 1249 3467 privilegium
1297 3413 1407 3467 quo
1451 3396 1664 3469 potitur
1709 3396 1949 3455 Ecclesia

78 3475 232 3532 urbis
251 3478 453 3553 Romae,
485 3493 664 3543 totum
695 3491 947 3562 provenit
973 3499 1026 3547 et
1058 3492 1308 3548 dimanat
1337 3510 1403 3547 ex
1429 3494 1805 3567 praerogativis
1842 3496 1949 3553 Ro-

79 3587 239 3629 mano
263 3575 548 3655 Episcopo,
579 3591 857 3655 quatenus
891 3586 1036 3644 Petri
1060 3589 1393 3661 successori,
1422 3607 1451 3646 a
1470 3590 1679 3649 Christo
1702 3593 1942 3652 collatis.
