<?xml version="1.0" encoding="UTF-8"?>
<!DOCTYPE html PUBLIC "-//W3C//DTD XHTML 1.0 Transitional//EN"
    "http://www.w3.org/TR/xhtml1/DTD/xhtml1-transitional.dtd">
<html xmlns="http://www.w3.org/1999/xhtml" xml:lang="en" lang="en">
 <head>
  <title>
</title>
<meta http-equiv="Content-Type" content="text/html;charset=utf-8" />
  <meta name='ocr-system' content='tesseract 3.04.00' />
  <meta name='ocr-capabilities' content='ocr_page ocr_carea ocr_par ocr_line ocrx_word'/>
</head>
<body>
  <div class='ocr_page' id='page_1' title='image "a548470102bouiuoft_0113.png"; bbox 0 0 2306 4010; ppageno 0'>
   <div class='ocr_carea' id='block_1_1' title="bbox 878 199 2026 255">
    <p class='ocr_par' dir='ltr' id='par_1_1' title="bbox 878 199 2026 255">
     <span class='ocr_line' id='line_1_1' title="bbox 878 199 2026 255; baseline -0.002 -7"><span class='ocrx_word' id='word_1_1' title='bbox 878 202 1003 255; x_wconf 67' lang='lat' dir='ltr'>PARS</span> <span class='ocrx_word' id='word_1_2' title='bbox 1035 201 1278 249; x_wconf 78' lang='lat' dir='ltr'><strong>SECUNDA.</strong></span> <span class='ocrx_word' id='word_1_3' title='bbox 1940 199 2026 247; x_wconf 83' lang='lat'>105</span> 
     </span>
    </p>
   </div>
   <div class='ocr_carea' id='block_1_2' title="bbox 143 305 2038 3300">
    <p class='ocr_par' dir='ltr' id='par_1_2' title="bbox 143 305 2038 3300">
     <span class='ocr_line' id='line_1_2' title="bbox 220 305 2027 381; baseline -0.002 -18"><span class='ocrx_word' id='word_1_4' title='bbox 220 308 302 364; x_wconf 85' lang='lat' dir='ltr'>vl.</span> <span class='ocrx_word' id='word_1_5' title='bbox 346 307 582 381; x_wconf 65' lang='lat' dir='ltr'>Epistola</span> <span class='ocrx_word' id='word_1_6' title='bbox 605 308 826 364; x_wconf 72' lang='lat' dir='ltr'>loannis</span> <span class='ocrx_word' id='word_1_7' title='bbox 856 309 1028 380; x_wconf 77' lang='lat' dir='ltr'>Certe,</span> <span class='ocrx_word' id='word_1_8' title='bbox 1051 310 1232 364; x_wconf 78' lang='lat' dir='ltr'>vicarii</span> <span class='ocrx_word' id='word_1_9' title='bbox 1260 307 1515 381; x_wconf 66' lang='lat' dir='ltr'>generalis</span> <span class='ocrx_word' id='word_1_10' title='bbox 1531 306 1882 380; x_wconf 72' lang='lat' dir='ltr'>ApamieusiS,</span> <span class='ocrx_word' id='word_1_11' title='bbox 1903 305 2027 359; x_wconf 83' lang='lat' dir='ltr'>sede</span> 
     </span>
     <span class='ocr_line' id='line_1_3' title="bbox 147 401 2023 480; baseline -0.002 -19"><span class='ocrx_word' id='word_1_12' title='bbox 147 415 380 474; x_wconf 72' lang='lat' dir='ltr'>vacante,</span> <span class='ocrx_word' id='word_1_13' title='bbox 406 408 477 462; x_wconf 85' lang='lat' dir='ltr'>ad</span> <span class='ocrx_word' id='word_1_14' title='bbox 509 407 723 462; x_wconf 83' lang='lat' dir='ltr'>Patrem</span> <span class='ocrx_word' id='word_1_15' title='bbox 750 407 1040 480; x_wconf 76' lang='lat' dir='ltr'>Espaqna0‚</span> <span class='ocrx_word' id='word_1_16' title='bbox 1063 415 1318 463; x_wconf 83' lang='lat' dir='ltr'>rectorem</span> <span class='ocrx_word' id='word_1_17' title='bbox 1338 406 1537 480; x_wconf 76' lang='lat' dir='ltr'>colleyii</span> <span class='ocrx_word' id='word_1_18' title='bbox 1567 405 1900 479; x_wconf 76' lang='lat' dir='ltr'>Apamiensis</span> <span class='ocrx_word' id='word_1_19' title='bbox 1925 401 2023 458; x_wconf 89' lang='lat' dir='ltr'>So-</span> 
     </span>
     <span class='ocr_line' id='line_1_4' title="bbox 143 496 2020 578; baseline -0.002 -19"><span class='ocrx_word' id='word_1_20' title='bbox 143 506 340 560; x_wconf 78' lang='lat' dir='ltr'>cietatis</span> <span class='ocrx_word' id='word_1_21' title='bbox 360 504 509 559; x_wconf 81' lang='lat' dir='ltr'>Jesu.</span> <span class='ocrx_word' id='word_1_22' title='bbox 537 538 605 546; x_wconf 92' lang='lat'><strong>—</strong></span> <span class='ocrx_word' id='word_1_23' title='bbox 629 526 655 557; x_wconf 93' lang='lat'>«</span> <span class='ocrx_word' id='word_1_24' title='bbox 685 506 1086 578; x_wconf 81' lang='lat' dir='ltr'><strong>Argumentum</strong></span> <span class='ocrx_word' id='word_1_25' title='bbox 1125 496 1470 560; x_wconf 72' lang='lat' dir='ltr'>acerbissimi</span> <span class='ocrx_word' id='word_1_26' title='bbox 1497 502 1705 559; x_wconf 90' lang='lat' dir='ltr'>doloris</span> <span class='ocrx_word' id='word_1_27' title='bbox 1738 501 1878 558; x_wconf 88' lang='lat' dir='ltr'>mihi</span> <span class='ocrx_word' id='word_1_28' title='bbox 1915 508 2020 571; x_wconf 88' lang='lat' dir='ltr'>est,</span> 
     </span>
     <span class='ocr_line' id='line_1_5' title="bbox 145 599 2024 677; baseline -0.001 -22"><span class='ocrx_word' id='word_1_29' title='bbox 145 602 290 675; x_wconf 88' lang='lat' dir='ltr'>quod</span> <span class='ocrx_word' id='word_1_30' title='bbox 324 602 578 676; x_wconf 86' lang='lat' dir='ltr'>experiar</span> <span class='ocrx_word' id='word_1_31' title='bbox 602 620 830 677; x_wconf 76' lang='lat' dir='ltr'>pergere</span> <span class='ocrx_word' id='word_1_32' title='bbox 854 601 1246 676; x_wconf 85' lang='lat' dir='ltr'>paternitatem</span> <span class='ocrx_word' id='word_1_33' title='bbox 1271 609 1533 670; x_wconf 88' lang='lat' dir='ltr'>vestram,</span> <span class='ocrx_word' id='word_1_34' title='bbox 1565 602 1799 675; x_wconf 90' lang='lat' dir='ltr'>ejusque</span> <span class='ocrx_word' id='word_1_35' title='bbox 1823 599 1882 655; x_wconf 93' lang='lat' dir='ltr'>in</span> <span class='ocrx_word' id='word_1_36' title='bbox 1911 599 2024 655; x_wconf 92' lang='lat' dir='ltr'>col-</span> 
     </span>
     <span class='ocr_line' id='line_1_6' title="bbox 149 687 2028 772; baseline 0.001 -21"><span class='ocrx_word' id='word_1_37' title='bbox 149 698 287 769; x_wconf 88' lang='lat' dir='ltr'>legio</span> <span class='ocrx_word' id='word_1_38' title='bbox 338 687 652 772; x_wconf 72' lang='lat' dir='ltr'>Apamie&#39;i&#39;isi</span> <span class='ocrx_word' id='word_1_39' title='bbox 692 698 891 767; x_wconf 92' lang='lat' dir='ltr'>socios,</span> <span class='ocrx_word' id='word_1_40' title='bbox 934 697 1190 752; x_wconf 84' lang='lat' dir='ltr'>Romanae</span> <span class='ocrx_word' id='word_1_41' title='bbox 1231 697 1353 753; x_wconf 91' lang='lat' dir='ltr'>Sedi</span> <span class='ocrx_word' id='word_1_42' title='bbox 1409 698 1706 768; x_wconf 90' lang='lat' dir='ltr'>obluctari,</span> <span class='ocrx_word' id='word_1_43' title='bbox 1750 715 1850 754; x_wconf 88' lang='lat' dir='ltr'>nec</span> <span class='ocrx_word' id='word_1_44' title='bbox 1887 696 2028 752; x_wconf 86' lang='lat' dir='ltr'>velle</span> 
     </span>
     <span class='ocr_line' id='line_1_7' title="bbox 146 791 2028 866; baseline 0 -19"><span class='ocrx_word' id='word_1_45' title='bbox 146 793 433 847; x_wconf 74' lang='lat' dir='ltr'>obstinatae</span> <span class='ocrx_word' id='word_1_46' title='bbox 454 793 511 846; x_wconf 93' lang='lat' dir='ltr'>in</span> <span class='ocrx_word' id='word_1_47' title='bbox 536 792 692 847; x_wconf 88' lang='lat' dir='ltr'>illam</span> <span class='ocrx_word' id='word_1_48' title='bbox 718 792 1081 848; x_wconf 87' lang='lat' dir='ltr'>contumaciae</span> <span class='ocrx_word' id='word_1_49' title='bbox 1105 791 1269 847; x_wconf 87' lang='lat' dir='ltr'>finem</span> <span class='ocrx_word' id='word_1_50' title='bbox 1299 792 1605 866; x_wconf 83' lang='lat' dir='ltr'><strong>imponere.</strong></span> <span class='ocrx_word' id='word_1_51' title='bbox 1635 793 1929 848; x_wconf 86' lang='lat' dir='ltr'>Enimvero</span> <span class='ocrx_word' id='word_1_52' title='bbox 1946 792 2028 847; x_wconf 90' lang='lat' dir='ltr'>in·</span> 
     </span>
     <span class='ocr_line' id='line_1_8' title="bbox 145 888 2026 962; baseline 0.001 -20"><span class='ocrx_word' id='word_1_53' title='bbox 145 905 274 960; x_wconf 87' lang='lat' dir='ltr'>gens</span> <span class='ocrx_word' id='word_1_54' title='bbox 289 888 461 942; x_wconf 90' lang='lat' dir='ltr'>animi</span> <span class='ocrx_word' id='word_1_55' title='bbox 488 888 731 957; x_wconf 80' lang='lat' dir='ltr'>afflietio,</span> <span class='ocrx_word' id='word_1_56' title='bbox 761 906 929 960; x_wconf 90' lang='lat' dir='ltr'>quam</span> <span class='ocrx_word' id='word_1_57' title='bbox 955 906 1017 943; x_wconf 87' lang='lat' dir='ltr'>ex</span> <span class='ocrx_word' id='word_1_58' title='bbox 1041 895 1220 944; x_wconf 85' lang='lat' dir='ltr'>vestra</span> <span class='ocrx_word' id='word_1_59' title='bbox 1246 888 1489 943; x_wconf 86' lang='lat' dir='ltr'>caecitate</span> <span class='ocrx_word' id='word_1_60' title='bbox 1513 890 1782 962; x_wconf 83' lang='lat' dir='ltr'>percipio,</span> <span class='ocrx_word' id='word_1_61' title='bbox 1802 889 1898 944; x_wconf 90' lang='lat' dir='ltr'>illa</span> <span class='ocrx_word' id='word_1_62' title='bbox 1922 896 2026 957; x_wconf 91' lang='lat' dir='ltr'>est,</span> 
     </span>
     <span class='ocr_line' id='line_1_9' title="bbox 146 985 2028 1059; baseline 0.001 -20"><span class='ocrx_word' id='word_1_63' title='bbox 146 1003 267 1058; x_wconf 80' lang='lat' dir='ltr'>quae</span> <span class='ocrx_word' id='word_1_64' title='bbox 287 985 424 1039; x_wconf 87' lang='lat' dir='ltr'>mihi</span> <span class='ocrx_word' id='word_1_65' title='bbox 443 985 721 1041; x_wconf 91' lang='lat' dir='ltr'>calamum</span> <span class='ocrx_word' id='word_1_66' title='bbox 749 986 804 1040; x_wconf 91' lang='lat' dir='ltr'>in</span> <span class='ocrx_word' id='word_1_67' title='bbox 833 1004 1034 1040; x_wconf 90' lang='lat' dir='ltr'>manus</span> <span class='ocrx_word' id='word_1_68' title='bbox 1053 986 1282 1059; x_wconf 83' lang='lat' dir='ltr'>praebet,</span> <span class='ocrx_word' id='word_1_69' title='bbox 1307 985 1704 1059; x_wconf 80' lang='lat' dir='ltr'>compellitque</span> <span class='ocrx_word' id='word_1_70' title='bbox 1727 986 1878 1042; x_wconf 85' lang='lat' dir='ltr'>vobis</span> <span class='ocrx_word' id='word_1_71' title='bbox 1902 993 2028 1041; x_wconf 90' lang='lat' dir='ltr'>ante</span> 
     </span>
     <span class='ocr_line' id='line_1_10' title="bbox 148 1083 2028 1158; baseline -0.001 -20"><span class='ocrx_word' id='word_1_72' title='bbox 148 1084 334 1139; x_wconf 87' lang='lat' dir='ltr'>oculos</span> <span class='ocrx_word' id='word_1_73' title='bbox 359 1101 564 1158; x_wconf 89' lang='lat' dir='ltr'>ponere</span> <span class='ocrx_word' id='word_1_74' title='bbox 589 1084 911 1156; x_wconf 86' lang='lat' dir='ltr'>gravitatem</span> <span class='ocrx_word' id='word_1_75' title='bbox 950 1083 1361 1153; x_wconf 82' lang='lat' dir='ltr'>inobedientiae,</span> <span class='ocrx_word' id='word_1_76' title='bbox 1390 1102 1499 1156; x_wconf 92' lang='lat' dir='ltr'>qua</span> <span class='ocrx_word' id='word_1_77' title='bbox 1527 1083 1789 1139; x_wconf 88' lang='lat' dir='ltr'>mandata</span> <span class='ocrx_word' id='word_1_78' title='bbox 1816 1083 2028 1138; x_wconf 89' lang='lat' dir='ltr'>Summi</span> 
     </span>
     <span class='ocr_line' id='line_1_11' title="bbox 148 1181 2031 1258; baseline -0.001 -21"><span class='ocrx_word' id='word_1_79' title='bbox 148 1183 384 1239; x_wconf 77' lang='lat' dir='ltr'>Pastoris</span> <span class='ocrx_word' id='word_1_80' title='bbox 431 1183 706 1239; x_wconf 80' lang='lat' dir='ltr'>obstinate</span> <span class='ocrx_word' id='word_1_81' title='bbox 755 1185 1020 1239; x_wconf 88' lang='lat' dir='ltr'>hactenus</span> <span class='ocrx_word' id='word_1_82' title='bbox 1059 1183 1373 1258; x_wconf 82' lang='lat' dir='ltr'>respuistis.</span> <span class='ocrx_word' id='word_1_83' title='bbox 1420 1183 1624 1237; x_wconf 82' lang='lat' dir='ltr'>Vereor</span> <span class='ocrx_word' id='word_1_84' title='bbox 1669 1181 1931 1254; x_wconf 88' lang='lat' dir='ltr'>equidem</span> <span class='ocrx_word' id='word_1_85' title='bbox 1963 1198 2031 1234; x_wconf 85' lang='lat' dir='ltr'>ne</span> 
     </span>
     <span class='ocr_line' id='line_1_12' title="bbox 147 1279 2034 1357; baseline 0 -23"><span class='ocrx_word' id='word_1_86' title='bbox 147 1301 369 1355; x_wconf 86' lang='lat' dir='ltr'>operam</span> <span class='ocrx_word' id='word_1_87' title='bbox 395 1282 694 1357; x_wconf 88' lang='lat' dir='ltr'>perdam...</span> <span class='ocrx_word' id='word_1_88' title='bbox 731 1282 783 1336; x_wconf 85' lang='lat' dir='ltr'>Si</span> <span class='ocrx_word' id='word_1_89' title='bbox 819 1283 967 1338; x_wconf 90' lang='lat' dir='ltr'>enim</span> <span class='ocrx_word' id='word_1_90' title='bbox 1007 1283 1127 1338; x_wconf 88' lang='lat' dir='ltr'>ausi</span> <span class='ocrx_word' id='word_1_91' title='bbox 1160 1283 1293 1338; x_wconf 90' lang='lat' dir='ltr'>estis</span> <span class='ocrx_word' id='word_1_92' title='bbox 1339 1283 1594 1338; x_wconf 82' lang='lat' dir='ltr'>Ecclesiae</span> <span class='ocrx_word' id='word_1_93' title='bbox 1620 1287 1789 1355; x_wconf 92' lang='lat' dir='ltr'>caput</span> <span class='ocrx_word' id='word_1_94' title='bbox 1815 1279 2034 1336; x_wconf 84' lang='lat' dir='ltr'>visibile</span> 
     </span>
     <span class='ocr_line' id='line_1_13' title="bbox 147 1380 2031 1451; baseline 0.001 -19"><span class='ocrx_word' id='word_1_95' title='bbox 147 1380 372 1451; x_wconf 81' lang='lat' dir='ltr'>ejusque</span> <span class='ocrx_word' id='word_1_96' title='bbox 385 1381 725 1435; x_wconf 88' lang='lat' dir='ltr'>voluntatem</span> <span class='ocrx_word' id='word_1_97' title='bbox 751 1387 1127 1446; x_wconf 81' lang='lat' dir='ltr'>contemnere,</span> <span class='ocrx_word' id='word_1_98' title='bbox 1156 1381 1309 1435; x_wconf 83' lang='lat' dir='ltr'>vobis</span> <span class='ocrx_word' id='word_1_99' title='bbox 1334 1388 1447 1436; x_wconf 86' lang='lat' dir='ltr'>tam</span> <span class='ocrx_word' id='word_1_100' title='bbox 1477 1381 1637 1435; x_wconf 88' lang='lat' dir='ltr'>enixe</span> <span class='ocrx_word' id='word_1_101' title='bbox 1657 1386 1709 1435; x_wconf 91' lang='lat' dir='ltr'>et</span> <span class='ocrx_word' id='word_1_102' title='bbox 1730 1386 1885 1434; x_wconf 89' lang='lat' dir='ltr'>tanto</span> <span class='ocrx_word' id='word_1_103' title='bbox 1905 1397 2031 1434; x_wconf 83' lang='lat' dir='ltr'>cuni</span> 
     </span>
     <span class='ocr_line' id='line_1_14' title="bbox 153 1478 2035 1551; baseline 0 -20"><span class='ocrx_word' id='word_1_104' title='bbox 153 1485 416 1551; x_wconf 80' lang='lat' dir='ltr'>apparatu</span> <span class='ocrx_word' id='word_1_105' title='bbox 445 1479 807 1545; x_wconf 80' lang='lat' dir='ltr'>insinuatam,</span> <span class='ocrx_word' id='word_1_106' title='bbox 840 1497 949 1550; x_wconf 92' lang='lat' dir='ltr'>qua</span> <span class='ocrx_word' id='word_1_107' title='bbox 974 1479 1189 1533; x_wconf 90' lang='lat' dir='ltr'>ratione</span> <span class='ocrx_word' id='word_1_108' title='bbox 1214 1479 1465 1551; x_wconf 83' lang='lat' dir='ltr'>polliceri</span> <span class='ocrx_word' id='word_1_109' title='bbox 1494 1478 1630 1532; x_wconf 81' lang='lat' dir='ltr'>mihi</span> <span class='ocrx_word' id='word_1_110' title='bbox 1659 1495 1911 1551; x_wconf 89' lang='lat' dir='ltr'>possum,</span> <span class='ocrx_word' id='word_1_111' title='bbox 1943 1495 2035 1532; x_wconf 84' lang='lat' dir='ltr'>vos</span> 
     </span>
     <span class='ocr_line' id='line_1_15' title="bbox 157 1574 2035 1648; baseline 0.002 -22"><span class='ocrx_word' id='word_1_112' title='bbox 157 1575 375 1628; x_wconf 87' lang='lat' dir='ltr'>monitis</span> <span class='ocrx_word' id='word_1_113' title='bbox 400 1575 812 1630; x_wconf 88' lang='lat' dir='ltr'>auscultaturos</span> <span class='ocrx_word' id='word_1_114' title='bbox 833 1574 1107 1648; x_wconf 74' lang='lat' dir='ltr'>simplicis</span> <span class='ocrx_word' id='word_1_115' title='bbox 1126 1575 1368 1647; x_wconf 80' lang='lat' dir='ltr'>religiosi</span> <span class='ocrx_word' id='word_1_116' title='bbox 1383 1579 1418 1644; x_wconf 89' lang='lat'>¹,</span> <span class='ocrx_word' id='word_1_117' title='bbox 1439 1576 1647 1648; x_wconf 88' lang='lat' dir='ltr'>quique</span> <span class='ocrx_word' id='word_1_118' title='bbox 1671 1575 1816 1630; x_wconf 90' lang='lat' dir='ltr'>inter</span> <span class='ocrx_word' id='word_1_119' title='bbox 1836 1592 2035 1629; x_wconf 84' lang='lat' dir='ltr'>aerum-</span> 
     </span>
     <span class='ocr_line' id='line_1_16' title="bbox 156 1670 2032 1745; baseline 0.001 -22"><span class='ocrx_word' id='word_1_120' title='bbox 156 1687 249 1723; x_wconf 87' lang='lat' dir='ltr'>nas</span> <span class='ocrx_word' id='word_1_121' title='bbox 274 1678 324 1725; x_wconf 87' lang='lat' dir='ltr'>et</span> <span class='ocrx_word' id='word_1_122' title='bbox 343 1670 504 1725; x_wconf 87' lang='lat' dir='ltr'>exilia</span> <span class='ocrx_word' id='word_1_123' title='bbox 529 1671 693 1726; x_wconf 86' lang='lat' dir='ltr'>vitam</span> <span class='ocrx_word' id='word_1_124' title='bbox 713 1689 852 1743; x_wconf 71' lang='lat' dir='ltr'>aegre</span> <span class='ocrx_word' id='word_1_125' title='bbox 877 1672 1199 1743; x_wconf 90' lang='lat' dir='ltr'>occulteque</span> <span class='ocrx_word' id='word_1_126' title='bbox 1218 1678 1510 1740; x_wconf 88' lang='lat' dir='ltr'>sustentat,</span> <span class='ocrx_word' id='word_1_127' title='bbox 1534 1671 2032 1745; x_wconf 89' lang='lat' dir='ltr'>utpersecutiones</span> 
     </span>
     <span class='ocr_line' id='line_1_17' title="bbox 154 1766 2032 1838; baseline 0 -20"><span class='ocrx_word' id='word_1_128' title='bbox 154 1766 377 1837; x_wconf 75' lang='lat' dir='ltr'>effugiat</span> <span class='ocrx_word' id='word_1_129' title='bbox 403 1784 538 1837; x_wconf 90' lang='lat' dir='ltr'>quas</span> <span class='ocrx_word' id='word_1_130' title='bbox 563 1774 750 1821; x_wconf 91' lang='lat' dir='ltr'>contra</span> <span class='ocrx_word' id='word_1_131' title='bbox 778 1767 937 1822; x_wconf 91' lang='lat' dir='ltr'>illum</span> <span class='ocrx_word' id='word_1_132' title='bbox 966 1787 1060 1823; x_wconf 86' lang='lat' dir='ltr'>vos</span> <span class='ocrx_word' id='word_1_133' title='bbox 1085 1767 1511 1823; x_wconf 76' lang='lat' dir='ltr'>concitastis?...</span> <span class='ocrx_word' id='word_1_134' title='bbox 1550 1767 1662 1821; x_wconf 88' lang='lat' dir='ltr'>Soli</span> <span class='ocrx_word' id='word_1_135' title='bbox 1698 1783 1792 1821; x_wconf 82' lang='lat' dir='ltr'>vos</span> <span class='ocrx_word' id='word_1_136' title='bbox 1817 1766 2032 1838; x_wconf 86' lang='lat' dir='ltr'>regula-</span> 
     </span>
     <span class='ocr_line' id='line_1_18' title="bbox 153 1861 2032 1937; baseline 0.002 -24"><span class='ocrx_word' id='word_1_137' title='bbox 153 1861 294 1914; x_wconf 87' lang='lat' dir='ltr'>rium</span> <span class='ocrx_word' id='word_1_138' title='bbox 320 1862 523 1930; x_wconf 89' lang='lat' dir='ltr'>fuistis,</span> <span class='ocrx_word' id='word_1_139' title='bbox 552 1863 646 1934; x_wconf 92' lang='lat' dir='ltr'>qui</span> <span class='ocrx_word' id='word_1_140' title='bbox 679 1863 978 1920; x_wconf 88' lang='lat' dir='ltr'>Fortassini</span> <span class='ocrx_word' id='word_1_141' title='bbox 999 1869 1015 1895; x_wconf 77' lang='lat'><strong>²</strong></span> <span class='ocrx_word' id='word_1_142' title='bbox 1043 1865 1320 1920; x_wconf 89' lang='lat' dir='ltr'>desiderio</span> <span class='ocrx_word' id='word_1_143' title='bbox 1344 1866 1573 1937; x_wconf 82' lang='lat' dir='ltr'>flagrare</span> <span class='ocrx_word' id='word_1_144' title='bbox 1603 1864 1708 1918; x_wconf 82' lang='lat' dir='ltr'>visi</span> <span class='ocrx_word' id='word_1_145' title='bbox 1741 1862 1897 1919; x_wconf 76' lang='lat' dir='ltr'>estis,</span> <span class='ocrx_word' id='word_1_146' title='bbox 1939 1862 2032 1917; x_wconf 86' lang='lat' dir='ltr'>llic</span> 
     </span>
     <span class='ocr_line' id='line_1_19' title="bbox 153 1958 2030 2036; baseline 0.002 -25"><span class='ocrx_word' id='word_1_147' title='bbox 153 1964 209 2012; x_wconf 91' lang='lat' dir='ltr'>ut</span> <span class='ocrx_word' id='word_1_148' title='bbox 235 1958 476 2030; x_wconf 88' lang='lat' dir='ltr'>primum</span> <span class='ocrx_word' id='word_1_149' title='bbox 500 1959 745 2032; x_wconf 89' lang='lat' dir='ltr'>Apamiis</span> <span class='ocrx_word' id='word_1_150' title='bbox 769 1961 1104 2034; x_wconf 82' lang='lat' dir='ltr'>comparuit,</span> <span class='ocrx_word' id='word_1_151' title='bbox 1137 1981 1231 2017; x_wconf 90' lang='lat' dir='ltr'>vos</span> <span class='ocrx_word' id='word_1_152' title='bbox 1268 1962 1421 2017; x_wconf 92' lang='lat' dir='ltr'>illius</span> <span class='ocrx_word' id='word_1_153' title='bbox 1448 1962 1836 2017; x_wconf 88' lang='lat' dir='ltr'>auctoritatem</span> <span class='ocrx_word' id='word_1_154' title='bbox 1863 1961 2030 2036; x_wconf 88' lang='lat' dir='ltr'>primi</span> 
     </span>
     <span class='ocr_line' id='line_1_20' title="bbox 153 2056 2032 2135; baseline 0.002 -24"><span class='ocrx_word' id='word_1_155' title='bbox 153 2056 482 2127; x_wconf 87' lang='lat' dir='ltr'>agnovistis;</span> <span class='ocrx_word' id='word_1_156' title='bbox 516 2075 610 2112; x_wconf 85' lang='lat' dir='ltr'>vos</span> <span class='ocrx_word' id='word_1_157' title='bbox 638 2058 1010 2115; x_wconf 86' lang='lat' dir='ltr'>obedientiam</span> <span class='ocrx_word' id='word_1_158' title='bbox 1034 2060 1338 2132; x_wconf 85' lang='lat' dir='ltr'>jurastis...</span> <span class='ocrx_word' id='word_1_159' title='bbox 1366 2061 1437 2116; x_wconf 89' lang='lat' dir='ltr'>Eo</span> <span class='ocrx_word' id='word_1_160' title='bbox 1466 2061 1615 2115; x_wconf 90' lang='lat' dir='ltr'>enim</span> <span class='ocrx_word' id='word_1_161' title='bbox 1642 2061 1886 2121; x_wconf 73' lang='lat' dir='ltr'>audaciae</span> <span class='ocrx_word' id='word_1_162' title='bbox 1906 2079 2032 2135; x_wconf 90' lang='lat' dir='ltr'>pro-</span> 
     </span>
     <span class='ocr_line' id='line_1_21' title="bbox 154 2153 2037 2231; baseline 0.001 -24"><span class='ocrx_word' id='word_1_163' title='bbox 154 2153 286 2208; x_wconf 72' lang='lat' dir='ltr'>vecti</span> <span class='ocrx_word' id='word_1_164' title='bbox 313 2153 467 2222; x_wconf 84' lang='lat' dir='ltr'>estiS,</span> <span class='ocrx_word' id='word_1_165' title='bbox 490 2162 549 2210; x_wconf 93' lang='lat' dir='ltr'>ut</span> <span class='ocrx_word' id='word_1_166' title='bbox 569 2173 678 2210; x_wconf 91' lang='lat' dir='ltr'>non</span> <span class='ocrx_word' id='word_1_167' title='bbox 701 2155 881 2210; x_wconf 89' lang='lat' dir='ltr'>solum</span> <span class='ocrx_word' id='word_1_168' title='bbox 909 2157 1159 2231; x_wconf 90' lang='lat' dir='ltr'>Episcopi</span> <span class='ocrx_word' id='word_1_169' title='bbox 1187 2158 1531 2231; x_wconf 84' lang='lat' dir='ltr'>Apamiensis</span> <span class='ocrx_word' id='word_1_170' title='bbox 1552 2158 1762 2213; x_wconf 89' lang='lat' dir='ltr'>monita</span> <span class='ocrx_word' id='word_1_171' title='bbox 1789 2158 2037 2213; x_wconf 86' lang='lat' dir='ltr'>ludibrio</span> 
     </span>
     <span class='ocr_line' id='line_1_22' title="bbox 154 2249 2036 2327; baseline 0.004 -25"><span class='ocrx_word' id='word_1_172' title='bbox 154 2249 306 2303; x_wconf 70' lang='lat' dir='ltr'>vobis</span> <span class='ocrx_word' id='word_1_173' title='bbox 333 2249 559 2318; x_wconf 80' lang='lat' dir='ltr'>fuerint,</span> <span class='ocrx_word' id='word_1_174' title='bbox 586 2251 677 2306; x_wconf 89' lang='lat' dir='ltr'>sed</span> <span class='ocrx_word' id='word_1_175' title='bbox 704 2252 869 2306; x_wconf 89' lang='lat' dir='ltr'>etiam</span> <span class='ocrx_word' id='word_1_176' title='bbox 904 2254 1173 2327; x_wconf 86' lang='lat' dir='ltr'>principis</span> <span class='ocrx_word' id='word_1_177' title='bbox 1200 2255 1453 2307; x_wconf 88' lang='lat' dir='ltr'>omnium</span> <span class='ocrx_word' id='word_1_178' title='bbox 1488 2255 1910 2327; x_wconf 84' lang='lat' dir='ltr'>Episcoporum,</span> <span class='ocrx_word' id='word_1_179' title='bbox 1945 2274 2036 2309; x_wconf 91' lang='lat' dir='ltr'>su—</span> 
     </span>
     <span class='ocr_line' id='line_1_23' title="bbox 154 2346 2034 2422; baseline 0.004 -25"><span class='ocrx_word' id='word_1_180' title='bbox 154 2346 440 2418; x_wconf 78' lang='lat' dir='ltr'>premique</span> <span class='ocrx_word' id='word_1_181' title='bbox 492 2347 742 2403; x_wconf 82' lang='lat' dir='ltr'>Ecclcsiae</span> <span class='ocrx_word' id='word_1_182' title='bbox 782 2351 1018 2422; x_wconf 87' lang='lat' dir='ltr'>pastoris</span> <span class='ocrx_word' id='word_1_183' title='bbox 1068 2369 1130 2404; x_wconf 85' lang='lat' dir='ltr'>ac</span> <span class='ocrx_word' id='word_1_184' title='bbox 1173 2351 1362 2406; x_wconf 80' lang='lat' dir='ltr'>vicarii</span> <span class='ocrx_word' id='word_1_185' title='bbox 1406 2352 1531 2406; x_wconf 87' lang='lat' dir='ltr'>Jcsu</span> <span class='ocrx_word' id='word_1_186' title='bbox 1577 2351 1773 2405; x_wconf 62' lang='lat' dir='ltr'>(bristi</span> <span class='ocrx_word' id='word_1_187' title='bbox 1822 2352 2034 2406; x_wconf 86' lang='lat' dir='ltr'>monita</span> 
     </span>
     <span class='ocr_line' id='line_1_24' title="bbox 158 2443 2036 2520; baseline 0.003 -26"><span class='ocrx_word' id='word_1_188' title='bbox 158 2459 424 2514; x_wconf 70' lang='lat' dir='ltr'>vocesque</span> <span class='ocrx_word' id='word_1_189' title='bbox 448 2443 567 2515; x_wconf 90' lang='lat' dir='ltr'>pari</span> <span class='ocrx_word' id='word_1_190' title='bbox 589 2451 906 2518; x_wconf 89' lang='lat' dir='ltr'>contemptu</span> <span class='ocrx_word' id='word_1_191' title='bbox 934 2446 1332 2520; x_wconf 68' lang='lat' dir='ltr'>acceperitis..</span> <span class='ocrx_word' id='word_1_192' title='bbox 1360 2447 1534 2518; x_wconf 88' lang='lat' dir='ltr'>thue</span> <span class='ocrx_word' id='word_1_193' title='bbox 1573 2447 1762 2501; x_wconf 84' lang='lat' dir='ltr'>delicti</span> <span class='ocrx_word' id='word_1_194' title='bbox 1786 2447 1954 2502; x_wconf 81' lang='lat' dir='ltr'>vestri</span> <span class='ocrx_word' id='word_1_195' title='bbox 1975 2466 2036 2501; x_wconf 84' lang='lat' dir='ltr'>ae</span> 
     </span>
     <span class='ocr_line' id='line_1_25' title="bbox 153 2539 2038 2619; baseline 0.005 -28"><span class='ocrx_word' id='word_1_196' title='bbox 153 2539 467 2611; x_wconf 69' lang='lat' dir='ltr'>pertinaciae</span> <span class='ocrx_word' id='word_1_197' title='bbox 493 2542 818 2612; x_wconf 83' lang='lat' dir='ltr'>magnitudo</span> <span class='ocrx_word' id='word_1_198' title='bbox 850 2548 1134 2615; x_wconf 90' lang='lat' dir='ltr'>tegeretur</span> <span class='ocrx_word' id='word_1_199' title='bbox 1166 2544 1386 2613; x_wconf 89' lang='lat' dir='ltr'>saltem,</span> <span class='ocrx_word' id='word_1_200' title='bbox 1418 2563 1545 2599; x_wconf 89' lang='lat' dir='ltr'>cum</span> <span class='ocrx_word' id='word_1_201' title='bbox 1574 2545 1745 2599; x_wconf 89' lang='lat' dir='ltr'>deleri</span> <span class='ocrx_word' id='word_1_202' title='bbox 1772 2563 1881 2600; x_wconf 89' lang='lat' dir='ltr'>non</span> <span class='ocrx_word' id='word_1_203' title='bbox 1914 2564 2038 2619; x_wconf 89' lang='lat' dir='ltr'>pos-</span> 
     </span>
     <span class='ocr_line' id='line_1_26' title="bbox 150 2634 2035 2715; baseline 0.006 -29"><span class='ocrx_word' id='word_1_204' title='bbox 150 2641 249 2701; x_wconf 83' lang='lat' dir='ltr'>set,</span> <span class='ocrx_word' id='word_1_205' title='bbox 275 2634 418 2708; x_wconf 72' lang='lat' dir='ltr'>illud</span> <span class='ocrx_word' id='word_1_206' title='bbox 452 2635 668 2711; x_wconf 21' lang='lat' dir='ltr'>arti-ficii</span> <span class='ocrx_word' id='word_1_207' title='bbox 717 2638 1089 2710; x_wconf 83' lang='lat' dir='ltr'>excogitastis,</span> <span class='ocrx_word' id='word_1_208' title='bbox 1125 2647 1185 2695; x_wconf 90' lang='lat' dir='ltr'>ut</span> <span class='ocrx_word' id='word_1_209' title='bbox 1225 2641 1408 2714; x_wconf 86' lang='lat' dir='ltr'>palam</span> <span class='ocrx_word' id='word_1_210' title='bbox 1445 2641 1768 2714; x_wconf 86' lang='lat' dir='ltr'>passimque</span> <span class='ocrx_word' id='word_1_211' title='bbox 1811 2659 2035 2715; x_wconf 87' lang='lat' dir='ltr'>sparge-</span> 
     </span>
     <span class='ocr_line' id='line_1_27' title="bbox 149 2730 2031 2811; baseline 0.006 -28"><span class='ocrx_word' id='word_1_212' title='bbox 149 2730 281 2784; x_wconf 89' lang='lat' dir='ltr'>retis</span> <span class='ocrx_word' id='word_1_213' title='bbox 325 2732 482 2786; x_wconf 80' lang='lat' dir='ltr'>breve</span> <span class='ocrx_word' id='word_1_214' title='bbox 537 2734 903 2806; x_wconf 90' lang='lat' dir='ltr'>apostolicum</span> <span class='ocrx_word' id='word_1_215' title='bbox 955 2735 1249 2792; x_wconf 84' lang='lat' dir='ltr'>confictum</span> <span class='ocrx_word' id='word_1_216' title='bbox 1306 2738 1472 2792; x_wconf 85' lang='lat' dir='ltr'>fuisse</span> <span class='ocrx_word' id='word_1_217' title='bbox 1527 2739 2031 2811; x_wconf 78' lang='lat' dir='ltr'>subornatumque.</span> 
     </span>
     <span class='ocr_line' id='line_1_28' title="bbox 147 2828 2034 2910; baseline 0.007 -31"><span class='ocrx_word' id='word_1_218' title='bbox 147 2828 389 2899; x_wconf 80' lang='lat' dir='ltr'>Cumque</span> <span class='ocrx_word' id='word_1_219' title='bbox 408 2829 639 2884; x_wconf 83' lang='lat' dir='ltr'>Romani</span> <span class='ocrx_word' id='word_1_220' title='bbox 658 2832 933 2888; x_wconf 83' lang='lat' dir='ltr'>Pontificis</span> <span class='ocrx_word' id='word_1_221' title='bbox 953 2834 1270 2890; x_wconf 90' lang='lat' dir='ltr'>sollicitudo</span> <span class='ocrx_word' id='word_1_222' title='bbox 1293 2837 1441 2890; x_wconf 87' lang='lat' dir='ltr'>hunc</span> <span class='ocrx_word' id='word_1_223' title='bbox 1463 2833 1685 2908; x_wconf 84' lang='lat' dir='ltr'>quoque</span> <span class='ocrx_word' id='word_1_224' title='bbox 1707 2845 2034 2910; x_wconf 73' lang='lat' dir='ltr'>praetextum</span> 
     </span>
     <span class='ocr_line' id='line_1_29' title="bbox 150 2924 2032 3003; baseline 0.007 -26"><span class='ocrx_word' id='word_1_225' title='bbox 150 2924 385 2994; x_wconf 64' lang='lat' dir='ltr'>vicisset,</span> <span class='ocrx_word' id='word_1_226' title='bbox 429 2926 572 2981; x_wconf 89' lang='lat' dir='ltr'>datis</span> <span class='ocrx_word' id='word_1_227' title='bbox 613 2928 680 2982; x_wconf 89' lang='lat' dir='ltr'>ad</span> <span class='ocrx_word' id='word_1_228' title='bbox 734 2930 1134 3003; x_wconf 85' lang='lat' dir='ltr'>provincialem</span> <span class='ocrx_word' id='word_1_229' title='bbox 1171 2939 1418 2988; x_wconf 86' lang='lat' dir='ltr'>vestrum</span> <span class='ocrx_word' id='word_1_230' title='bbox 1469 2936 1809 2991; x_wconf 87' lang='lat' dir='ltr'>authenticis</span> <span class='ocrx_word' id='word_1_231' title='bbox 1863 2936 2032 2991; x_wconf 52' lang='lat' dir='ltr'>bulla}</span> 
     </span>
     <span class='ocr_line' id='line_1_30' title="bbox 148 3023 2025 3105; baseline 0.007 -32"><span class='ocrx_word' id='word_1_232' title='bbox 148 3039 259 3074; x_wconf 57' lang='lat' dir='ltr'>sua}</span> <span class='ocrx_word' id='word_1_233' title='bbox 292 3023 483 3095; x_wconf 77' lang='lat' dir='ltr'>copiiS,</span> <span class='ocrx_word' id='word_1_234' title='bbox 521 3043 658 3079; x_wconf 88' lang='lat' dir='ltr'>num</span> <span class='ocrx_word' id='word_1_235' title='bbox 712 3033 787 3081; x_wconf 87' lang='lat' dir='ltr'>tot</span> <span class='ocrx_word' id='word_1_236' title='bbox 824 3029 1343 3099; x_wconf 79' lang='lat' dir='ltr'>tergiversationum</span> <span class='ocrx_word' id='word_1_237' title='bbox 1377 3031 1767 3105; x_wconf 80' lang='lat' dir='ltr'>productaeque</span> <span class='ocrx_word' id='word_1_238' title='bbox 1817 3033 1873 3087; x_wconf 91' lang='lat' dir='ltr'>in</span> <span class='ocrx_word' id='word_1_239' title='bbox 1907 3034 2025 3087; x_wconf 91' lang='lat' dir='ltr'>lon-</span> 
     </span>
     <span class='ocr_line' id='line_1_31' title="bbox 149 3122 2023 3203; baseline 0.009 -34"><span class='ocrx_word' id='word_1_240' title='bbox 149 3134 278 3187; x_wconf 86' lang='lat' dir='ltr'>gum</span> <span class='ocrx_word' id='word_1_241' title='bbox 310 3122 668 3177; x_wconf 82' lang='lat' dir='ltr'>contumaciae</span> <span class='ocrx_word' id='word_1_242' title='bbox 705 3130 838 3178; x_wconf 89' lang='lat' dir='ltr'>tunc</span> <span class='ocrx_word' id='word_1_243' title='bbox 880 3127 1075 3182; x_wconf 89' lang='lat' dir='ltr'>saltem</span> <span class='ocrx_word' id='word_1_244' title='bbox 1111 3147 1205 3183; x_wconf 86' lang='lat' dir='ltr'>vos</span> <span class='ocrx_word' id='word_1_245' title='bbox 1249 3130 1482 3201; x_wconf 74' lang='lat' dir='ltr'>puduit?</span> <span class='ocrx_word' id='word_1_246' title='bbox 1510 3130 1624 3184; x_wconf 92' lang='lat' dir='ltr'>Imo</span> <span class='ocrx_word' id='word_1_247' title='bbox 1662 3130 2023 3203; x_wconf 83' lang='lat' dir='ltr'>pertinaciam</span> 
     </span>
     <span class='ocr_line' id='line_1_32' title="bbox 147 3213 2031 3300; baseline 0.005 -32"><span class='ocrx_word' id='word_1_248' title='bbox 147 3213 400 3283; x_wconf 82' lang='lat' dir='ltr'>auxistiS,</span> <span class='ocrx_word' id='word_1_249' title='bbox 438 3214 557 3286; x_wconf 90' lang='lat' dir='ltr'>ipso</span> <span class='ocrx_word' id='word_1_250' title='bbox 590 3219 913 3290; x_wconf 90' lang='lat' dir='ltr'>provinciali</span> <span class='ocrx_word' id='word_1_251' title='bbox 944 3230 1125 3279; x_wconf 86' lang='lat' dir='ltr'>vestro</span> <span class='ocrx_word' id='word_1_252' title='bbox 1153 3225 1344 3282; x_wconf 89' lang='lat' dir='ltr'>delicti</span> <span class='ocrx_word' id='word_1_253' title='bbox 1375 3227 1671 3300; x_wconf 89' lang='lat' dir='ltr'>complice,</span> <span class='ocrx_word' id='word_1_254' title='bbox 1700 3233 1754 3281; x_wconf 89' lang='lat' dir='ltr'>et</span> <span class='ocrx_word' id='word_1_255' title='bbox 1775 3227 1926 3300; x_wconf 92' lang='lat' dir='ltr'>apud</span> <span class='ocrx_word' id='word_1_256' title='bbox 1951 3246 2031 3282; x_wconf 79' lang='lat' dir='ltr'>se-</span> 
     </span>
    </p>
   </div>
   <div class='ocr_carea' id='block_1_3' title="bbox 142 3346 2029 3530">
    <p class='ocr_par' dir='ltr' id='par_1_3' title="bbox 142 3346 2029 3530">
     <span class='ocr_line' id='line_1_33' title="bbox 202 3346 2029 3412; baseline 0.009 -27"><span class='ocrx_word' id='word_1_257' title='bbox 202 3350 255 3401; x_wconf 84' lang='grc' dir='ltr'>(Ι)</span> <span class='ocrx_word' id='word_1_258' title='bbox 290 3349 382 3389; x_wconf 81' lang='lat' dir='ltr'>Erat</span> <span class='ocrx_word' id='word_1_259' title='bbox 405 3361 553 3402; x_wconf 85' lang='lat' dir='ltr'>nempe</span> <span class='ocrx_word' id='word_1_260' title='bbox 579 3356 697 3402; x_wconf 84' lang='lat' dir='ltr'>pater</span> <span class='ocrx_word' id='word_1_261' title='bbox 721 3354 834 3396; x_wconf 85' lang='lat' dir='ltr'>Certe</span> <span class='ocrx_word' id='word_1_262' title='bbox 857 3346 1079 3399; x_wconf 56' lang='lat' dir='ltr'>canonicus</span> <span class='ocrx_word' id='word_1_263' title='bbox 1101 3361 1326 3410; x_wconf 82' lang='lat' dir='ltr'>regularis.</span> <span class='ocrx_word' id='word_1_264' title='bbox 1354 3362 1434 3400; x_wconf 88' lang='lat' dir='ltr'>Sed</span> <span class='ocrx_word' id='word_1_265' title='bbox 1457 3366 1666 3412; x_wconf 85' lang='lat' dir='ltr'>quatenus</span> <span class='ocrx_word' id='word_1_266' title='bbox 1688 3361 1870 3402; x_wconf 84' lang='lat' dir='ltr'>vicarius</span> <span class='ocrx_word' id='word_1_267' title='bbox 1897 3362 2029 3403; x_wconf 89' lang='lat' dir='ltr'>Gene-</span> 
     </span>
     <span class='ocr_line' id='line_1_34' title="bbox 148 3415 2027 3477; baseline 0.009 -24"><span class='ocrx_word' id='word_1_268' title='bbox 148 3415 257 3462; x_wconf 81' lang='lat' dir='ltr'>ralis,</span> <span class='ocrx_word' id='word_1_269' title='bbox 292 3415 386 3456; x_wconf 80' lang='lat' dir='ltr'>sede</span> <span class='ocrx_word' id='word_1_270' title='bbox 420 3422 605 3464; x_wconf 72' lang='lat' dir='ltr'>vacante,</span> <span class='ocrx_word' id='word_1_271' title='bbox 636 3417 820 3469; x_wconf 83' lang='lat' dir='ltr'>legitime</span> <span class='ocrx_word' id='word_1_272' title='bbox 854 3424 1124 3473; x_wconf 83' lang='lat' dir='ltr'>constitutus,</span> <span class='ocrx_word' id='word_1_273' title='bbox 1157 3426 1430 3477; x_wconf 88' lang='lat' dir='ltr'>episcopalem</span> <span class='ocrx_word' id='word_1_274' title='bbox 1461 3431 1562 3467; x_wconf 85' lang='lat' dir='ltr'>tunc</span> <span class='ocrx_word' id='word_1_275' title='bbox 1590 3427 1631 3467; x_wconf 92' lang='lat' dir='ltr'>in</span> <span class='ocrx_word' id='word_1_276' title='bbox 1662 3433 1786 3469; x_wconf 84' lang='lat' dir='ltr'>totam</span> <span class='ocrx_word' id='word_1_277' title='bbox 1819 3429 2027 3471; x_wconf 79' lang='lat' dir='ltr'>dioecesim</span> 
     </span>
     <span class='ocr_line' id='line_1_35' title="bbox 142 3481 724 3530; baseline 0.009 -11"><span class='ocrx_word' id='word_1_278' title='bbox 142 3481 477 3530; x_wconf 85' lang='lat' dir='ltr'>jurisdictionem</span> <span class='ocrx_word' id='word_1_279' title='bbox 497 3483 724 3525; x_wconf 86' lang='lat' dir='ltr'>obtinebat.</span> 
     </span>
    </p>
   </div>
   <div class='ocr_carea' id='block_1_4' title="bbox 149 3545 2025 3657">
    <p class='ocr_par' dir='ltr' id='par_1_4' title="bbox 149 3545 2025 3657">
     <span class='ocr_line' id='line_1_36' title="bbox 195 3545 2025 3620; baseline 0.01 -33"><span class='ocrx_word' id='word_1_280' title='bbox 195 3545 254 3620; x_wconf 55' lang='lat' dir='ltr'>sz)</span> <span class='ocrx_word' id='word_1_281' title='bbox 286 3549 380 3589; x_wconf 81' lang='lat' dir='ltr'>Erat</span> <span class='ocrx_word' id='word_1_282' title='bbox 416 3550 452 3590; x_wconf 90' lang='lat' dir='ltr'>is</span> <span class='ocrx_word' id='word_1_283' title='bbox 473 3549 659 3592; x_wconf 87' lang='lat' dir='ltr'>Vicarius</span> <span class='ocrx_word' id='word_1_284' title='bbox 691 3553 896 3595; x_wconf 87' lang='lat' dir='ltr'>Generalis</span> <span class='ocrx_word' id='word_1_285' title='bbox 928 3556 1130 3606; x_wconf 88' lang='lat' dir='ltr'>intrusus,</span> <span class='ocrx_word' id='word_1_286' title='bbox 1159 3571 1285 3611; x_wconf 86' lang='lat' dir='ltr'>quem</span> <span class='ocrx_word' id='word_1_287' title='bbox 1310 3559 1531 3601; x_wconf 86' lang='lat' dir='ltr'>Tolosanus</span> <span class='ocrx_word' id='word_1_288' title='bbox 1555 3562 1891 3616; x_wconf 83' lang='lat' dir='ltr'>archiepiscopus</span> <span class='ocrx_word' id='word_1_289' title='bbox 1917 3565 2025 3615; x_wconf 75' lang='lat' dir='ltr'>Apa-</span> 
     </span>
     <span class='ocr_line' id='line_1_37' title="bbox 149 3614 459 3657; baseline 0.01 -5"><span class='ocrx_word' id='word_1_290' title='bbox 149 3624 251 3654; x_wconf 79' lang='lat' dir='ltr'>mias</span> <span class='ocrx_word' id='word_1_291' title='bbox 274 3614 459 3657; x_wconf 83' lang='lat' dir='ltr'>miserat.</span> 
     </span>
    </p>
   </div>
  </div>
 </body>
</html>
