2262 3990
900 171 1024 221 rins
1050 171 1255 222 reniti.
1924 136 2012 214 5⁶⁷

143 277 410 335 Martinus
443 276 482 334 V
517 294 647 333 cum
690 277 1099 335 Constantiensi
1138 275 1372 334 concilio
1419 275 1536 332 vult
1577 274 1796 348 agnosci
1832 290 2015 349 supre-

143 390 283 430 mam
316 373 372 428 in
409 373 639 431 Ecclesia
669 372 790 430 Dei.
830 372 1043 438 Quibus
1071 372 1411 430 testimoniis
1441 371 1546 429 alia
1589 371 1848 447 subjungi
1890 388 2015 446 pos-—

142 476 262 526 sent
286 486 452 543 quam
483 469 747 544 plurima.
772 470 892 526 Jam
924 488 1047 527 vcro
1068 476 1308 547 potestas
1326 471 1485 544 plena
1505 475 1558 526 et
1581 486 1828 544 suprema
1853 461 2014 524 dum-

140 570 292 622 taxat
327 564 509 637 quoad
550 565 845 640 Episcopus
877 567 1203 623 distributive
1241 571 1518 642 sumptos,
1552 573 1606 622 et
1645 583 1812 641 supra
1846 582 2014 638 quam

141 660 410 718 emineret
439 660 958 736 concilii—sinePapa
1001 663 1326 734 auctoritaS‚
1373 680 1723 736 nequaquam
1767 662 1927 737 plena
1965 667 2018 718 et

141 775 400 831 suprema
427 766 570 816 esset
602 764 655 815 in
687 761 924 816 mtivcrsa
946 759 1198 830 Ecclesia,
1233 763 1288 816 in
1313 761 1544 817 Ecclesia
1572 761 1689 830 Dei,
1726 763 1780 816 in
1810 762 2017 816 aniver—

140 873 250 911 sam
277 855 579 925 Ecclesiam,
622 874 776 930 saper
813 859 1108 911 universam
1148 856 1449 913 Ecclesiam.
1495 858 1629 913 Nam
1672 857 1879 914 locutio
1920 857 2017 914 illa

141 956 374 1010 utiiversa
398 953 626 1010 Ecclesia
663 953 952 1010 manifeste
976 953 1403 1028 comprehendit
1432 971 1626 1010 omnes
1663 955 1888 1011 omnino
1921 955 2018 1028 qui

141 1051 347 1105 suntin
374 1048 605 1105 Ecclesia
644 1067 740 1105 scu
779 1050 842 1104 de
868 1049 1117 1106 Ecclesia.
1156 1048 1305 1105 Tolle
1330 1049 1574 1122 aliquam
1606 1057 1843 1124 partem,
1881 1050 2019 1106 clas-

143 1164 257 1202 sem
289 1146 529 1219 aliquam
567 1146 949 1204 membrorum
985 1146 1190 1219 quibus
1222 1152 1434 1202 constat
1472 1148 1713 1202 universa
1760 1146 2013 1209 Ecclesia,

143 1250 193 1299 et
231 1243 341 1315 jam
379 1262 486 1299 non
521 1250 602 1299 cst
647 1244 886 1299 Ecclesia
922 1247 1187 1314 universa,
1215 1243 1309 1298 sed
1341 1244 1625 1300 dumtaxat
1667 1243 1851 1316 aliqua
1887 1262 2016 1316 pars

142 1339 266 1411 plus
299 1339 549 1394 minusve
579 1339 853 1413 praecipua
888 1339 1137 1396 Ecclesia}
1170 1339 1462 1395 universae.
1507 1340 1674 1395 Porro
1708 1338 2012 1395 concilium

143 1434 413 1507 generale,
447 1442 497 1490 et
532 1434 779 1508 Episcopi
811 1436 1070 1491 collective
1095 1436 1325 1510 sumpti,
1359 1443 1487 1491 sunt
1521 1435 1716 1510 procul
1755 1435 1925 1490 dubio
1957 1434 2015 1489 in

144 1530 369 1587 Ecclesia
410 1533 647 1586 universa
682 1538 735 1586 et
773 1532 840 1587 de
870 1533 1098 1588 Ecclesia.
1133 1535 1394 1604 universa,
1432 1533 1544 1588 imo
1588 1550 1716 1607 pars
1761 1531 2018 1588 Ecclesiae

145 1626 298 1683 valde
319 1627 634 1702 conspicua.
667 1628 838 1700 Igitur
865 1630 959 1702 qui
992 1630 1151 1685 habet
1171 1631 1378 1703 plenam
1405 1637 1733 1705 potestatem
1759 1630 1818 1685 in
1846 1630 2018 1686 Eccle-

138 1727 219 1778 sia
256 1728 492 1780 universa
536 1731 587 1780 et
626 1745 780 1799 saper
823 1728 1099 1783 Ecclesiam
1135 1731 1447 1798 universam,
1501 1729 1603 1784 hoc
1645 1729 1765 1802 ipso
1810 1730 2014 1800 plenam

139 1822 299 1877 habet
340 1822 396 1877 in
435 1825 646 1879 concilio
687 1827 942 1897 ⁴qenerali,
983 1832 1032 1881 et
1077 1846 1231 1899 saper
1268 1828 1539 1882 concilium
1575 1826 1818 1898 qenerale
1860 1831 1912 1879 ct
1958 1825 2014 1878 in

135 1917 427 1992 Episcopos
471 1919 731 1975 collective
755 1928 1026 1994 sumptos.
1079 1923 1217 1994 Ergo
1259 1924 1551 1978 manifeste
1589 1922 1695 1978 sibi
1734 1920 2014 1977 contradi-

134 2019 264 2068 cunt
291 2014 549 2069 Gallicani
589 2016 827 2089 theologi
860 2016 994 2072 dum
1036 2019 1188 2091 Papae
1227 2025 1554 2093 potestatem
1582 2020 1789 2094 plenam
1820 2036 2015 2091 agnos·

135 2117 266 2166 cunt
304 2129 459 2183 saper
486 2115 772 2168 universam
806 2114 1109 2180 Ecclesiam,
1148 2122 1199 2170 ct
1228 2116 1397 2170 simul
1430 2117 1643 2171 nullam
1674 2134 1793 2172 esse
1821 2115 2014 2171 volunt

137 2222 300 2278 super
338 2206 634 2260 concilium
676 2209 932 2278 generale
977 2216 1028 2264 et
1070 2211 1364 2283 Episcopos
1407 2212 1686 2266 collective
1730 2218 2003 2286 sumptos;

138 2301 263 2373 quia
310 2319 507 2376 nempe
551 2304 649 2358 sub
697 2304 1143 2363 denominatione
1180 2311 1437 2364 universae
1479 2310 1716 2364 Ecclesiae
1759 2329 2009 2385 compre-

137 2396 474 2468 henduntur,
504 2404 553 2454 ct
580 2399 801 2470 quidem
823 2402 1197 2474 potissimum,
1224 2405 1496 2478 generalis
1519 2407 1759 2480 synodus
1779 2414 1829 2463 et
1855 2410 2008 2484 Epis-

134 2493 253 2565 copi
294 2501 563 2566 quatenus
600 2495 880 2553 collective
914 2500 1140 2574 sumpti.
1181 2501 1329 2556 Unde
1363 2501 1457 2574 qui
1500 2503 1673 2558 dicit:
1718 2504 1859 2579 Papa
1895 2510 2012 2580 ple-

136 2608 252 2644 nam
287 2590 445 2645 habet
481 2599 807 2666 potestatem
852 2595 906 2650 in
942 2600 1229 2654 indecisam
1264 2600 1563 2671 Ecclest‘am,
1596 2620 1709 2657 non
1744 2610 1926 2660 autem
1957 2608 2012 2662 in

135 2684 424 2759 Episcopus
467 2688 745 2745 collective
791 2701 1039 2767 sumptos
1082 2702 1175 2750 aut
1213 2696 1267 2750 in
1310 2699 1546 2753 concilio
1590 2699 1883 2771 adunatOS,
1930 2705 2013 2759 vel

138 2797 246 2834 non
287 2784 519 2840 attendit
549 2786 615 2840 ad
652 2786 706 2865 id
741 2789 886 2861 quod
928 2790 1081 2858 dicit,
1113 2792 1197 2848 vel
1238 2795 1453 2867 egregie
1498 2796 1770 2852 mentitur
1809 2805 1861 2854 et
1895 2800 2011 2856 vult

138 2874 385 2933 incautos
418 2879 688 2955 decipere.
1666 2878 1672 2883 ⁴

881 3101 1120 3162 CAPUT
1165 3103 1239 3164 XI

171 3236 591 3276 ARGE'BESTUM
616 3242 697 3278 Ex
723 3244 803 3279 ΕΟ
827 3247 989 3291 QUOD
1018 3251 1178 3286 num
1204 3254 1302 3287 sn*
1326 3256 1521 3292 cuw‘r
1546 3256 1952 3299 {lxlvnnsnus

903 3317 1223 3356 BCOLESEAE.

200 3456 241 3510 1.
276 3456 473 3531 Papam
506 3479 616 3518 esse
641 3473 794 3536 caput
823 3470 977 3523 letias
1011 3470 1276 3545 Ecclesiae,
1308 3477 1529 3548 probant
1555 3484 1820 3553 sequentia
1850 3486 1992 3541 testi-

129 3556 319 3608 monia.
360 3588 427 3596 —
460 3557 518 3613 ln
562 3563 897 3621 oecumenica
938 3569 1140 3641 synodo
1182 3572 1631 3642 Chalcedonensi,
1674 3598 1816 3637 anno
1855 3585 1987 3656 451,
