2262 3990
854 150 979 201 rins
1006 118 1204 199 maru.
1878 148 1965 196 54⁷

96 260 277 338 eapite
300 278 403 317 suo
430 259 675 316 Romano
699 257 976 317 Pontifice.
998 289 1070 301 —
1090 257 1262 326 Nono,
1290 248 1567 313 Romanus
1581 252 1850 324 Pontifex,
1867 251 1966 327 qui

100 362 184 416 est
207 362 369 432 caput
393 355 565 413 totius
594 354 865 426 Ecclesiae‚
898 358 984 412 est
1012 353 1177 413 etiam
1202 357 1367 428 caput
1395 352 1642 409 Ecclesiae
1662 351 1891 407 docentia
1915 357 1967 406 et

100 455 344 527 afferetis,-
375 452 523 509 unde
548 452 666 527 ipsa
689 450 930 508 Ecclesia
968 467 1160 524 regens
1184 467 1246 508 ac
1273 449 1474 506 docens
1510 454 1594 507 est
1622 465 1826 523 corpus
1850 463 1968 503 mo·
2021 452 2025 458 ’

100 550 238 619 tale,
265 554 525 606 constans
552 549 797 605 Romano
826 546 1082 604 Pontissce
1112 553 1378 621 tanquam
1419 546 1618 621 capite,
1657 551 1711 604 et
1753 544 1972 620 Episco-

100 648 186 724 pis
226 652 492 720 tanquam
533 645 815 703 membris,
846 678 914 688 —
938 645 1169 716 Decimo,
1212 644 1342 702 licet
1378 645 1677 702 concilium
1722 646 1975 718 generale

100 742 274 821 possit
305 761 425 800 esse
456 744 750 817 perfectum
787 741 1107 798 absentibus
1135 739 1391 814 pluribus
1423 742 1727 817 Episcopis,
1755 760 1870 799 non
1896 747 1974 800 ta-

101 859 228 900 men
252 843 542 915 perfectum
580 857 699 896 esse
727 837 906 913 potest
931 837 1051 894 sine
1091 837 1338 894 Romano
1360 838 1638 908 Pontifice;
1681 840 1812 914 quia
1840 847 1975 900 tunc

102 938 310 996 deesset
354 937 662 994 membrum
701 935 1007 1011 principale
1049 934 1297 1010 corporis
1339 935 1594 994 Ecclesiae
1638 938 1884 996 docentis
1923 946 1977 996 et

103 1036 363 1111 regentiS‚
398 1053 593 1110 nempe
635 1039 819 1110 caput.
854 1034 1010 1105 Hinc,
1055 1040 1271 1090 mortuo
1299 1033 1386 1090 vel
1418 1033 1627 1092 incerto
1651 1037 1815 1112 Papa,
1848 1056 1975 1094 con-

104 1133 346 1208 gregatio
378 1131 651 1206 generalis
691 1131 1086 1206 Episcoporum
1131 1148 1243 1186 non
1284 1129 1392 1187 nisi
1434 1121 1737 1205 imperfecte
1775 1151 1978 1208 reprae-

104 1237 281 1289 sentat
321 1230 615 1288 Ecclesiam
659 1229 944 1286 docentem
981 1235 1034 1285 et
1072 1234 1378 1302 regentem,
1421 1247 1522 1285 nec
1551 1235 1633 1286 est
1673 1230 1978 1286 concilium

107 1328 355 1402 generale
388 1327 497 1383 nisi
524 1328 843 1399 imperfecte.
873 1358 941 1367 —
971 1325 1270 1397 Undecimo,
1306 1326 1373 1396 si,
1401 1326 1616 1383 vivente
1646 1327 1787 1402 Papa
1817 1328 1978 1401 cujus

109 1423 428 1497 legitimitas
476 1422 644 1478 dubia
690 1440 802 1478 non
843 1422 938 1492 sit,
980 1422 1248 1495 generalis
1292 1424 1641 1496 congregatio
1689 1424 1980 1500 Episcopo-

112 1539 236 1578 rum
263 1521 381 1596 ipso
410 1520 579 1577 invito
612 1519 948 1588 conveniret,
987 1521 1071 1577 vel
1099 1519 1219 1595 ipso
1245 1519 1604 1578 dissentiente
1630 1521 1974 1591 decerneret,

113 1623 166 1674 et
199 1617 415 1691 cognito
459 1617 633 1692 ipsius
670 1617 926 1673 dissensu
966 1616 1333 1673 nihilominus
1363 1617 1599 1674 decretis
1633 1619 1751 1675 suis
1786 1638 1980 1694 supre-

115 1731 259 1769 mam
303 1714 569 1770 inhaerere
602 1713 980 1769 auctoritatem
1023 1713 1399 1783 contenderet,
1440 1719 1571 1769 tunc
1618 1715 1755 1769 illud
1796 1715 1980 1771 conci-

111 1807 272 1879 lium,
301 1809 518 1866 etiamsi
556 1827 743 1865 omnes
769 1809 962 1864 mundi
1003 1809 1278 1866 antistites
1309 1810 1359 1865 ei
1384 1810 1715 1866 interessent
1747 1817 1801 1866 et
1839 1830 1978 1866 una-

110 1904 336 1960 nimiter
375 1906 758 1974 decernerent,
806 1922 919 1960 non
959 1909 1176 1960 tantum
1222 1911 1638 1979 repraesentaret
1678 1907 1982 1979 imperfecte

108 1999 407 2057 Ecclesiam
434 2000 719 2056 docentem
749 2006 801 2056 et
833 2006 1137 2074 regentem,
1181 2002 1274 2058 sed
1295 2005 1532 2075 perfecte
1560 2010 1983 2078 repraesentaret

109 2102 165 2153 et
198 2097 431 2153 efficeret
469 2096 711 2169 ejusdem
741 2097 994 2153 Ecclesiae
1023 2098 1271 2154 docentis
1313 2105 1362 2154 et
1390 2100 1629 2171 regentis
1657 2100 1984 2157 destructio-

111 2210 256 2248 nem.
278 2193 468 2248 Finem
495 2192 703 2248 scilicet
731 2210 798 2247 ex
824 2194 926 2248 hoc
952 2193 1069 2266 ipso
1093 2193 1317 2249 haberet
1344 2211 1468 2248 vera
1486 2194 1689 2250 Christi
1710 2195 1976 2252 Ecclesia.

111 2289 244 2344 Nam
283 2306 378 2362 per
432 2288 702 2361 ejusmodi
742 2289 1077 2357 dissensum,
1138 2289 1484 2344 scinderetur
1522 2307 1583 2345 ac
1633 2298 1984 2364 separaretur

113 2391 275 2459 caput
307 2403 336 2440 a
364 2402 611 2458 corpore,
651 2390 702 2440 et
737 2386 839 2439 hoc
868 2384 984 2458 ipso
1014 2384 1277 2455 Ecclesia,
1320 2403 1488 2457 quam
1518 2385 1765 2442 Christus
1802 2388 1981 2443 Domi-

116 2500 220 2538 nus
251 2500 379 2537 cum
405 2483 580 2537 forma
606 2481 852 2556 corporis
878 2464 1100 2538 moralis
1135 2482 1398 2553 instituit,
1428 2482 1661 2540 existere
1687 2484 1980 2554 desineret;

116 2579 389 2652 siquidem
419 2579 714 2634 haberetur
750 2597 815 2634 cx
848 2597 956 2634 una
988 2586 1140 2653 parte
1173 2586 1341 2653 caput
1379 2579 1499 2636 sine
1537 2599 1788 2655 corpore,
1830 2589 1881 2638 et
1922 2602 1985 2639 ex

116 2675 221 2730 alia
244 2681 475 2732 truncus
512 2675 631 2731 sine
665 2675 863 2750 capite.
888 2675 950 2730 Et
982 2675 1102 2731 ideo
1126 2695 1417 2749 nunquam
1449 2678 1766 2751 contingere
1803 2687 1985 2753 potest

117 2771 386 2842 ejusmodi
407 2772 551 2829 inter
574 2774 884 2829 Romanum
911 2773 1227 2830 Pontificem
1263 2780 1315 2830 et
1354 2793 1544 2831 omnes
1569 2776 1790 2831 concilii
1819 2795 1982 2847 gene-

119 2866 249 2922 ralis
281 2863 566 2941 Episcopos
605 2871 886 2928 dissensus
922 2888 984 2926 ac
1014 2872 1306 2946 separatio,
1342 2871 1399 2926 in
1442 2872 1752 2927 definienda
1794 2873 1899 2927 fide
1935 2879 1986 2928 et

121 2961 396 3017 edicendis
421 2963 725 3038 disciplinae
741 2965 993 3035 decretis3
1023 2968 1091 3022 ob
1117 2967 1451 3040 promissam
1480 2966 1688 3022 scilicet
1714 2984 1743 3021 a
1767 2966 1985 3022 Christo

121 3057 371 3114 Ecclesiae
400 3077 514 3126 suae
532 3078 712 3133 usque
745 3062 811 3116 ad
854 3062 1018 3118 finem
1053 3065 1247 3119 mundi
1289 3063 1641 3119 durationem
1669 3084 1680 3115 :
1726 3063 1788 3118 Et
1815 3073 1987 3136 portae

122 3155 279 3225 inferi
314 3173 416 3210 non
445 3156 805 3227 praevalebunt.
838 3158 1079 3214 adversus
1122 3177 1256 3214 eam.
1299 3160 1426 3216 Ecce
1463 3178 1554 3231 eqo
1595 3161 1847 3215 vobiscum
1874 3179 1985 3215 sum

121 3269 279 3324 usque
323 3253 391 3306 ad
430 3253 913 3308 consummationem
952 3254 1149 3310 saeculi.
1199 3255 1331 3310 Hinc
1375 3256 1601 3328 pariter,
1641 3255 1767 3311 licet
1812 3257 1987 3331 possit

121 3348 260 3421 Papa
302 3349 442 3405 hanc
478 3349 562 3405 vel
598 3348 750 3404 illam
787 3349 983 3405 Sedem
1023 3350 1391 3426 episcopalem
1429 3353 1799 3427 supprimere,
1843 3373 1985 3410 nun·

123 3462 291 3516 quam
318 3452 501 3502 tamen
532 3446 852 3518 contingere
889 3452 1066 3521 potest
1102 3453 1163 3503 ut
1189 3466 1382 3503 omncs
1420 3448 1584 3505 Sedes
1627 3450 1980 3526 episcopaleS,

125 3559 314 3598 omnes
334 3542 539 3599 scilicet
564 3542 860 3617 Episcopos
892 3549 1167 3616 quatenus
1191 3544 1496 3601 ordinarios
1531 3546 1832 3604 dioeceseon
1865 3569 1987 3624 pas-
