2306 4010
322 138 416 186 170·
999 130 1292 202 TRACTATUS
1322 130 1388 177 DE
1418 130 1568 178 PAPA.

318 245 506 305 verbis
547 263 677 302 vere
719 241 1060 300 constitutus
1099 243 1183 294 est
1229 235 1491 294 Ecclesiae
1531 237 1735 296 Christi
1779 237 2306 316 fundamentutrm

319 344 488 418 Atqui
521 343 651 400 talis
680 358 802 396 esse
839 337 1039 409 nequit
1079 333 1191 391 nisi
1231 335 1305 392 sit
1341 335 1684 395 infallibilis.
1724 337 1946 395 Etenim
1984 339 2249 400 Ecclesiae
2286 372 2291 418 j

319 441 616 500 aedificium
661 442 810 493 stare
850 433 1049 508 nequit
1091 433 1202 490 nisi
1250 453 1350 511 per
1382 453 1573 494 veram
1619 436 1788 495 tidem
1815 457 1987 514 quam
2018 426 2306 516 semper,3

316 538 589 595 illibatam
619 533 972 609 profiteatur.
1005 532 1207 591 Statim
1241 552 1446 610 nempe
1486 555 1549 594 ac
1575 536 1937 612 profiteretur
1964 556 2251 610 errorem,·

317 636 593 692 desineret
629 649 748 688 esse
774 650 904 688 vera
938 632 1138 691 Christi
1163 635 1416 692 Ecclesia
1454 641 1506 693 et
1537 637 1798 695 evaderet
1835 656 2112 714 synagoga
2146 639 2241 696 Sa·
2278 487 2306 705 l

312 741 477 789 tanae.
518 732 656 805 Ergo
691 730 962 789 Summus
1004 734 1256 792 Pontifex
1282 753 1395 792 non
1422 743 1604 811 potest
1639 755 1765 795 esse
1805 738 2241 796 fundamentum

311 832 573 889 Ecclesiae
605 831 835 904 Christi,
872 833 984 891 nisi
1017 834 1090 891 sit
1119 835 1559 895 fundamentum
1589 837 1844 895 Ecclesiae
1869 856 1994 912 quae
2021 857 2244 915 semper

311 950 501 990 veram
535 932 702 988 fidem
732 932 1086 1008 profiteatur.
1115 935 1281 1012 Atqui
1321 954 1436 993 non
1462 942 1646 1011 potest
1679 937 1949 994 Summus
1987 937 2241 994 Pontifex

311 1049 432 1087 esse
466 1031 906 1089 fundamentum
949 1033 1208 1091 Ecclesiae
1253 1053 1446 1091 veram
1491 1033 1660 1092 fidem
1710 1053 1932 1110 semper
1976 1034 2243 1111 profiten-

308 1130 404 1200 tis,
433 1130 541 1186 nisi
578 1131 650 1186 sit
680 1131 1022 1190 infallibilis.
1052 1133 1133 1189 Ad
1161 1135 1313 1207 quod
1342 1133 1699 1209 probandum
1727 1134 1840 1191 duo
1867 1135 2244 1208 requiruntur

312 1234 363 1286 et
393 1229 683 1286 sufficiunt
713 1251 723 1284 :
752 1234 928 1305 primo
971 1237 1034 1289 ut
1067 1238 1185 1289 tota
1227 1233 1310 1289 vis
1345 1240 1398 1290 et.
1432 1233 1691 1290 soliditas
1727 1232 1948 1289 aedifieii
1982 1231 2243 1288 Ecclesiae

310 1329 450 1386 oriri
472 1330 670 1388 debeat
694 1349 761 1388 ex
779 1331 1064 1389 soliditate
1089 1333 1474 1403 fundamenti,
1498 1338 1552 1389 et
1575 1334 1805 1389 secundo
1833 1339 1895 1388 ut
1923 1350 2037 1388 non
2066 1330 2241 1407 possit

310 1428 386 1485 ita
418 1429 556 1486 oriri
593 1430 703 1487 nisi
741 1430 1050 1505 ipsummet
1089 1431 1531 1488 fundamentum
1567 1432 1641 1489 sit
1682 1431 1740 1487 in
1779 1430 1889 1488 fide
1919 1430 2238 1487 infallibile.

309 1530 477 1604 Atqui
501 1532 619 1588 haec
649 1532 760 1588 duo
789 1539 940 1589 certa
977 1538 1132 1589 sunt.

387 1630 594 1701 Ρνὶηιο,
641 1637 753 1688 tota
794 1632 878 1688 vis
924 1637 976 1687 et
1016 1631 1273 1688 soliditas
1318 1630 1543 1687 aedificii
1591 1630 1853 1687 Ecclesiae
1893 1649 1923 1686 a
1964 1628 2244 1685 soliditate

311 1727 668 1784 fundamenti
710 1730 846 1785 oriri
888 1731 1073 1788 (lebet.
1101 1764 1171 1771 —
1204 1732 1356 1787 Patet
1399 1749 1466 1787 ex
1505 1730 1626 1806 ipsa
1665 1727 2023 1786 fundamenti
2067 1733 2242 1783 meta-

311 1830 509 1903 phora.
543 1829 682 1885 Nam
728 1831 785 1885 in
826 1830 1075 1887 {edificiis
1117 1830 1511 1888 materialibus
1557 1836 1859 1886 structurae
1906 1828 2164 1885 soliditas
2210 1845 2242 1883 a

311 1926 681 1984 fundamento
707 1935 823 1985 tota
853 1929 1079 2003 pendet.;
1112 1928 1187 1983 ita
1228 1935 1290 1984 ut
1325 1928 1621 1984 fatiscente
1650 1926 2020 1983 fundamento
2056 1930 2241 1981 totum

311 2028 606 2084 {edificium
637 2033 788 2085 certo
817 2029 1205 2103 collapsurum
1234 2027 1327 2083 sit.
1356 2026 1464 2083 Nec
1489 2026 1721 2100 allegari
1749 2031 1930 2101 potest
1955 2026 2072 2081 ulla
2099 2024 2242 2081 ratio

310 2147 415 2185 cur
448 2129 701 2185 Christus
740 2129 832 2185 hic
859 2148 973 2185 non
1009 2127 1331 2184 censendus
1360 2127 1431 2182 sit
1459 2127 1621 2200 juxta
1656 2144 1887 2182 sensum
1920 2124 2242 2180 naturalem

310 2230 657 2303 metaphorae
700 2229 949 2285 locutus.
990 2228 1230 2283 Econtra
1272 2226 1431 2299 loqui
1475 2226 1671 2282 debuit
1711 2227 1879 2298 juxta
1914 2223 2143 2279 obvium
2192 2227 2246 2278 et

310 2326 629 2382 naturalem
658 2327 959 2382 verborum
997 2343 1251 2391 sensum,
1289 2343 1421 2379 cum
1449 2330 1650 2397 agatur
1687 2323 1755 2379 de
1781 2340 1843 2377 re
1872 2338 1937 2377 ex
1967 2339 2078 2395 qua
2110 2338 2245 2396 pen-

310 2427 439 2483 dere
482 2427 722 2483 debebat
762 2433 879 2483 tota
914 2425 1173 2482 Ecclesiae
1202 2422 1561 2481 constitutio,
1597 2422 1931 2497 —Insuper
1974 2421 2124 2477 idem
2164 2420 2246 2476 sic

309 2525 540 2600 probari
569 2531 786 2598 potest3
821 2525 868 2581 si
896 2525 1214 2581 absolutam
1243 2522 1593 2580 soliditatem
1623 2538 1783 2578 suam
1814 2519 2044 2576 aliunde
2073 2535 2244 2591 quam

312 2640 341 2676 a
370 2622 742 2678 fundamento
782 2622 1012 2678 haberet
1046 2621 1316 2689 Ecclesia,
1347 2622 1467 2693 jam
1503 2619 1590 2675 vel
1618 2624 1770 2674 stare
1806 2621 1992 2691 posset
2032 2617 2244 2688 absque

311 2702 706 2790 fundamento,
744 2721 830 2776 vel
855 2739 967 2776 non
1003 2726 1212 2794 posset.
1245 2719 1303 2776 Si
1327 2721 1503 2791 priua,
1538 2717 1626 2774 vel
1650 2722 1822 2774 staret
1850 2734 1950 2792 per
1973 2716 2237 2791 seipsam,

313 2824 365 2875 et
396 2824 532 2875 tunc
563 2818 743 2894 ipsius
800 2818 1239 2875 fundamentum
1275 2817 1606 2874 nullatenus
1633 2823 1779 2873 esset
1808 2834 2008 2873 verum
2043 2815 2245 2871 funda-

312 2924 593 2991 mentum,
626 2925 679 2976 et
707 2919 847 2976 falso
885 2938 1010 2976 eam
1043 2919 1302 2976 Christus
1337 2917 1672 2974 declarasset
1701 2934 1872 2992 super
1907 2915 2245 2972 fundamen-

312 3023 435 3074 tum
479 3018 624 3074 illud
667 3017 1044 3075 aedificatam:
1091 3017 1178 3075 vel
1225 3022 1399 3073 staret
1441 3033 1543 3091 per
1586 3015 1764 3083 aliud;
1809 3020 1864 3071 et
1904 3019 2042 3070 tunc
2089 3012 2244 3069 istud
2303 3087 2305 3090 ι

314 3120 467 3176 aliud
492 3126 636 3177 esset
663 3119 1127 3190 fundamentum,
1155 3124 1208 3174 et
1232 3136 1433 3175 verum
1463 3122 1784 3174 remaneret
1810 3120 1990 3171 totam
2021 3113 2244 3170 aedificii
2302 3179 2306 3188 Α

315 3221 660 3279 soliditatem
701 3240 731 3277 a
757 3200 1127 3278 fundamento
1158 3219 1429 3295 pendere.
1463 3218 1521 3275 Si
1556 3218 1846 3292 posterius‘,
1878 3215 1934 3271 id
1968 3221 2051 3272 est
2082 3214 2128 3270 si
2160 3214 2242 3270 di·
2296 3207 2306 3265 Ῐ

316 3326 475 3377 catur
514 3320 819 3379 Ecclesiam
862 3326 1015 3379 stare
1055 3338 1167 3378 non
1206 3336 1372 3396 posse
1415 3319 1631 3392 absque
1673 3315 2069 3386 fundament0‚
2115 3330 2242 3386 ergo
2295 3357 2300 3362 .

317 3418 608 3478 deficiente
637 3423 1008 3480 fundamento
1044 3426 1160 3478 tota
1190 3424 1506 3490 corrueret,
1543 3435 1608 3474 ac
1631 3414 1869 3491 proinde
1895 3413 2076 3488 ipsius
2113 3411 2246 3470 soli-
2294 3411 2299 3429 ⁵

318 3515 462 3572 ditas
497 3535 526 3572 a
554 3518 925 3580 fundamento
947 3526 1066 3578 tota
1089 3517 1389 3596 dependet.
1418 3516 1559 3590 Ergo
1583 3516 1759 3590 primo
1780 3518 1898 3570 tota
1917 3512 2001 3568 vis
2029 3516 2084 3568 et
2110 3510 2242 3568 soli-
2284 3575 2297 3582 „

318 3612 464 3670 ditas
490 3614 708 3672 aedificii
725 3618 983 3677 Ecclesiae
1006 3637 1036 3676 a
1058 3615 1415 3676 fundamenti
1440 3613 1726 3674 soliditate
1749 3628 1944 3669 revera
1971 3609 2235 3667 trahitur.
