2306 4010
61 219 87 239 .-
807 178 934 226 PARS
962 176 1196 224 SECUNDA.
1854 178 1942 226 569

29 278 34 284 ’
58 276 286 356 'fimata
311 294 392 344 est
423 284 780 362 praecedentis
803 283 1022 341 concilii
1051 282 1320 351 doctrina,
1349 280 1407 337 id
1431 286 1537 352 est,
1568 298 1679 338 non
1706 297 1826 338 esse
1847 299 1940 338 va-

67 386 244 446 lidum
275 384 574 459 baptisma,
601 383 709 440 nisi
736 402 766 439 a
789 381 1077 440 catholicis
1103 380 1392 437 collatum.

144 485 199 540 5.
234 482 459 556 Scripsit
497 481 798 556 Cyprianus
829 480 1075 535 Romano
1113 476 1360 534 Pontifici
1397 476 1671 552 Stephano
1710 477 1942 552 synoda-

71 585 179 639 lem
218 580 528 657 epistolam,
562 596 671 651 qua
708 595 836 636 eum
868 577 936 633 de
960 576 1098 633 actis
1127 593 1158 632 a
1193 574 1427 632 concilio
1457 575 1750 632 certiorem
1781 575 1946 632 iacie-

71 680 184 736 bat.
209 674 413 743 'Quam
463 681 649 731 tamen
688 673 976 748 epistolam
1022 672 1291 744 ignoravit
1347 678 1572 730 sanctus
1602 673 1943 746 Augustinus

69 783 234 851 prout
263 775 446 831 videre
469 780 557 830 est
578 772 720 827 libro
744 770 827 838 Vl,
859 769 1039 843 c'apite
1065 788 1129 823 xv
1154 770 1217 824 de
1245 770 1398 841 Bapt.
1441 773 1505 843 (t.
1541 771 1622 843 IX,
1658 789 1782 845 pag.
1816 771 1946 841 171,

68 869 324 927 editionis
349 867 852 934 Benedictinorum,
885 865 1075 936 1688).

145 966 196 1021 6.
228 965 270 1019 Α
296 966 511 1020 duobus
532 962 810 1037 Episcopis
837 962 1067 1017 Romam
1093 961 1273 1017 delata
1298 968 1378 1018 est
1412 963 1638 1036 praefata
1673 965 1950 1041 synodalis

0 1093 1 1117 ι
69 1059 317 1136 epistola.
357 1058 552 1114 Verum
590 1075 691 1113 nec
739 1074 831 1112 eos
881 1074 982 1112 nec
1015 1056 1303 1131 epistolam
1346 1057 1592 1131 recipere
1621 1059 1796 1115 voluit
1837 1062 1951 1116 Ste-

0 1136 1 1139 ,
68 1157 281 1233 phanus
319 1157 488 1230 Papa3
537 1154 686 1227 quod
723 1156 771 1209 ei
810 1154 1035 1209 crimini
1067 1154 1230 1211 vertit
1269 1154 1489 1229 Fleury,
1531 1155 1748 1211 duritiae
1788 1156 1950 1212 illum

70 1262 122 1313 et
161 1253 484 1326 arrogantiae
518 1251 847 1308 insimulans
883 1251 1027 1325 (vide
1067 1258 1350 1308 auctorem
1393 1253 1574 1327 operis
1601 1253 1688 1308 Vie
1715 1254 1777 1309 de
1810 1258 1952 1310 saint

74 1352 318 1424 Gyprien,
361 1351 558 1423 pagina
593 1350 724 1419 594,
759 1349 910 1404 Paris
939 1350 1040 1404 1711
1057 1350 1130 1422 7).
1168 1350 1308 1405 Dum
1343 1356 1527 1414 autem
1564 1358 1954 1425 expectaretur

0 1485 1 1491 κ
73 1449 299 1506 Romani
335 1447 613 1504 Pontificis
654 1464 1004 1520 responsum,
1050 1448 1359 1522 composuit
1397 1448 1703 1525 Cyprianus
1742 1449 1953 1504 librum

77 1549 139 1604 de
167 1548 292 1603 bono
320 1548 611 1618 patientiae.

153 1645 205 1701 7.
236 1645 542 1716 Antequam
573 1642 948 1717 respondisset
975 1642 1286 1716 Stephanus
1319 1643 1482 1716 Papa,
1514 1643 1808 1717 Episcopus
1834 1647 1957 1717 qui-

0 1765 2 1796 ι
76 1743 219 1812 dam,
245 1741 550 1798 Juhaianus
579 1741 824 1811 nomine,
851 1741 1010 1813 eujus
1036 1741 1213 1814 patria
1240 1741 1546 1813 ignoratur,
1564 1743 1846 1799 consuluit
1861 1743 1957 1817 Cy·

69 1839 329 1914 'prianum
377 1839 443 1893 de
485 1837 783 1911 baptismo,
826 1837 1108 1909 simulque
1152 1837 1257 1910 ipsi
1301 1838 1618 1892 transmisit
1662 1839 1955 1911 epistolam

75 1938 392 2011 quamdam,
446 1953 551 2009 qua
598 1934 870 1990 sententia
920 1933 1171 2008 Cypriani
1222 1934 1635 1990 confutabatur.
1682 1936 1956 1992 Jubaiano

74 2034 355 2106 rescripsit
399 2032 720 2105 CyprianUS,
766 2032 1052 2104 praefatam
1099 2030 1394 2104 epistolam
1434 2030 1713 2088 refellens.
1755 2033 1956 2107 Hujus-

77 2129 221 2184 modi
253 2128 513 2200 epistolae,
553 2147 582 2182 a
606 2127 873 2183 Jubaiano
901 2127 1069 2182 simul
1097 2145 1223 2182 cum
1258 2146 1354 2182 sua
1385 2129 1726 2186 transmissae
1765 2131 1833 2186 ad
1862 2133 1956 2204 Cy-

79 2222 361 2294 prianum,
392 2207 593 2276 auctor⁸
611 2222 940 2277 credebatur
970 2222 1281 2293 Stephanus
1304 2223 1467 2293 Papa.

159 2316 212 2371 8.
255 2315 404 2371 Venit
445 2317 663 2370 tandem
706 2317 965 2388 Stephani
1006 2318 1161 2389 Papae
1201 2335 1533 2390 responsum
1572 2319 1640 2372 ad
1678 2320 1962 2377 Africanos

83 2411 395 2485 EpiscopOS,
437 2412 594 2484 cujus
625 2411 995 2482 fragmentum
1024 2411 1306 2468 dumtaxat
1336 2421 1586 2487 superest
1625 2417 1772 2490 apud
1797 2418 1961 2474 Euse-

84 2507 236 2564 bium
271 2509 434 2581 (libro
460 2509 565 2578 vll,
601 2527 719 2581 cap.
752 2511 844 2573 ιιι).

158 2606 212 2660 9.
241 2606 282 2659 Α
311 2606 575 2679 Cypriano
597 2606 892 2679 postulavit
923 2607 1234 2680 Pompeius,
1265 2609 1609 2665 Sabratensis
1631 2611 1959 2687 Episcopus,

0 2718 1 2722 ’
83 2701 150 2757 de
174 2707 284 2757 tota
306 2702 678 2775 controycrsia
701 2703 994 2758 certiorem
1021 2721 1076 2758 se
1103 2704 1242 2758 fieri.
1273 2705 1330 2759 Id
1354 2707 1608 2779 praestitit
1635 2707 1959 2782 Cyprianus,

87 2816 185 2853 sua
213 2799 560 2871 responsoria
605 2801 672 2855 ad
698 2800 1017 2874 Pompeium
1057 2802 1310 2874 epistola,
1352 2802 1409 2856 in
1450 2823 1558 2876 qua
1595 2806 1746 2860 haud
1773 2809 1963 2880 paucis

0 2888 2 2958 ἶ
87 2895 393 2949 Romanum
413 2896 726 2952 Pontificem
754 2897 975 2970 injuriis
1005 2903 1056 2953 ct
1083 2900 1481 2955 acerbitatibus
1506 2902 1746 2958 lacessit.

0 2979 1 2988 ¹
165 2987 256 3043 110.
285 2989 599 3044 Convocavit
620 2972 927 3067 Cyprianus
952 2995 1272 3063 concilium,
1299 2996 1443 3067 quod
1469 2997 1693 3050 tertium
1722 2998 1778 3051 in
1800 3017 1964 3054 causa

88 3083 529 3157 rebaptizationis
555 3085 778 3158 dicitur,
795 3094 846 3142 et
874 3089 963 3144 cui
989 3089 1292 3145 interfuere
1318 3093 1383 3146 87
1417 3091 1688 3165 Episcopi.
1710 3094 1966 3153 inchoata

0 3208 1 3211 ¹
91 3186 171 3235 cst
200 3181 290 3234 illa
328 3181 566 3253 synodus
590 3182 720 3237 die1
750 3186 1079 3257 septembris
1112 3187 1248 3256 256,
1283 3193 1334 3243 et
1366 3188 1420 3241 in
1444 3188 1605 3261 easssie
1627 3189 1848 3248 locutus
1884 3202 1964 3251 est

92 3276 393 3351 Cyprianus
419 3298 430 3329 :
877 3349 882 3353 ψ

171 3397 197 3426 «
232 3374 503 3445 Audistis,
561 3375 779 3447 collegae.
842 3374 1219 3446 dilectissimi,
1285 3371 1418 3450 quid
1470 3381 1607 3437 mihi
1663 3385 1962 3447 Jubaianus

95 3474 447 3547 eoepiscopus
485 3478 669 3529 noster
715 3473 962 3547 scripsit,
1011 3475 1306 3530 consulens
1357 3478 1788 3540 mediocritatem
1818 3472 1962 3546 'nos-

95 3577 242 3631 tram
273 3571 342 3631 dc
371 3571 564 3631 illicito
602 3576 658 3632 et
692 3571 920 3648 profano
954 3569 1341 3634 haereticorum
1381 3577 1676 3656 baptismo,
1715 3591 1778 3644 et
1822 3589 1962 3662 quid

332 3692 384 3726 n.
1325 3688 1330 3692 ·
1661 3687 1721 3738 22
