2262 3990
890 163 1016 212 PARS
1045 161 1285 211 SECUNDA.
1938 155 2028 201 489

159 274 229 333 ob
253 274 457 332 bonam
496 271 685 340 fidem,
723 269 846 327 dari
873 269 1046 344 possit
1069 266 1364 337 absolutio,
1398 269 1632 340 proma
1662 262 1826 320 Sacra
1849 260 2028 318 Poeni-

155 371 412 428 tentiaria
441 369 781 426 declaratum
807 376 908 425 est.

231 468 512 523 Pnoposrno
533 463 964 531 ll·.-—Quamvis
996 464 1219 520 Romani
1243 463 1508 535 Pontificis
1536 459 1885 533 infallibilitas
1909 476 2033 514 non-

158 565 281 619 dum
302 564 516 635 definita
540 568 591 617 et
619 562 683 617 de
705 561 807 632 {ide
837 562 925 631 sit,
956 559 1099 615 utilis
1129 567 1303 615 tamen
1335 565 1386 612 et
1424 557 1723 612 necessaria
1743 562 1821 610 est
1850 555 1917 610 ad
1940 555 2035 610 hoc

159 670 215 716 ut
243 662 407 733 possit
443 660 504 715 ab
541 658 771 715 Ecclesia
805 657 1029 728 definiri.
1064 687 1132 696 —
1164 655 1412 711 Clamant
1447 652 1744 710 adversarii
1775 673 1786 707 t
1825 651 2033 708 Infalli-

157 755 340 813 bilitas
371 758 483 811 haec
517 772 628 810 non
666 759 750 810 est
783 752 1029 807 definita.
1055 784 1131 792 —-
1164 751 1288 807 Esto
1320 772 1331 804 ε
1379 758 1433 806 at
1479 751 1527 806 si
1571 750 1739 808 fuerit
1780 767 1967 807 revera
2001 767 2032 805 a

155 852 364 909 Christo
395 867 652 907 concessa
688 855 737 905 et
777 848 1037 916 revelata,
1076 846 1377 902 definibilis
1413 848 1518 902 hoc
1551 847 1670 922 ipso
1708 854 1813 918 est,
1855 854 1907 905 et
1940 866 2034 922 po-

154 948 282 1004 terit
305 945 567 1012 Ecclesia,
594 942 814 1016 quando
837 941 942 998 sibi
983 947 1357 1014 opportunum
1400 940 1704 1011 videbitur,
1743 962 1863 999 eam
1901 942 2033 998 defi·
2086 937 2095 945 ’

89 1098 93 1102 ,
154 1042 292 1098 111Γο.
338 1042 568 1096 Econtra
601 1039 647 1094 si
682 1038 944 1103 ,Christus
988 1055 1109 1093 eam
1155 1056 1264 1092 non
1303 1038 1568 1110 elargitus
1618 1037 1844 1109 fuisset,
1886 1057 2033 1095 nun-

148 1154 315 1209 quam
342 1135 560 1191 definiri
598 1141 798 1209 posset,
833 1135 964 1207 quia
999 1142 1142 1191 esset
1178 1153 1355 1190 error.
1389 1134 1563 1207 Igitur
1597 1134 1665 1189 ad
1698 1135 1799 1191 hoc
1837 1135 2033 1192 saltem

148 1238 208 1287 ut
251 1231 548 1304 aliquando
582 1230 800 1286 definiri
836 1231 1063 1300 valeret,
1107 1231 1243 1287 utile
1270 1231 1381 1286 11110
1422 1237 1476 1286 01
1515 1231 1896 1287 necessarium
1929 1230 2037 1286 suit

150 1344 268 1383 eam
298 1346 327 1382 a
354 1326 567 1381 Christo
595 1327 842 1382 concedi.
882 1328 943 1382 Et
979 1329 1082 1383 1100
1110 1328 1227 1400 jam
1263 1327 1468 1383 sufficit
1511 1334 1572 1382 ut
1606 1334 1830 1383 corruat
1871 1344 2035 1399 argu-

147 1430 398 1479 mentum
447 1423 642 1479 istud:
702 1425 815 1480 Non
878 1427 977 1496 fuit
1015 1426 1251 1495 delinita,
1301 1443 1422 1496 erqo
1466 1424 1665 1480 inutilis
1706 1432 1803 1480 est.
1851 1423 2034 1478 Potuit

150 1524 297 1578 enim
317 1522 566 1578 Christus
588 1522 725 1577 velle
753 1530 814 1578 ut
842 1522 1144 1595 aliquando
1171 1523 1518 1588 definiretur3
1544 1541 1655 1595 quo
1679 1522 1886 1597 posito,
1908 1539 2032 1578 earn

149 1620 444 1675 concedere
485 1619 691 1675 debuit.

220 1717 497 1771 Pnoposmo
522 1716 626 1772 111².
650 1710 723 1756 -'-
746 1700 988 1783 Quemvis
1014 1719 1150 1773 dicta
1174 1719 1525 1790 infallibilitas
1555 1719 1782 1773 nondum
1817 1719 2032 1788 definita

148 1813 281 1867 etde
308 1813 415 1882 fide
442 1814 528 1880 sit,
556 1815 699 1868 utilis
737 1821 908 1868 tamen
937 1822 987 1868 et
1012 1817 1310 1870 necessaria
1341 1822 1439 1883 est,
1480 1814 1886 1886 utimpossibile
1910 1815 2030 1868 recl-

145 1909 301 1963 datur
325 1910 544 1964 schisma
567 1927 657 1964 seu
683 1911 955 1966 dissidium
994 1914 1129 1966 inter
1164 1918 1318 1984 capnt
1353 1919 1402 1966 et
1433 1929 1619 1984 corpus·
1651 1910 1921 1966 Ecclesiae.
1959 1941 2027 1950 —-

145 2003 358 2060 Etenim
409 2006 462 2060 1ο
497 2006 672 2079 posito
711 2007 858 2080 quod
892 2007 1140 2063 Christus
1188 2007 1338 2064 istud
1384 2007 1738 2082 privilegium
1784 2007 2029 2063 Romano

146 2100 391 2157 Pontifici
416 2105 765 2170 concesserit,
792 2105 1135 2178 impossibile
1155 2105 1412 2160 redditur
1434 2104 1630 2160 scis-sio
1657 2105 1842 2176 quoad
1863 2104 2029 2159 fldem

149 2203 310 2269 caput
345 2197 488 2253 inter
527 2207 577 2253 01
609 2218 811 2272 corpus
841 2201 1113 2255 Ecclesiae.
1146 2202 1282 2255 Nam
1311 2207 1439 2255 tunc
1472 2201 1757 2255 Romanus
1785 2200 2030 2255 Pontifex

151 2297 343 2363 utpote
366 2292 673 2348 infallibilis
699 2312 886 2349 veram
917 2296 1116 2351 Christi
1143 2295 1307 2351 fidem
1336 2313 1555 2369 semper
1589 2295 1807 2351 docebit
1843 2314 1904 2350 ac
1939 2295 2030 2351 de-

149 2386 323 2453 finiet,
360 2405 458 2442 nec
488 2407 734 2459 unquam
769 2390 1088 2463 contingere
1115 2392 1317 2465 poterit
1356 2398 1418 2447 111
1444 2409 1691 2448 errorem
1726 2392 1908 2447 ull'um
1935 2392 2030 2448 Ec-

149 2482 327 2537 clesiae
359 2483 698 2539 credendum
730 2487 1070 2558 praescribat.
1107 2487 1341 2544 Aliunde
1368 2488 1632 2558 Ecclesia,
1673 2507 1795 2560 quae
1828 2496 1881 2544 et
1908 2490 2027 2563 ipsa

147 2584 420 2648 quatenus
446 2579 685 2636 Ecclesia
723 2581 1034 2639 infallibilis
1060 2590 1163 2654 est,
1192 2602 1477 2658 nunquam
1510 2587 1712 2659 poterit
1734 2586 2027 2659 Papalihus

142 2672 553 2732 definitionibus
597 2680 1002 2747 contradicere3
1054 2682 1331 2754 siquidem
1380 2682 1449 2738 ab
1492 2682 1560 2736 iis
1603 2682 2024 2740 definitionibus

147 2769 434 2828 dissentire
461 2792 646 2831 errare
670 2784 833 2846 esset,
863 2796 992 2834 cum
1018 2797 1082 2834 ex
1103 2780 1391 2854 hypothesi
1418 2798 1606 2836 veram
1631 2780 1831 2835 Christi
1859 2781 2023 2836 fidem

154 2869 459 2924 necessario
494 2873 827 2944 exprimant.
866 2876 1043 2948 Igitur
1076 2876 1133 2931 in
1163 2860 1279 2932 'hac
1319 2876 1608 2951 hypothesi
1656 2877 1883 2931 omnino
1923 2876 2025 2930 im-

153 2964 433 3035 possibilis
469 2969 646 3025 evadit
673 2970 945 3028 dissensio
980 2975 1162 3046 quoad
1189 2975 1354 3031 fidem
1392 2976 1537 3030 inter
1574 2974 1827 3029 Ecclesiae
1858 2979 2025 3047 caput

148 3059 452 3117 Romanum
496 3064 833 3136 Pontificem,
875 3076 927 3125 01
968 3072 1212 3143 reliquos
1253 3074 1548 3146 Episcopos
1592 3089 1655 3126 ac
1705 3070 1914 3141 fideleS‚
1969 3070 2026 3125 in

149 3174 271 3211 vera
324 3157 430 3213 fide
466 3158 670 3215 Christi
715 3173 1102 3236 permanentes
1155 3176 1207 3225 et
1258 3188 1463 3243 corpus
1510 3167 1767 3224 Ecclesiae
1818 3167 2024 3223 consti-

149 3257 382 3307 111011105.
412 3254 474 3310 Et
518 3255 619 3310 hoc
654 3274 846 3313 verum
888 3267 1136 3318 remanet
1176 3266 1328 3336 (nota
1363 3265 1548 3332 bene),
1590 3264 1847 3336 quamvis
1877 3264 2021 3321 dicta

144 3349 299 3423 Papae
335 3350 695 3409 infallibilitas
723 3373 832 3411 non
869 3357 941 3412 sit
967 3358 1189 3416 definita
1217 3368 1268 3416 et
1301 3361 1366 3417 de
1409 3361 1534 3417 fide.
1563 3362 1840 3418 Nimirum
1867 3362 1914 3419 si
1953 3363 2019 3420 de

149 3443 289 3500 sacto
322 3464 383 3502 ea
425 3447 662 3505 donatus
698 3452 861 3510 suerit
896 3454 1180 3512 Romanus
1215 3457 1480 3528 Pontifex,
1521 3458 1735 3516 etiamsi
1774 3459 1877 3516 hoc
1912 3478 2015 3518 nos

150 3559 375 3615 prorsus
427 3546 640 3618 lateret,
685 3550 934 3623 sequitur
975 3552 1119 3611 dicta
1164 3554 1378 3612 dissidii
1417 3556 1855 3632 impossibilitas·
1903 3560 2012 3616 1111-
