2306 4010
903 164 1028 211 PARS
1058 162 1299 211 SECUNDA.
1830 184 1833 187 ·
1988 162 2046 210 85

166 271 222 327 in
277 270 371 326 illa
424 270 655 344 epistola
707 271 1012 329 nominatis
1068 271 1415 344 singulorum
1465 274 1807 327 assertorum
1860 275 2047 328 aucto-

163 365 340 423 ribus,

243 485 269 514 a
291 462 383 519 His
406 481 534 520 vero
556 463 845 537 subjunxit
872 486 883 519 ε
918 482 1030 520 non
1054 482 1112 520 se
1137 462 1339 520 adduci
1361 468 1425 519 ut
1458 463 1705 520 crederet
1736 463 1884 537 quod
1910 463 2052 522 fere-

165 560 297 616 bant
334 560 562 634 maligni
604 579 880 629 rumoreS‚
921 559 1159 615 Jesuitas
1198 560 1255 614 in
1282 559 1454 616 Gallia
1492 559 1721 633 coepisse
1758 560 2052 617 contrariae

166 659 431 716 doctrinae
467 678 685 717 canere.
710 660 886 731 Atque
919 657 974 712 id
1013 653 1260 731 quidem,
1301 658 1347 713 si
1383 665 1527 715 esset
1555 658 1652 730 ita,
1681 679 1868 716 mcum
1897 681 2052 716 soen:-

164 773 298 810 mns
323 773 548 816 nuscum
568 740 1045 817 sconsum-Quanto
1073 753 1248 810 satius
1283 754 1422 822 fore,
1453 754 1719 810 omnibus
1746 761 1860 812 toto
1884 774 2054 830 regno

166 854 444 911 cathedris
474 852 679 909 nostris
709 851 999 908 interdici!
1033 851 1100 907 Se
1127 852 1334 923 quidem
1371 851 1424 904 in
1456 851 1611 906 hacce
1640 871 1802 910 causa
1838 857 2054 927 sanqui-

165 971 281 1008 nem
314 952 679 1026 profusurum,
731 969 859 1006 cum
900 968 1035 1006 usus
1087 949 1380 1005 venisset»
1422 947 1674 1020 (ibidem,
1715 969 1841 1023 pag.
1887 953 1957 1008 25
2002 959 2056 1008 et

166 1051 330 1124 seq.).

244 1148 410 1203 «Hoc
449 1146 654 1203 certius
700 1152 805 1215 est,
854 1147 1038 1202 Patres
1079 1145 1266 1202 Galliae
1316 1131 1569 1203 sabditos
1619 1146 1835 1219 regium
1888 1145 2059 1204 inter-

168 1246 377 1304 dictum
414 1264 534 1302 esse
567 1245 834 1306 reveritos
874 1263 1014 1320 pene
1045 1245 1114 1300 ad
1155 1244 1688 1319 superstitionem...
1719 1266 1746 1298 »
1796 1243 2047 1318 (ibidem,

168 1365 220 1420 p.
259 1347 373 1418 54).

246 1465 272 1494 «
303 1443 515 1498 Interea
558 1442 974 1514 gubernationis
1015 1442 1370 1497 incommoda
1408 1459 1471 1496 ex
1507 1441 1874 1516 suspensione
1908 1460 2057 1498 corn-

171 1539 361 1594 mercii
388 1557 654 1612 perquam
682 1538 1033 1611 impatienter
1058 1537 1309 1593 ferebant
1331 1538 1514 1594 Galliae
1539 1540 1852 1613 provinciae;
1880 1559 2057 1613 usque

172 1635 304 1690 adeo
346 1642 476 1691 ut...
518 1634 895 1709 renuntiatum
938 1634 1007 1690 sit
1047 1633 1270 1688 illarum
1303 1636 1602 1706 quamdam
1639 1635 2061 1692 informationes

173 1733 689 1804 nominationesque
728 1751 996 1788 novorum
1039 1732 1391 1805 superiorum
1433 1733 1635 1788 habere
1684 1739 1936 1806 paratas;
1989 1751 2052 1790 eo

169 1828 399 1884 consilio
428 1835 511 1897 ut,
558 1828 666 1883 nisi
692 1829 838 1884 brevi
884 1829 1059 1884 libera
1097 1828 1253 1884 fieret
1294 1846 1420 1884 cum
1464 1829 1706 1902 generali
1741 1833 2056 1887 communi-

166 1927 328 1995 cati0,
360 1933 453 1982 aut
479 1927 584 1982 alia
614 1928 1032 2000 gubernationis
1068 1927 1206 1983 ratio
1235 1927 1491 1996 iniretur,
1519 1932 1660 2002 facto
1701 1932 1768 1986 ad
1798 1933 1889 2003 jus
1916 1950 2053 1987 com-

167 2045 319 2081 mune
359 2030 622 2100 perfuin,
669 2027 706 2082 ii
738 2027 834 2100 qui
869 2028 1049 2107 primo
1087 2029 1206 2084 loco
1244 2035 1431 2084 essent
1470 2030 1744 2086 nominati
1787 2031 2053 2104 subroga-

163 2128 357 2178 rentur
380 2124 762 2196 superioribus
782 2124 1219 2196 antiquioribus,
1243 2143 1473 2181 munere
1493 2144 1593 2182 suo
1622 2132 1817 2201 sponte
1843 2127 2051 2183 abeun-

162 2221 313 2276 tibus
343 2228 438 2276 aut
464 2223 615 2278 abire
637 2223 806 2294 jussis
836 2224 1000 2295 <quod
1041 2223 1181 2278 illud
1203 2225 1294 2293 jus
1334 2243 1605 2280 commune
1631 2224 1905 2292 dicerent,
1934 2244 2048 2281 non

167 2318 588 2390 explicabatur);
620 2320 799 2374 audiri
830 2339 956 2376 vero
1000 2321 1136 2374 alias
1163 2321 1347 2375 Galliae
1373 2322 1685 2394 provincias
1713 2323 1827 2377 baec
1855 2323 2046 2378 eadem

170 2420 263 2469 aut
290 2413 374 2469 his
398 2414 604 2469 similia
631 2414 773 2470 serio
798 2415 1037 2487 cogitare
1063 2437 1088 2466 »
1122 2415 1374 2487 (ibidem,
1405 2434 1458 2488 p.
1495 2415 1565 2470 54
1593 2420 1646 2471 et
1674 2416 1790 2487 55).

246 2533 272 2562 «
303 2511 611 2566 Adfuerunt
651 2513 841 2568 eodem
886 2512 975 2567 die
1015 2513 1106 2584 (19
1149 2515 1350 2582 auffusti
1389 2513 1555 2583 1689)
1600 2515 1927 2586 praenuntiae
1969 2517 2052 2571 fu-

164 2610 417 2660 turorum
450 2606 615 2661 etiam
651 2607 825 2679 magis
863 2607 1112 2662 tristium
1150 2607 1419 2682 epistolae,
1450 2613 1502 2662 et
1536 2607 1668 2681 ipsae
1709 2608 1796 2664 die
1830 2610 1898 2664 29
1922 2611 2051 2683 julii

166 2699 302 2756 datae
325 2720 354 2756 a
380 2702 533 2758 Patre
566 2702 857 2758 assistente
888 2702 1075 2758 Galliae
1094 2705 1108 2732 ¹
1140 2703 1209 2757 ad
1233 2703 1482 2775 singulos
1514 2704 1700 2759 Patres
1728 2704 2051 2762 assistentes

164 2804 216 2854 et
243 2799 453 2855 Patrem
491 2800 875 2856 secretarium.
900 2800 1126 2856 Summa
1156 2801 1268 2856 haec
1303 2807 1422 2857 erat
1450 2822 1459 2853 :

242 2897 404 2951 «Nisi
443 2898 773 2969 quantocius
810 2903 964 2971 pater
998 2904 1188 2953 noster
1220 2897 1516 2970 generalis,
1553 2903 1649 2954 aut
1674 2897 1790 2970 regi
1829 2899 2047 2955 satisfa-

166 2993 273 3048 ciat
308 2995 479 3066 (baud
518 2995 748 3051 dubium
791 2996 928 3068 quin
970 2996 1357 3069 aggregatione
1399 2996 1741 3070 provinciae),
1786 3002 1879 3052 aut
1919 3015 2046 3071 pro-

165 3092 470 3148 vinciarum
515 3112 637 3165 quae
677 3095 864 3150 Galliae
906 3102 1035 3151 sunt
1075 3095 1336 3168 subjectae
1377 3094 1670 3169 praesidem
1718 3094 2045 3164 constituat,

167 3206 229 3244 ea
258 3195 523 3262 potestate
549 3207 671 3260 quae
694 3209 859 3265 supra
888 3211 1080 3248 omnes
1102 3192 1452 3261 extendatur,
1483 3192 1600 3246 sino
1625 3209 1777 3245 mora
1805 3207 1869 3245 ex
1893 3208 2045 3245 man-

165 3285 291 3340 dato
346 3285 494 3357 regio
545 3287 916 3343 evocabuntur
961 3288 1195 3343 Parisios
1251 3287 1617 3361 provinciales
1661 3304 1854 3340 omnes
1899 3286 2044 3359 juris

167 3379 377 3448 Gallici,
426 3399 555 3436 cum
599 3381 716 3436 suis
757 3383 1052 3456 deputatiS,
1098 3383 1419 3454 hujusmodi
1457 3381 1748 3455 praesidem
1791 3382 2044 3453 electuri,

221 3586 272 3641 (1)
303 3588 455 3641 Nempe
473 3591 592 3641 patre
616 3587 834 3636 Fontaine,
853 3586 926 3640 qui
950 3591 1052 3627 tunc
1077 3585 1243 3629 Parisiis
1269 3591 1371 3628 erat.
