2262 3990
295 164 383 211 508
969 147 1269 199 TRACTATUS
1299 148 1365 195 DE
1396 149 1542 198 PAPA.

293 269 409 326 rico
435 281 584 337 rege,
621 261 820 316 delatae
847 263 982 314 sunt
1026 255 1411 313 accusationes
1447 255 1507 311 in
1551 254 1951 330 Symmachum
1975 260 2207 341 Papam5

291 364 462 435 hujus
495 356 694 434 synodi
720 357 910 413 Patres
951 354 1065 412 tale
1086 353 1369 429 judicium
1398 353 1508 411 sibi
1547 371 1659 410 non
1679 360 2000 430 competere
2031 358 2213 422 decla-

287 461 488 512 rarunt
515 471 578 510 ex
597 472 662 511 ea
686 453 928 526 ratione,
957 452 1091 527 quia
1121 470 1217 509 uec
1241 452 1524 509 antedictae
1543 451 1852 526 (Romanae)
1881 455 2022 511 sedis
2042 455 2215 519 Antis-k

285 557 403 611 tites
451 557 712 611 minorum
753 555 1078 628 subjacuisse
1118 554 1321 626 judicio
1354 555 1410 609 iu
1436 554 1808 627 propositione
1856 555 2016 611 simili
2052 557 2214 629 faci&

283 655 460 726 forma
493 654 670 727 aliqua
717 661 1026 710 testaretur.
1060 653 1175 709 Duo
1221 652 1300 708 ibi
1341 651 1586 708 notanda
1620 674 1630 706 :
1661 651 1717 707 1⁰
1744 651 2038 710 Declarant
2057 634 2209 728 judie

283 752 439 809 cium
485 753 683 829 synodi
723 759 919 811 contra
972 752 1200 828 Papam,
1240 751 1360 809 fore
1384 751 1667 827 judicium
1705 754 1968 808 minorum
2015 760 2207 822 contras*

283 853 557 928 majorem
591 877 600 920 3
645 853 702 909 2⁰
732 853 1006 910 Asserunt
1042 852 1253 927 absque
1299 851 1557 926 exemplo
1590 868 1712 907 esse
1757 851 1909 924 quod
1940 851 2085 927 Papa
2129 854 2205 913 sic

281 951 352 1006 ab
377 949 743 1009 inferioribus
764 951 1051 1027 judicatus
1081 950 1271 1007 fuerit.
1304 950 1576 1023 Equidem
1607 950 1858 1026 synodus
1892 951 2003 1007 ista
2034 953 2229 1027 parti-'2'

280 1050 490 1107 cularis
522 1050 655 1119 fuit;
689 1058 742 1108 et
772 1070 838 1108 ex
865 1069 928 1108 eo
967 1050 1118 1124 quod
1146 1051 1290 1125 Papa
1315 1068 1429 1106 non
1456 1050 1642 1108 subsit
1669 1051 1995 1125 particulari
2021 1051 2214 1109 conci-2v

276 1148 376 1220 lio,
408 1156 576 1225 prout
617 1151 675 1207 in
709 1151 963 1208 confesso
1007 1156 1089 1206 est
1129 1149 1281 1224 apud
1311 1167 1506 1207 omnes
1539 1149 1681 1222 (vide
1708 1149 1966 1223 Bossuet,
2012 1151 2114 1207 lib.
2162 1151 2214 1227 ll·

277 1248 633 1323 Defensiouis,
662 1270 714 1306 e.
740 1252 836 1324 ιν),
867 1268 981 1306 non
1024 1248 1287 1322 sequitur
1315 1249 1510 1324 ipsum
1543 1267 1658 1306 non
1688 1250 1922 1306 subesse
1941 1251 2200 1322 qenerali.

273 1347 339 1404 At
364 1348 566 1404 modus
591 1348 862 1423 loquendi
885 1349 1114 1405 Patrum
1138 1348 1271 1405 satis
1293 1347 1480 1403 innuit
1509 1366 1602 1404 eos
1629 1347 1999 1417 existimasse,
2026 1366 2201 1431 neque

274 1463 375 1521 per
398 1448 811 1505 oecumenicam
850 1450 1022 1506 etiam
1063 1449 1343 1525 synodum
1372 1449 1577 1523 Papam
1609 1448 1856 1522 judicari
1886 1467 2069 1524 posse.
2111 1450 2200 1509 Se-

271 1564 372 1604 cus
429 1549 580 1605 enim
626 1550 795 1606 aliam
845 1550 1301 1626 incompetentiae
1334 1567 1452 1606 suae
1479 1549 1760 1606 rationem
1798 1549 2189 1625 protulissent,

273 1647 530 1706 videlicet
559 1670 569 1702 z
601 1650 772 1706 Suam
802 1650 1083 1726 synodum
1106 1668 1226 1707 non
1261 1667 1385 1706 esse
1407 1648 1844 1718 oecumenicam,
1873 1656 1926 1706 et
1955 1667 2068 1706 non
2087 1649 2197 1708 nisi
2233 1724 2235 1726 Ι

271 1758 374 1814 per
406 1744 816 1800 oecumenicam
848 1743 1126 1819 synodum
1153 1761 1319 1819 posse
1348 1743 1674 1799 Romanum
1711 1741 2022 1799 antistitem
2043 1742 2190 1817 judi-

271 1840 403 1895 cari.
437 1840 606 1898 Porro
641 1843 709 1899 de
740 1844 842 1900 hoc
880 1844 1079 1909 silent,
1113 1850 1165 1899 et
1202 1848 1465 1900 asserunt
1496 1841 1788 1899 dumtaxat
1817 1842 2073 1897 Romana>
2096 1841 2186 1898 Se-

270 1937 350 1991 dis
390 1942 652 1996 antistites
685 1960 955 2014 uunquam
1000 1944 1265 1997 minorum
1305 1941 1571 2014 (sedium)
1614 1941 1817 2012 judicio
1850 1940 2182 2010 subjacuisse.

267 2035 390 2093 Haec
419 2044 610 2095 autem
638 2040 947 2115 propositio
971 2041 1250 2114 generalis
1270 2045 1374 2110 est,
1398 2039 1475 2095 ita
1494 2046 1558 2094 ut
1584 2057 1700 2094 non
1726 2037 2192 2095 minusincludat

260 2134 542 2208 judicium
559 2143 755 2193 contra
767 2139 972 2212 Papam
992 2139 1050 2193 in
1062 2138 1310 2211 generali
1333 2155 1502 2210 quam
1520 2136 1578 2192 in
1592 2136 1926 2212 particulari
1953 2136 2187 2211 synode.

264 2232 400 2289 Nam
429 2235 488 2289 in
518 2235 765 2309 generali
803 2235 974 2292 etiam
1011 2236 1227 2310 synodo
1270 2233 1549 2291 sententia
1583 2234 2018 2308 contraPapam
2057 2234 2187 2304 lata,

268 2319 412 2388 esset
440 2333 719 2389 sententia
748 2335 1011 2390 minorum
1041 2334 1248 2389 sedium
1271 2337 1465 2388 contra
1493 2331 1760 2387 Romanae
1785 2329 1940 2386 Sedis
1962 2329 2190 2386 Antisti-

263 2436 401 2488 tem.
434 2422 706 2489 Caeterum
736 2435 840 2491 hoe
869 2451 1035 2490 sensu
1074 2432 1439 2506 intelligenda
1476 2449 1600 2488 esse
1634 2431 1803 2488 citata
1829 2431 2019 2502 verba,
2041 2430 2188 2504 quod

259 2530 403 2605 Papa
438 2541 680 2607 nequeat
702 2554 802 2608 per
832 2535 969 2590 ullos
997 2536 1256 2604 homines,
1293 2551 1356 2590 ac
1388 2532 1626 2607 proinde
1678 2550 1867 2610 *neque
1900 2549 1998 2606 per
2043 2548 2188 2588 oecu-

261 2631 544 2688 menicam
571 2635 850 2709 synodum
871 2634 1139 2709 judicari,
1171 2633 1401 2690 omnino
1432 2630 1641 2690 evincit
1681 2631 2073 2699 testimonium
2107 2647 2217 2688 se-⁴

260 2746 461 2801 quens,
490 2750 721 2808 nempe:
2205 2719 2207 2722 Α

333 2829 389 2884 2⁰
425 2830 711 2888 Ennodius
740 2832 1033 2907 diaconus,
1083 2832 1447 2908 postmodum
1493 2830 1816 2887 Ticinensis
1856 2816 2193 2907 Episcopus„

254 2928 572 3004 apologiam
601 2949 702 3006 pro
739 2932 1069 3007 Symmacho
1102 2931 1246 3006 Papa
1291 2930 1545 3006 scripsit,
1583 2949 1754 3005 quam
1802 2929 2211 3004 approbarunt«.

252 3029 480 3086 concilii
509 3031 724 3105 Patres,
766 3038 821 3089 et
847 3032 1048 3109 synodi
1078 3032 1252 3107 gestis
1278 3030 1644 3089 adnumerari
1684 3030 2077 3088 decreverunt.
2114 3029 2172 3084 In

254 3129 360 3187 hae
391 3149 560 3206 porro
611 3132 866 3209 apologia
901 3133 980 3190 sic
1028 3133 1211 3207 legere
1241 3139 1325 3190 est
1357 3155 1368 3187 :
1398 3132 1456 3190 Si
1495 3150 1623 3188 vera
1677 3139 1757 3188 est
1804 3130 2187 3204 Episcoporum

253 3234 501 3304 assertiO,
543 3232 700 3290 Sedis
740 3233 1046 3307 apostolicae
1086 3234 1339 3308 praesules
1377 3234 1642 3288 minorum
1686 3247 1959 3303 nunquam
2003 3228 2176 3300 subja-

254 3331 422 3385 cuisse
457 3334 757 3402 senteutiae,
788 3350 882 3389 cur
914 3333 983 3388 ad
1018 3333 1275 3406 judicium
1310 3331 1551 3388 districta
1582 3330 1922 3385 conventione
1945 3326 2186 3401 produc·
2227 3402 2231 3406 .

253 3432 335 3482 tus
360 3431 473 3485 est?
503 3431 768 3506 Numquid
796 3433 1124 3506 yloiiabatur
1149 3434 1349 3489 securis
1372 3437 1556 3488 contra
1575 3447 1693 3485 eum
1722 3429 1815 3502 qui
1833 3432 1974 3483 secat
1992 3427 2047 3480 iu
2075 3421 2169 3479 ea?

254 3521 317 3578 Et
347 3526 497 3585 infra
526 3551 537 3583 ε
561 3530 804 3588 Aliorum
835 3534 976 3606 forte
1004 3534 1272 3589 hominum
1301 3548 1489 3588 causas
1519 3529 1659 3586 Deus
1701 3527 1930 3584 voluerit
1959 3541 2060 3598 per
2083 3521 2171 3576 ho-

253 3623 418 3677 miues
447 3632 752 3687 terminare.
803 3631 956 3690 Sedis
981 3619 1129 3690 istius
1159 3631 1459 3689 Praesulem
1498 3647 1592 3687 suo
1623 3629 1740 3685 siue
1773 3625 2059 3700 quaestione
2089 3637 2171 3676 re-
