2306 4010
314 123 401 170 128
607 139 613 145 ·
976 103 1267 158 TRACTATUS
1299 102 1364 148 DE
1395 102 1543 148 ΡΑΡΑ.

307 234 532 304 urgeret
587 224 737 297 regia
777 214 1104 281 auctoritaS‚
1155 209 1344 296 plures
1401 207 1554 263 illius
1601 206 1902 264 Facultatis
1957 207 2215 265 doctores

310 319 655 381 damnationi
699 311 1053 372 subscribere
1101 310 1455 361 recusarunt.
1508 304 1664 368 Quod
1721 305 1803 361 sic
1832 306 2005 363 refert
2050 306 2217 362 Petit-

310 422 494 478 Didier
534 420 619 492 (de
651 413 980 472 Auctoritate
1015 413 1064 460 et
1095 404 1485 477 Infallibilitate
1514 404 1852 462 Summorum
1882 405 2218 478 Pontificum,

310 517 492 590 capite
520 533 608 579 xv,
637 512 662 580 ἓ
688 510 744 576 5,
777 505 882 561 SUb
909 501 1128 570 finem).

386 633 413 662 «
446 611 628 681 Neque
658 602 904 675 denique
934 600 991 656 id
1018 600 1290 657 memoria
1317 600 1522 658 excidit
1555 600 1707 675 quod
1740 602 1847 658 sub
1876 601 2046 658 finem
2082 619 2220 676 prae-

307 707 457 764 teriti
479 703 664 760 saeculi
699 706 752 757 et
790 719 819 755 a
851 705 1106 775 tempore
1130 701 1483 757 famosorum
1512 699 1647 765 cleri
1689 700 1961 757 Gallicani
2010 700 2222 757 articu-

307 807 490 860 lorum
511 800 643 858 anni
671 798 842 869 1682,
873 816 1004 853 cum
1030 798 1506 875 Archiepiscopus
1536 798 1940 873 Strigoniensis
1975 799 2035 855 in
2069 799 2223 856 Hun-

304 901 459 976 garia
493 898 853 969 asseruisset,
881 897 1032 971 quod
1057 897 1126 954 ad
1155 898 1343 955 solum
1379 899 1587 974 Papam
1619 898 1925 974 pertineret
1953 898 2224 956 articulos

305 999 433 1056 fidei
459 997 707 1067 definire,
728 995 852 1070 ejus
878 995 1190 1070 propositio
1215 996 1285 1052 ad
1324 996 1360 1051 F
1364 996 1665 1053 acultatem
1708 996 2081 1071 theologicam
2128 996 2223 1052 Pa-

307 1098 599 1155 risiensem
629 1096 697 1152 ad
725 1111 1023 1151 censuram
1059 1093 1263 1165 delata,
1296 1095 1552 1169 quamvis
1582 1113 1834 1152 censurae
1865 1096 2034 1152 factio
2071 1095 2223 1169 regia

310 1195 638 1253 auctoritate
663 1193 854 1249 fulcita
883 1197 1055 1262 esset,
1094 1211 1347 1250 summas
1385 1201 1575 1250 tamen
1614 1212 1777 1268 passa
1812 1194 1885 1250 sit
1915 1192 2226 1250 contradic-

312 1293 836 1368 tiones‚pluresque
866 1291 1036 1365 hujus
1063 1290 1367 1348 Facultatis
1395 1292 1642 1348 doctores
1675 1291 1979 1349 maluerint
1998 1291 2225 1348 exilium

312 1395 423 1470 pati
449 1413 619 1468 quam
645 1392 813 1466 hujus
841 1390 1247 1466 propositionis
1279 1390 1631 1447 damnationi
1660 1391 2039 1448 subscribere.
2078 1412 2105 1443 »

312 1587 336 1639 ἓ
361 1585 398 1626 4.
425 1608 476 1615 -—
501 1583 796 1626 Condemnatio
821 1588 1007 1636 quatuor
1031 1582 1315 1623 articulorum
1337 1580 1646 1622 Gallicanorum
1668 1579 1787 1629 1682,
1809 1580 1860 1620 ab
1880 1579 2231 1621 universitatibus

945 1656 986 1692 et
1015 1650 1339 1703 inquisitoribus
1369 1649 1594 1702 Hispaniae.

392 1774 547 1838 Quod
573 1773 873 1830 declaratio
893 1779 1198 1830 conventus
1221 1772 1490 1828 Gallicani
1519 1771 1651 1826 anni
1677 1771 1822 1828 1682
1854 1773 2145 1828 horrorem
2173 1770 2229 1825 in

315 1873 577 1950 Hispania
620 1872 942 1929 excitaverit
975 1877 1214 1928 testatur
1259 1870 1548 1942 d'Aguirre
1579 1891 1589 1922 :
1627 1891 1653 1922 «
1690 1870 1885 1926 Paucis
1936 1866 2231 1926 mensibus

317 1981 612 2050 postquam
652 1971 955 2028 declaratio
999 1970 1133 2027 cleri
1178 1969 1450 2026 Gallicani
1501 1969 1649 2026 edita
1697 1968 1879 2025 fuerat
1914 1969 1983 2025 19
2041 1970 2232 2026 martii

320 2073 490 2143 1682,
509 2072 722 2145 aliquot
751 2070 872 2144 ejus
900 2069 1243 2144 exemplaria
1265 2068 1334 2131 ad
1355 2070 1499 2124 hanc
1529 2069 2030 2125 Salmanticensem
2048 2069 2237 2125 acade-

319 2173 494 2228 miam
518 2176 912 2247 pervenerunt,
953 2167 1280 2224 beatissime
1309 2168 1487 2224 Pater.
1521 2166 1726 2234 Quanto
1754 2168 1963 2224 horrori
1996 2168 2094 2224 illa
2115 2169 2236 2224 fue-

318 2272 392 2327 rit
434 2278 515 2327 tot
541 2269 766 2326 eximiis
807 2266 1323 2341 professoribus...,
1357 2285 1468 2321 non
1498 2266 1661 2322 facile
1693 2267 1972 2342 explicare
2008 2285 2233 2340 queam.

320 2370 454 2426 Cum
491 2367 642 2424 enim
670 2366 815 2421 nihil
846 2365 1137 2439 antiquius
1179 2366 1352 2421 fuerit
1395 2365 1527 2421 huic
1557 2366 1939 2423 celeberrimae
1979 2367 2236 2424 omnium

318 2468 751 2543 disciplinarum
773 2465 996 2537 scholae,
1020 2483 1192 2538 quam
1214 2464 1497 2521 veneratio
1513 2466 1792 2523 cathedrae
1810 2466 1977 2537 Petri,
2005 2469 2239 2541 ejusque
2274 2495 2282 2503 ’

320 2565 662 2623 successoris
698 2564 938 2619 Romani
967 2564 1273 2634 pontificis,
1296 2582 1410 2619 non
1440 2564 1623 2638 potuit
1653 2565 1774 2621 sine
1806 2566 2018 2640 ingenti
2047 2566 2240 2622 dolore

323 2669 378 2719 et
408 2651 787 2718 commotione
833 2660 1159 2716 animorum
1209 2660 1400 2716 videre
1447 2662 1570 2735 ejus
1609 2664 1998 2722 auctoritatem
2052 2665 2240 2740 palam

327 2759 667 2834 impetitam,
695 2763 749 2813 et
784 2758 853 2814 ab
877 2758 948 2814 iis
975 2758 1208 2831 quidem
1237 2758 1399 2833 ipsis,
1435 2778 1680 2832 quorum
1715 2764 1883 2821 officii
1912 2770 1963 2821 et
1991 2765 2239 2841 partium

327 2863 448 2914 erat
474 2856 628 2913 illam
655 2856 806 2915 ‚tueri
858 2874 1039 2930 usque
1077 2855 1145 2912 ad
1186 2858 1520 2930 sanguinem
1562 2880 1589 2910 »
1621 2859 1955 2933 (d’Aguirre‚
1994 2863 2242 2935 Defensio

328 2955 592 3010 cathedrae
633 2954 800 3023 Petri,
839 2953 1181 3010 dedicatoria
1211 2953 1444 3028 epistola
1482 2955 1550 3010 ad
1575 2954 1965 3014 Innocentium
2014 2959 2125 3033 XI).

403 3053 612 3110 Ibidem
649 3052 849 3110 asserit
875 3051 1168 3125 d’Aguirre
1202 3052 1415 3108 dictam
1443 3053 1877 3112 declarationem
1915 3058 2050 3114 cleri
2077 3058 2243 3116 Galli-

330 3152 457 3209 cani
494 3152 851 3226 indignatum
890 3169 1014 3208 esse
1052 3151 1445 3208 Innocentium
1486 3152 1572 3222 xl,
1624 3173 1738 3210 cum
1785 3157 2004 3213 horrore
2053 3159 2243 3233 reliqui,

335 3252 574 3307 catholici
597 3253 756 3307 orbis.

287 3343 291 3347 ’
408 3349 707 3422 Postquam
728 3350 923 3407 retulit
949 3348 1264 3424 d'Aguirre‚
1287 3352 1565 3425 quomodo
1582 3353 1842 3428 specialis
1861 3353 2241 3411 Cardinalium

335 3445 714 3520 CongregatiO,
748 3450 818 3507 ab
846 3450 1171 3507 Innocentio
1200 3450 1264 3506 XI
1302 3450 1569 3526 deputata
1601 3458 1666 3509 ut
1696 3452 2032 3509 sententiam
2077 3473 2239 3510 suam

338 3545 405 3602 de
434 3551 671 3618 quatuor
711 3548 1001 3619 gallicanis
1038 3548 1522 3624 propositionibus
1550 3551 1838 3624 panderet,
1885 3550 2239 3625 proscriben-
