2262 3990
809 144 939 192 PARS
966 141 1161 189 TERTIA.
1835 133 1917 181 621

61 248 695 327 concilium-sine·Papa,
739 249 796 331 id
834 256 936 319 est,
966 248 1086 306 sine
1113 261 1343 304 assensu
1365 243 1542 319 Papae,
1573 259 1686 300 non
1711 247 1793 301 est
1828 260 1922 300 su-

59 367 155 424 pra
179 349 379 424 Papam
403 350 460 406 in
494 348 723 407 materia
750 347 1076 423 disciplinae,
1110 345 1204 404 sed
1230 362 1261 402 e
1279 360 1563 401 converso.
1582 340 1715 399 Vide
1754 358 1922 416 supra

62 446 326 519 (sectione
354 447 419 519 ll,
459 466 578 523 cap.
611 465 696 518 vu,
724 464 882 522 prop.
924 445 968 516 Ι,
1006 443 1074 501 6(1
1111 444 1366 518 probatur
1393 441 1457 515 ΙΙ)
1499 439 1596 498 ubi
1646 438 1926 498 confutata

58 543 300 617 reperies
327 542 764 601 adversariorum
795 540 1020 615 effugia.

137 639 193 694 2⁰
216 639 463 701 Essentia
506 658 602 698 seu
638 646 837 697 natura
874 636 1094 696 concilii
1141 635 1491 694 oecumenici.
1520 667 1590 678 —
1615 633 1930 692 Concilium

60 735 264 813 quippe
294 756 414 797 esse
448 739 640 813 nequit
672 737 1076 795 oecumenicum
1105 736 1224 793 sine
1257 754 1489 794 assensu
1524 734 1756 792 Romani
1795 734 1930 791 Pon-

59 832 241 891 tineis.
284 856 311 888 «
355 837 474 892 Haec
524 853 653 909 ergo
695 851 913 891 summa
956 832 1278 901 auctoritaS,
1325 833 1402 890 ait
1433 833 1550 908 ipse
1577 831 1921 900 BossuetiuS,

61 949 279 989 summa
311 932 410 1003 vis,
440 932 585 1006 quod
625 931 872 988 membra
915 930 1060 986 inter
1085 948 1142 986 se
1169 937 1219 986 et
1266 930 1498 986 Romano
1530 930 1773 1002 Pontifici
1799 946 1930 985 con-

53 1024 387 1100 junguntur,
433 1028 577 1101 quod
613 1046 676 1084 ex
708 1026 1072 1084 consensione
1100 1025 1367 1083 invictum
1390 1025 1750 1082 ecclesiastici
1779 1023 1930 1099 judi-

60 1124 131 1181 cii
158 1126 327 1183 robur
356 1150 381 1180 υ
419 1127 708 1202 (Defensio,
741 1126 837 1184 lib.
869 1127 974 1193 Vll,
999 1144 1046 1182 6.
1070 1145 1140 1198 111,
1167 1143 1226 1180 n.
1247 1126 1324 1198 9).
1355 1124 1419 1181 Et
1447 1124 1591 1181 libro
1623 1124 1748 1189 VIII,
1779 1142 1828 1180 c.
1858 1143 1928 1190 1x,

61 1221 190 1279 dicit
236 1222 655 1281 constitutivum
692 1231 743 1281 et
778 1224 938 1298 quasi
976 1227 1312 1280 caracterem
1345 1239 1453 1295 quo
1489 1220 1683 1295 synodi
1716 1237 1932 1276 oecume-

61 1321 189 1375 nicae
205 1326 544 1391 asserantur,
572 1339 690 1378 6556
712 1321 956 1377 Ecclesiae
974 1320 1283 1375 universalis
1309 1303 1614 1374 consensum
1638 1335 1752 1373 cum
1778 1334 1933 1389 apos-

65 1418 228 1474 tolicae
247 1419 393 1475 Sedis
422 1422 814 1492 confirmatione
839 1421 1181 1493 conjunctum.
1205 1418 1378 1492 Igitur
1399 1416 1784 1492 disciplinaria
1806 1433 1934 1472 con-

62 1512 174 1569 cilii
199 1514 412 1571 decreta
439 1515 645 1590 quibus
672 1516 937 1572 Summus
962 1514 1206 1571 Pontifex
1234 1531 1524 1570 assensum
1552 1513 1806 1586 denegat,
1833 1511 1934 1567 hoc

64 1610 181 1685 ipso
208 1611 362 1668 nulla
383 1619 435 1670 et
466 1612 624 1669 irrita
650 1619 957 1670 remanent.
989 1613 1215 1669 Econtra
1245 1612 1427 1668 valent
1453 1610 1761 1685 disciplinae
1788 1610 1936 1682 leges

61 1725 91 1763 a
115 1709 256 1783 Papa
283 1716 436 1767 extra
459 1710 753 1768 concilium
773 1712 917 1781 latae,
947 1728 1009 1767 ac
1030 1710 1109 1766 eis
1138 1710 1343 1782 singuli
1366 1708 1640 1784 Episcopi,
1675 1706 1937 1763 Ecclesiae

60 1806 291 1880 singulae
320 1809 541 1865 obedire
577 1815 852 1866 tenentur.
887 1810 1023 1882 Ergo
1073 1809 1132 1864 in
1174 1808 1406 1864 materia
1448 1805 1753 1881 disciplinae
1796 1807 1938 1880 Papa

58 1908 139 1958 est
162 1920 329 1978 supra
354 1905 991 1979 concilium-sine·Papa.
1011 1904 1072 1959 Et
1090 1909 1310 1960 notetur
1334 1903 1786 1960 adversariorum
1804 1919 1936 1958 con-

59 1999 220 2056 fessio
245 2001 426 2074 quoad
457 2001 686 2058 concilia
714 2020 836 2075 quae
868 2003 1022 2075 Papae
1053 2000 1450 2076 approbatione
1489 2005 1698 2058 carent.
1740 2000 1778 2055 F
1783 2003 1935 2056 aten-

60 2104 152 2155 tur
178 2116 239 2155 ea
280 2117 399 2157 esse
438 2101 632 2157 saltem
674 2101 822 2156 dubie
849 2103 1155 2156 oecaeaemenica
1179 2122 1195 2165 ;
1223 2100 1455 2175 proinde
1482 2101 1689 2156 dubium
1721 2117 1838 2156 esse
1865 2118 1934 2155 an

60 2213 249 2253 eorum
276 2195 493 2254 decreta
520 2197 903 2272 disciplinaria
933 2197 1046 2253 vim
1073 2198 1334 2254 habeant.
1375 2196 1479 2252 Sed
1510 2196 1597 2251 lex
1623 2195 1792 2252 dubia
1821 2213 1931 2251 non

0 2338 1 2350 ,
62 2293 284 2367 obligat.
320 2295 459 2367 Ergo
490 2294 636 2350 idem
668 2300 751 2351 est
780 2311 842 2350 ac
874 2293 922 2349 si
955 2299 1103 2350 certo
1129 2293 1241 2349 vim
1276 2311 1387 2348 non
1418 2294 1668 2350 haberet.

135 2390 191 2446 5⁰
216 2390 563 2449 Definitiones
608 2391 974 2448 conciliorum
1015 2390 1503 2448 oecumenicorum.
1527 2389 1927 2447 -Secundum

0 2509 2 2534 ι
65 2489 363 2546 concilium
398 2490 762 2563 Lugdunensc
790 2490 1111 2566 approbavit
1141 2489 1538 2565 professionem
1561 2488 1686 2545 fidei
1713 2507 1835 2562 quae
1859 2488 1938 2544 sic

66 2585 226 2644 habet
268 2607 278 2640 ε
322 2609 348 2640 «
387 2589 504 2662 Ipsa
538 2606 756 2663 quoque
789 2595 977 2646 sancta
1016 2589 1256 2646 Romana
1305 2588 1544 2646 Ecclesia
1581 2606 1838 2645 summum
1890 2591 1943 2643 et

66 2686 270 2758 plenum
298 2687 597 2762 primatum
627 2694 679 2745 et
707 2688 1081 2764 principatum
1117 2706 1283 2763 super
1305 2688 1621 2746 universam
1643 2687 1939 2744 Ecclesiam

69 2782 394 2838 catholicam
420 2784 648 2840 obtinet.
690 2806 716 2837 »
747 2783 810 2840 Et
834 2785 980 2864 infra
1015 2785 1221 2843 dicitur
1250 2805 1279 2842 a
1312 2785 1526 2842 Christo
1568 2785 1802 2842 collatus
1839 2783 1945 2840 iste

70 2875 339 2949 primatus
370 2897 481 2934 cum
515 2884 787 2953 potestatis
815 2882 1161 2955 plenitudine.
1199 2883 1340 2939 Sane
1372 2883 1477 2938 iste
1508 2881 1856 2957 principatus
1892 2880 1948 2934 in

74 2973 387 3031 universam
418 2976 734 3050 Ecclesiam,
770 2987 962 3054 utpote
983 2982 1168 3054 plenus
1196 2988 1249 3037 et
1276 2999 1502 3037 summus
1533 2998 1596 3036 ac
1637 2997 1747 3034 cum
1774 2987 1952 3050 potes·

74 3071 195 3125 tatis
222 3070 550 3143 plenitudiue
599 3091 628 3128 a
661 3075 876 3132 Christo
913 3077 1170 3148 collatuS,
1215 3077 1450 3133 includit
1483 3082 1812 3151 potestatem
1841 3092 1952 3131 non

2 3206 4 3210 ι
75 3165 254 3222 solum
286 3167 596 3240 regulandae
623 3169 772 3240 fidei,
802 3170 898 3227 sed
935 3177 987 3227 et
1013 3172 1337 3247 disciplinae.
1363 3173 1599 3230 Aliunde
1634 3173 1737 3228 ista
1767 3178 1949 3247 potes-

0 3276 3 3303 ¹
74 3270 157 3319 tas
181 3262 237 3319 in
267 3266 495 3323 materia
532 3266 838 3341 disciplinae
873 3269 1013 3326 falso
1048 3270 1326 3328 diceretur
1354 3290 1554 3329 summa
1590 3278 1643 3328 et
1662 3272 1835 3347 plena,
1863 3287 1948 3329 re-

0 3358 7 3423 ’ς
72 3358 238 3419 lative
277 3362 343 3418 ad
383 3363 700 3421 universam
750 3363 1071 3431 Ecclesiam,
1111 3366 1157 3423 si
1191 3366 1295 3424 alia
1322 3368 1600 3440 existeret,
1651 3369 1819 3444 major
1861 3367 1944 3428 vel

0 3455 9 3520 l
75 3454 239 3513 etiam
271 3458 483 3531 aeqnalis
530 3459 587 3515 in
620 3458 1193 3537 concilio-sine·l‘apa.

0 3524 10 3680 i}
150 3552 208 3611 In
246 3556 478 3614 concilio
518 3556 918 3617 Constantiensi
951 3557 1213 3619 damnata
1241 3566 1325 3619 est
1356 3579 1385 3618 a
1410 3561 1638 3623 Martino
1669 3564 1710 3623 V
1742 3583 1943 3643 propo-

0 3682 3 3740 Ι
