<?xml version="1.0" encoding="UTF-8"?>
<!DOCTYPE html PUBLIC "-//W3C//DTD XHTML 1.0 Transitional//EN"
    "http://www.w3.org/TR/xhtml1/DTD/xhtml1-transitional.dtd">
<html xmlns="http://www.w3.org/1999/xhtml" xml:lang="en" lang="en">
 <head>
  <title>
</title>
<meta http-equiv="Content-Type" content="text/html;charset=utf-8" />
  <meta name='ocr-system' content='tesseract 3.04.00' />
  <meta name='ocr-capabilities' content='ocr_page ocr_carea ocr_par ocr_line ocrx_word'/>
</head>
<body>
  <div class='ocr_page' id='page_1' title='image "a548470102bouiuoft_0148.png"; bbox 0 0 2306 4010; ppageno 0'>
   <div class='ocr_carea' id='block_1_1' title="bbox 296 144 1541 207">
    <p class='ocr_par' dir='ltr' id='par_1_1' title="bbox 296 144 1541 207">
     <span class='ocr_line' id='line_1_1' title="bbox 296 144 1541 207; baseline -0.014 0"><span class='ocrx_word' id='word_1_1' title='bbox 296 160 386 207; x_wconf 76' lang='lat'>140</span> <span class='ocrx_word' id='word_1_2' title='bbox 972 146 1265 198; x_wconf 82' lang='lat' dir='ltr'>TRACTATUS</span> <span class='ocrx_word' id='word_1_3' title='bbox 1296 144 1363 191; x_wconf 88' lang='lat' dir='ltr'>DE</span> <span class='ocrx_word' id='word_1_4' title='bbox 1393 144 1541 192; x_wconf 68' lang='lat' dir='ltr'><strong>PAPA.</strong></span> 
     </span>
    </p>
   </div>
   <div class='ocr_carea' id='block_1_2' title="bbox 209 252 2262 3698">
    <p class='ocr_par' dir='ltr' id='par_1_2' title="bbox 209 252 2262 1913">
     <span class='ocr_line' id='line_1_2' title="bbox 297 252 2219 344; baseline -0.006 -20"><span class='ocrx_word' id='word_1_5' title='bbox 297 269 433 326; x_wconf 88' lang='lat' dir='ltr'>serit</span> <span class='ocrx_word' id='word_1_6' title='bbox 474 269 878 344; x_wconf 89' lang='lat' dir='ltr'>Episcoporum</span> <span class='ocrx_word' id='word_1_7' title='bbox 919 272 1205 328; x_wconf 82' lang='lat' dir='ltr'>assensus.</span> <span class='ocrx_word' id='word_1_8' title='bbox 1248 253 1472 327; x_wconf 88' lang='lat' dir='ltr'>Hocque</span> <span class='ocrx_word' id='word_1_9' title='bbox 1513 271 1687 311; x_wconf 90' lang='lat' dir='ltr'>sensu</span> <span class='ocrx_word' id='word_1_10' title='bbox 1728 252 2092 328; x_wconf 90' lang='lat' dir='ltr'>intelligendo</span> <span class='ocrx_word' id='word_1_11' title='bbox 2133 273 2219 313; x_wconf 91' lang='lat' dir='ltr'>re·</span> 
     </span>
     <span class='ocr_line' id='line_1_3' title="bbox 209 351 2262 442; baseline -0.007 -18"><span class='ocrx_word' id='word_1_12' title='bbox 209 383 211 385; x_wconf 79' lang='grc'><strong>’</strong></span> <span class='ocrx_word' id='word_1_13' title='bbox 298 368 488 442; x_wconf 88' lang='lat' dir='ltr'>gulam</span> <span class='ocrx_word' id='word_1_14' title='bbox 508 364 632 421; x_wconf 85' lang='lat' dir='ltr'>fidei</span> <span class='ocrx_word' id='word_1_15' title='bbox 659 359 966 425; x_wconf 82' lang='lat' dir='ltr'>catholicae,</span> <span class='ocrx_word' id='word_1_16' title='bbox 1003 354 1204 409; x_wconf 83' lang='lat' dir='ltr'>docent</span> <span class='ocrx_word' id='word_1_17' title='bbox 1235 369 1330 409; x_wconf 90' lang='lat' dir='ltr'>eos</span> <span class='ocrx_word' id='word_1_18' title='bbox 1357 370 1390 408; x_wconf 88' lang='lat' dir='ltr'>a</span> <span class='ocrx_word' id='word_1_19' title='bbox 1417 352 1522 426; x_wconf 78' lang='lat' dir='ltr'>fide</span> <span class='ocrx_word' id='word_1_20' title='bbox 1547 351 1806 410; x_wconf 85' lang='lat' dir='ltr'>catholiea</span> <span class='ocrx_word' id='word_1_21' title='bbox 1837 361 1982 410; x_wconf 85' lang='lat' dir='ltr'>certo</span> <span class='ocrx_word' id='word_1_22' title='bbox 2011 371 2218 425; x_wconf 84' lang='lat' dir='ltr'>errare,</span> <span class='ocrx_word' id='word_1_23' title='bbox 2259 420 2262 423; x_wconf 22' lang='lat'>¹</span> 
     </span>
     <span class='ocr_line' id='line_1_4' title="bbox 295 450 2221 540; baseline -0.006 -19"><span class='ocrx_word' id='word_1_24' title='bbox 295 466 391 540; x_wconf 91' lang='lat' dir='ltr'>qui</span> <span class='ocrx_word' id='word_1_25' title='bbox 434 461 673 519; x_wconf 84' lang='lat' dir='ltr'>definitae</span> <span class='ocrx_word' id='word_1_26' title='bbox 698 477 727 512; x_wconf 92' lang='lat' dir='ltr'>a</span> <span class='ocrx_word' id='word_1_27' title='bbox 761 458 904 527; x_wconf 86' lang='lat' dir='ltr'>Papa</span> <span class='ocrx_word' id='word_1_28' title='bbox 944 450 1317 525; x_wconf 84' lang='lat' dir='ltr'>propositioni</span> <span class='ocrx_word' id='word_1_29' title='bbox 1355 450 1640 509; x_wconf 83' lang='lat' dir='ltr'>adhaerere</span> <span class='ocrx_word' id='word_1_30' title='bbox 1679 459 1948 510; x_wconf 90' lang='lat' dir='ltr'>renuunt.</span> <span class='ocrx_word' id='word_1_31' title='bbox 1978 453 2221 509; x_wconf 89' lang='lat' dir='ltr'>Concen-</span> 
     </span>
     <span class='ocr_line' id='line_1_5' title="bbox 299 551 2223 633; baseline -0.005 -15"><span class='ocrx_word' id='word_1_32' title='bbox 299 564 438 619; x_wconf 89' lang='lat' dir='ltr'>dunt</span> <span class='ocrx_word' id='word_1_33' title='bbox 461 557 719 633; x_wconf 84' lang='lat' dir='ltr'>equidem</span> <span class='ocrx_word' id='word_1_34' title='bbox 755 573 786 610; x_wconf 91' lang='lat' dir='ltr'>a</span> <span class='ocrx_word' id='word_1_35' title='bbox 812 551 951 609; x_wconf 88' lang='lat' dir='ltr'>Sede</span> <span class='ocrx_word' id='word_1_36' title='bbox 968 551 1282 627; x_wconf 89' lang='lat' dir='ltr'>Apostolica</span> <span class='ocrx_word' id='word_1_37' title='bbox 1311 551 1565 608; x_wconf 87' lang='lat' dir='ltr'>nondum</span> <span class='ocrx_word' id='word_1_38' title='bbox 1591 571 1725 609; x_wconf 88' lang='lat' dir='ltr'>cum</span> <span class='ocrx_word' id='word_1_39' title='bbox 1755 557 1896 612; x_wconf 89' lang='lat' dir='ltr'>notis</span> <span class='ocrx_word' id='word_1_40' title='bbox 1924 553 2223 626; x_wconf 74' lang='lat' dir='ltr'>theoloyicis</span> 
     </span>
     <span class='ocr_line' id='line_1_6' title="bbox 297 651 2219 728; baseline -0.004 -13"><span class='ocrx_word' id='word_1_41' title='bbox 297 660 620 715; x_wconf 83' lang='lat' dir='ltr'>damnatam</span> <span class='ocrx_word' id='word_1_42' title='bbox 667 651 843 708; x_wconf 83' lang='lat' dir='ltr'>fuisse</span> <span class='ocrx_word' id='word_1_43' title='bbox 887 652 943 706; x_wconf 87' lang='lat' dir='ltr'>in</span> <span class='ocrx_word' id='word_1_44' title='bbox 978 652 1212 726; x_wconf 81' lang='lat' dir='ltr'>propriis</span> <span class='ocrx_word' id='word_1_45' title='bbox 1259 652 1497 707; x_wconf 88' lang='lat' dir='ltr'>terminis</span> <span class='ocrx_word' id='word_1_46' title='bbox 1544 651 1985 728; x_wconf 87' lang='lat' dir='ltr'>propositionem</span> <span class='ocrx_word' id='word_1_47' title='bbox 2029 653 2172 708; x_wconf 88' lang='lat' dir='ltr'>hanc</span> <span class='ocrx_word' id='word_1_48' title='bbox 2207 672 2219 707; x_wconf 89' lang='grc'>;</span> 
     </span>
     <span class='ocr_line' id='line_1_7' title="bbox 299 751 2226 829; baseline -0.003 -17"><span class='ocrx_word' id='word_1_49' title='bbox 299 757 447 829; x_wconf 81' lang='lat' dir='ltr'>Papa</span> <span class='ocrx_word' id='word_1_50' title='bbox 483 754 740 825; x_wconf 75' lang='lat' dir='ltr'>definiens</span> <span class='ocrx_word' id='word_1_51' title='bbox 783 769 850 806; x_wconf 76' lang='lat' dir='ltr'>ex</span> <span class='ocrx_word' id='word_1_52' title='bbox 889 751 1143 808; x_wconf 83' lang='lat' dir='ltr'>cathedra</span> <span class='ocrx_word' id='word_1_53' title='bbox 1168 769 1352 807; x_wconf 83' lang='lat' dir='ltr'>errare</span> <span class='ocrx_word' id='word_1_54' title='bbox 1376 759 1571 824; x_wconf 82' lang='lat' dir='ltr'>potest.</span> <span class='ocrx_word' id='word_1_55' title='bbox 1622 751 1688 808; x_wconf 90' lang='lat' dir='ltr'>At</span> <span class='ocrx_word' id='word_1_56' title='bbox 1731 752 2044 809; x_wconf 79' lang='lat' dir='ltr'>doctrinam</span> <span class='ocrx_word' id='word_1_57' title='bbox 2081 753 2226 807; x_wconf 85' lang='lat' dir='ltr'>hanc</span> 
     </span>
     <span class='ocr_line' id='line_1_8' title="bbox 294 848 2225 926; baseline -0.001 -19"><span class='ocrx_word' id='word_1_58' title='bbox 294 851 581 908; x_wconf 87' lang='lat' dir='ltr'>multoties</span> <span class='ocrx_word' id='word_1_59' title='bbox 627 848 948 924; x_wconf 82' lang='lat' dir='ltr'>reprobavit</span> <span class='ocrx_word' id='word_1_60' title='bbox 985 866 1047 904; x_wconf 89' lang='lat' dir='ltr'>ac</span> <span class='ocrx_word' id='word_1_61' title='bbox 1092 848 1486 906; x_wconf 87' lang='lat' dir='ltr'>condemnavit</span> <span class='ocrx_word' id='word_1_62' title='bbox 1531 849 1698 906; x_wconf 88' lang='lat' dir='ltr'>Sedes</span> <span class='ocrx_word' id='word_1_63' title='bbox 1722 850 2035 926; x_wconf 91' lang='lat' dir='ltr'>Apotolica;</span> <span class='ocrx_word' id='word_1_64' title='bbox 2076 850 2225 925; x_wconf 93' lang='lat' dir='ltr'>quod</span> 
     </span>
     <span class='ocr_line' id='line_1_9' title="bbox 295 948 2227 1026; baseline -0.001 -18"><span class='ocrx_word' id='word_1_65' title='bbox 295 958 483 1008; x_wconf 85' lang='lat' dir='ltr'>autem</span> <span class='ocrx_word' id='word_1_66' title='bbox 515 950 583 1006; x_wconf 88' lang='lat' dir='ltr'>ab</span> <span class='ocrx_word' id='word_1_67' title='bbox 610 948 906 1005; x_wconf 89' lang='lat' dir='ltr'>inurendis</span> <span class='ocrx_word' id='word_1_68' title='bbox 933 949 1083 1006; x_wconf 92' lang='lat' dir='ltr'>notis</span> <span class='ocrx_word' id='word_1_69' title='bbox 1123 950 1233 1005; x_wconf 88' lang='lat' dir='ltr'>huc</span> <span class='ocrx_word' id='word_1_70' title='bbox 1259 967 1442 1023; x_wconf 92' lang='lat' dir='ltr'>usque</span> <span class='ocrx_word' id='word_1_71' title='bbox 1469 967 1535 1006; x_wconf 86' lang='lat' dir='ltr'>ex</span> <span class='ocrx_word' id='word_1_72' title='bbox 1570 950 2029 1026; x_wconf 88' lang='lat' dir='ltr'>prudentialibus</span> <span class='ocrx_word' id='word_1_73' title='bbox 2054 950 2227 1008; x_wconf 90' lang='lat' dir='ltr'>ratio-</span> 
     </span>
     <span class='ocr_line' id='line_1_10' title="bbox 294 1047 2229 1125; baseline -0.001 -19"><span class='ocrx_word' id='word_1_74' title='bbox 294 1050 464 1106; x_wconf 87' lang='lat' dir='ltr'>nibus</span> <span class='ocrx_word' id='word_1_75' title='bbox 492 1047 855 1119; x_wconf 84' lang='lat' dir='ltr'>abstinuerit,</span> <span class='ocrx_word' id='word_1_76' title='bbox 885 1066 998 1104; x_wconf 92' lang='lat' dir='ltr'>non</span> <span class='ocrx_word' id='word_1_77' title='bbox 1025 1047 1260 1123; x_wconf 91' lang='lat' dir='ltr'>impedit</span> <span class='ocrx_word' id='word_1_78' title='bbox 1293 1048 1432 1122; x_wconf 91' lang='lat' dir='ltr'>quin</span> <span class='ocrx_word' id='word_1_79' title='bbox 1461 1048 1609 1107; x_wconf 87' lang='lat' dir='ltr'>dicta</span> <span class='ocrx_word' id='word_1_80' title='bbox 1639 1049 1946 1125; x_wconf 82' lang='lat' dir='ltr'>propositio</span> <span class='ocrx_word' id='word_1_81' title='bbox 1974 1049 2045 1105; x_wconf 91' lang='lat' dir='ltr'>sit</span> <span class='ocrx_word' id='word_1_82' title='bbox 2078 1053 2229 1105; x_wconf 85' lang='lat' dir='ltr'>certo</span> 
     </span>
     <span class='ocr_line' id='line_1_11' title="bbox 297 1134 2230 1221; baseline -0.002 -17"><span class='ocrx_word' id='word_1_83' title='bbox 297 1148 459 1219; x_wconf 87' lang='lat' dir='ltr'>falsa,</span> <span class='ocrx_word' id='word_1_84' title='bbox 484 1154 535 1203; x_wconf 92' lang='lat' dir='ltr'>et</span> <span class='ocrx_word' id='word_1_85' title='bbox 563 1164 706 1203; x_wconf 86' lang='lat' dir='ltr'>verae</span> <span class='ocrx_word' id='word_1_86' title='bbox 734 1145 861 1203; x_wconf 84' lang='lat' dir='ltr'>fidei</span> <span class='ocrx_word' id='word_1_87' title='bbox 881 1146 1191 1216; x_wconf 86' lang='lat' dir='ltr'>contraria,</span> <span class='ocrx_word' id='word_1_88' title='bbox 1214 1134 1273 1203; x_wconf 45' lang='lat' dir='ltr'>&#39;et</span> <span class='ocrx_word' id='word_1_89' title='bbox 1307 1153 1587 1221; x_wconf 90' lang='lat' dir='ltr'>quatenus</span> <span class='ocrx_word' id='word_1_90' title='bbox 1614 1147 1746 1204; x_wconf 88' lang='lat' dir='ltr'>talis</span> <span class='ocrx_word' id='word_1_91' title='bbox 1774 1147 2050 1204; x_wconf 90' lang='lat' dir='ltr'>habenda.</span> <span class='ocrx_word' id='word_1_92' title='bbox 2075 1146 2230 1212; x_wconf 86' lang='lat' dir='ltr'>Quod</span> 
     </span>
     <span class='ocr_line' id='line_1_12' title="bbox 304 1245 2232 1323; baseline -0.002 -17"><span class='ocrx_word' id='word_1_93' title='bbox 304 1250 350 1306; x_wconf 91' lang='lat' dir='ltr'>si</span> <span class='ocrx_word' id='word_1_94' title='bbox 388 1267 551 1306; x_wconf 85' lang='lat' dir='ltr'>voces</span> <span class='ocrx_word' id='word_1_95' title='bbox 586 1250 717 1322; x_wconf 77' lang='lat' dir='ltr'>fides</span> <span class='ocrx_word' id='word_1_96' title='bbox 759 1245 1018 1304; x_wconf 80' lang='lat' dir='ltr'>catholiea</span> <span class='ocrx_word' id='word_1_97' title='bbox 1058 1247 1479 1320; x_wconf 87' lang='lat' dir='ltr'>restringantur</span> <span class='ocrx_word' id='word_1_98' title='bbox 1521 1248 1590 1303; x_wconf 92' lang='lat' dir='ltr'>ad</span> <span class='ocrx_word' id='word_1_99' title='bbox 1626 1247 1773 1304; x_wconf 91' lang='lat' dir='ltr'>solas</span> <span class='ocrx_word' id='word_1_100' title='bbox 1820 1247 2232 1323; x_wconf 91' lang='lat' dir='ltr'>propositiones</span> 
     </span>
     <span class='ocr_line' id='line_1_13' title="bbox 304 1347 2231 1422; baseline -0.002 -18"><span class='ocrx_word' id='word_1_101' title='bbox 304 1367 431 1422; x_wconf 76' lang='lat' dir='ltr'>quae</span> <span class='ocrx_word' id='word_1_102' title='bbox 457 1348 736 1403; x_wconf 87' lang='lat' dir='ltr'>damnatae</span> <span class='ocrx_word' id='word_1_103' title='bbox 760 1353 891 1403; x_wconf 90' lang='lat' dir='ltr'>sunt</span> <span class='ocrx_word' id='word_1_104' title='bbox 919 1365 1050 1402; x_wconf 86' lang='lat' dir='ltr'>curn</span> <span class='ocrx_word' id='word_1_105' title='bbox 1072 1354 1197 1402; x_wconf 84' lang='lat' dir='ltr'>nota</span> <span class='ocrx_word' id='word_1_106' title='bbox 1227 1347 1507 1415; x_wconf 81' lang='lat' dir='ltr'>haereseos,</span> <span class='ocrx_word' id='word_1_107' title='bbox 1537 1347 1903 1403; x_wconf 80' lang='lat' dir='ltr'>concedimus</span> <span class='ocrx_word' id='word_1_108' title='bbox 1932 1347 2035 1402; x_wconf 90' lang='lat' dir='ltr'>hoc</span> <span class='ocrx_word' id='word_1_109' title='bbox 2062 1363 2231 1402; x_wconf 89' lang='lat' dir='ltr'>sensu</span> 
     </span>
     <span class='ocr_line' id='line_1_14' title="bbox 301 1445 2234 1522; baseline -0.002 -19"><span class='ocrx_word' id='word_1_110' title='bbox 301 1448 626 1522; x_wconf 91' lang='lat' dir='ltr'>opinionem</span> <span class='ocrx_word' id='word_1_111' title='bbox 668 1446 735 1502; x_wconf 89' lang='lat' dir='ltr'>de</span> <span class='ocrx_word' id='word_1_112' title='bbox 778 1445 1122 1502; x_wconf 89' lang='lat' dir='ltr'>fallibilitate</span> <span class='ocrx_word' id='word_1_113' title='bbox 1166 1445 1324 1521; x_wconf 82' lang='lat' dir='ltr'>Papae</span> <span class='ocrx_word' id='word_1_114' title='bbox 1367 1446 1622 1502; x_wconf 90' lang='lat' dir='ltr'>nondum</span> <span class='ocrx_word' id='word_1_115' title='bbox 1670 1463 1790 1501; x_wconf 93' lang='lat' dir='ltr'>esse</span> <span class='ocrx_word' id='word_1_116' title='bbox 1839 1451 2036 1502; x_wconf 89' lang='lat' dir='ltr'>contra</span> <span class='ocrx_word' id='word_1_117' title='bbox 2077 1445 2234 1517; x_wconf 80' lang='lat' dir='ltr'>fidem</span> 
     </span>
     <span class='ocr_line' id='line_1_15' title="bbox 307 1538 2234 1619; baseline -0.002 -16"><span class='ocrx_word' id='word_1_118' title='bbox 307 1548 615 1603; x_wconf 74' lang='lat' dir='ltr'>catholicam</span> <span class='ocrx_word' id='word_1_119' title='bbox 649 1569 662 1599; x_wconf 92' lang='lat'><em>:</em></span> <span class='ocrx_word' id='word_1_120' title='bbox 702 1553 756 1603; x_wconf 86' lang='lat' dir='ltr'>at</span> <span class='ocrx_word' id='word_1_121' title='bbox 793 1545 1038 1603; x_wconf 88' lang='lat' dir='ltr'>dicimus</span> <span class='ocrx_word' id='word_1_122' title='bbox 1066 1563 1188 1602; x_wconf 85' lang='lat' dir='ltr'>esse</span> <span class='ocrx_word' id='word_1_123' title='bbox 1216 1538 1412 1602; x_wconf 78' lang='lat' dir='ltr'>co&#39;ntra</span> <span class='ocrx_word' id='word_1_124' title='bbox 1437 1547 1597 1619; x_wconf 82' lang='lat' dir='ltr'>fidem</span> <span class='ocrx_word' id='word_1_125' title='bbox 1630 1546 1945 1601; x_wconf 79' lang='lat' dir='ltr'>catholicam</span> <span class='ocrx_word' id='word_1_126' title='bbox 1975 1561 2039 1599; x_wconf 93' lang='lat' dir='ltr'>eo</span> <span class='ocrx_word' id='word_1_127' title='bbox 2066 1561 2234 1600; x_wconf 91' lang='lat' dir='ltr'>sensu</span> 
     </span>
     <span class='ocr_line' id='line_1_16' title="bbox 307 1643 2237 1720; baseline -0.001 -19"><span class='ocrx_word' id='word_1_128' title='bbox 307 1665 413 1720; x_wconf 89' lang='lat' dir='ltr'>quo</span> <span class='ocrx_word' id='word_1_129' title='bbox 434 1647 575 1702; x_wconf 86' lang='lat' dir='ltr'>tales</span> <span class='ocrx_word' id='word_1_130' title='bbox 596 1653 751 1702; x_wconf 84' lang='lat' dir='ltr'>erant</span> <span class='ocrx_word' id='word_1_131' title='bbox 781 1646 1034 1720; x_wconf 89' lang='lat' dir='ltr'>quinque</span> <span class='ocrx_word' id='word_1_132' title='bbox 1054 1645 1465 1720; x_wconf 88' lang='lat' dir='ltr'>propositiones</span> <span class='ocrx_word' id='word_1_133' title='bbox 1482 1644 1754 1715; x_wconf 86' lang='lat' dir='ltr'>Jansenii,</span> <span class='ocrx_word' id='word_1_134' title='bbox 1779 1650 1830 1701; x_wconf 84' lang='lat' dir='ltr'>et</span> <span class='ocrx_word' id='word_1_135' title='bbox 1852 1643 1973 1700; x_wconf 83' lang='lat' dir='ltr'>aliae</span> <span class='ocrx_word' id='word_1_136' title='bbox 1999 1644 2237 1700; x_wconf 64' lang='lat' dir='ltr'>haereses</span> 
     </span>
     <span class='ocr_line' id='line_1_17' title="bbox 308 1742 2236 1818; baseline 0 -21"><span class='ocrx_word' id='word_1_137' title='bbox 308 1743 772 1818; x_wconf 79' lang='lat' dir='ltr'>quamplurimae,</span> <span class='ocrx_word' id='word_1_138' title='bbox 823 1743 1003 1817; x_wconf 90' lang='lat' dir='ltr'>pridie</span> <span class='ocrx_word' id='word_1_139' title='bbox 1055 1744 1175 1816; x_wconf 88' lang='lat' dir='ltr'>ejus</span> <span class='ocrx_word' id='word_1_140' title='bbox 1229 1742 1338 1798; x_wconf 89' lang='lat' dir='ltr'>diei</span> <span class='ocrx_word' id='word_1_141' title='bbox 1382 1761 1492 1816; x_wconf 92' lang='lat' dir='ltr'>quo</span> <span class='ocrx_word' id='word_1_142' title='bbox 1543 1743 1726 1817; x_wconf 91' lang='lat' dir='ltr'>prima</span> <span class='ocrx_word' id='word_1_143' title='bbox 1772 1743 1890 1799; x_wconf 86' lang='lat' dir='ltr'>vice</span> <span class='ocrx_word' id='word_1_144' title='bbox 1930 1761 2060 1799; x_wconf 89' lang='lat' dir='ltr'>cum</span> <span class='ocrx_word' id='word_1_145' title='bbox 2105 1747 2236 1798; x_wconf 84' lang='lat' dir='ltr'>nota</span> 
     </span>
     <span class='ocr_line' id='line_1_18' title="bbox 309 1839 1213 1913; baseline 0.003 -20"><span class='ocrx_word' id='word_1_146' title='bbox 309 1839 586 1895; x_wconf 83' lang='lat' dir='ltr'>haereseos</span> <span class='ocrx_word' id='word_1_147' title='bbox 620 1839 926 1913; x_wconf 81' lang='lat' dir='ltr'>profligatae</span> <span class='ocrx_word' id='word_1_148' title='bbox 956 1840 1213 1896; x_wconf 91' lang='lat' dir='ltr'>fuerunt.</span> 
     </span>
    </p>

    <p class='ocr_par' dir='ltr' id='par_1_3' title="bbox 310 1935 2255 3698">
     <span class='ocr_line' id='line_1_19' title="bbox 386 1935 2241 2014; baseline 0.001 -21"><span class='ocrx_word' id='word_1_149' title='bbox 386 1936 526 2001; x_wconf 86' lang='lat' dir='ltr'>Quid</span> <span class='ocrx_word' id='word_1_150' title='bbox 556 1935 686 1994; x_wconf 84' lang='lat' dir='ltr'>vero</span> <span class='ocrx_word' id='word_1_151' title='bbox 712 1937 1062 2013; x_wconf 85' lang='lat' dir='ltr'>Sulpitianus</span> <span class='ocrx_word' id='word_1_152' title='bbox 1105 1957 1420 2014; x_wconf 82' lang='lat' dir='ltr'>anonymus</span> <span class='ocrx_word' id='word_1_153' title='bbox 1448 1939 1517 1995; x_wconf 82' lang='lat' dir='ltr'>de</span> <span class='ocrx_word' id='word_1_154' title='bbox 1546 1938 1887 2012; x_wconf 83' lang='lat' dir='ltr'>obligatione</span> <span class='ocrx_word' id='word_1_155' title='bbox 1920 1939 2241 1995; x_wconf 75' lang='lat' dir='ltr'>assentiendi</span> 
     </span>
     <span class='ocr_line' id='line_1_20' title="bbox 311 2038 2238 2113; baseline 0.001 -21"><span class='ocrx_word' id='word_1_156' title='bbox 311 2056 377 2093; x_wconf 77' lang='lat' dir='ltr'>ea:</span> <span class='ocrx_word' id='word_1_157' title='bbox 415 2039 587 2092; x_wconf 85' lang='lat' dir='ltr'>animo</span> <span class='ocrx_word' id='word_1_158' title='bbox 615 2038 910 2110; x_wconf 77' lang='lat' dir='ltr'>Pontifieiis</span> <span class='ocrx_word' id='word_1_159' title='bbox 951 2038 1338 2110; x_wconf 76' lang='lat' dir='ltr'>definitionibus</span> <span class='ocrx_word' id='word_1_160' title='bbox 1376 2045 1504 2095; x_wconf 91' lang='lat' dir='ltr'>ante</span> <span class='ocrx_word' id='word_1_161' title='bbox 1550 2038 1904 2094; x_wconf 84' lang='lat' dir='ltr'>accedentem</span> <span class='ocrx_word' id='word_1_162' title='bbox 1941 2038 2238 2113; x_wconf 89' lang='lat' dir='ltr'>Episcopo-</span> 
     </span>
     <span class='ocr_line' id='line_1_21' title="bbox 312 2136 2243 2210; baseline 0.002 -20"><span class='ocrx_word' id='word_1_163' title='bbox 312 2154 440 2191; x_wconf 89' lang='lat' dir='ltr'>rum</span> <span class='ocrx_word' id='word_1_164' title='bbox 476 2136 955 2210; x_wconf 75' lang='lat' dir='ltr'>acceptationem?</span> <span class='ocrx_word' id='word_1_165' title='bbox 987 2139 1067 2192; x_wconf 86' lang='lat' dir='ltr'>An</span> <span class='ocrx_word' id='word_1_166' title='bbox 1107 2155 1229 2193; x_wconf 84' lang='lat' dir='ltr'>eam</span> <span class='ocrx_word' id='word_1_167' title='bbox 1280 2136 1549 2207; x_wconf 80' lang='lat' dir='ltr'>admittit,</span> <span class='ocrx_word' id='word_1_168' title='bbox 1581 2155 1650 2192; x_wconf 91' lang='lat' dir='ltr'>an</span> <span class='ocrx_word' id='word_1_169' title='bbox 1697 2137 1894 2210; x_wconf 76' lang='lat' dir='ltr'>negat?</span> <span class='ocrx_word' id='word_1_170' title='bbox 1939 2137 2017 2193; x_wconf 90' lang='lat' dir='ltr'>lbi</span> <span class='ocrx_word' id='word_1_171' title='bbox 2051 2136 2243 2193; x_wconf 85' lang='lat' dir='ltr'>videre</span> 
     </span>
     <span class='ocr_line' id='line_1_22' title="bbox 313 2235 2244 2311; baseline -0.001 -19"><span class='ocrx_word' id='word_1_172' title='bbox 313 2243 395 2292; x_wconf 87' lang='lat' dir='ltr'>est</span> <span class='ocrx_word' id='word_1_173' title='bbox 425 2236 681 2292; x_wconf 86' lang='lat' dir='ltr'>hodierni</span> <span class='ocrx_word' id='word_1_174' title='bbox 710 2236 1407 2310; x_wconf 86' lang='lat' dir='ltr'>GallicanismiSulpitiani</span> <span class='ocrx_word' id='word_1_175' title='bbox 1433 2236 1683 2311; x_wconf 90' lang='lat' dir='ltr'>perbelle</span> <span class='ocrx_word' id='word_1_176' title='bbox 1708 2235 2022 2311; x_wconf 84' lang='lat' dir='ltr'>specimen!</span> <span class='ocrx_word' id='word_1_177' title='bbox 2059 2235 2244 2290; x_wconf 89' lang='lat' dir='ltr'>Primo</span> 
     </span>
     <span class='ocr_line' id='line_1_23' title="bbox 313 2333 2244 2411; baseline 0.001 -23"><span class='ocrx_word' id='word_1_178' title='bbox 313 2334 463 2388; x_wconf 90' lang='lat' dir='ltr'>enim</span> <span class='ocrx_word' id='word_1_179' title='bbox 501 2334 574 2388; x_wconf 92' lang='lat' dir='ltr'>ita</span> <span class='ocrx_word' id='word_1_180' title='bbox 604 2334 882 2406; x_wconf 89' lang='lat' dir='ltr'>loquitur,</span> <span class='ocrx_word' id='word_1_181' title='bbox 919 2340 989 2411; x_wconf 85' lang='lat' dir='ltr'>ut</span> <span class='ocrx_word' id='word_1_182' title='bbox 1012 2340 1176 2409; x_wconf 89' lang='lat' dir='ltr'>putes</span> <span class='ocrx_word' id='word_1_183' title='bbox 1210 2334 1420 2390; x_wconf 89' lang='lat' dir='ltr'>dictam</span> <span class='ocrx_word' id='word_1_184' title='bbox 1457 2333 1859 2407; x_wconf 83' lang='lat' dir='ltr'>obligationem</span> <span class='ocrx_word' id='word_1_185' title='bbox 1896 2334 1964 2390; x_wconf 90' lang='lat' dir='ltr'>ab</span> <span class='ocrx_word' id='word_1_186' title='bbox 1995 2333 2115 2409; x_wconf 88' lang='lat' dir='ltr'>ipso</span> <span class='ocrx_word' id='word_1_187' title='bbox 2144 2353 2244 2408; x_wconf 87' lang='lat' dir='ltr'>pro</span> 
     </span>
     <span class='ocr_line' id='line_1_24' title="bbox 310 2425 2245 2503; baseline 0.001 -16"><span class='ocrx_word' id='word_1_188' title='bbox 310 2425 630 2489; x_wconf 79' lang='lat' dir='ltr'>certissima</span> <span class='ocrx_word' id='word_1_189' title='bbox 656 2433 872 2490; x_wconf 87' lang='lat' dir='ltr'>haberi.</span> <span class='ocrx_word' id='word_1_190' title='bbox 903 2433 1146 2490; x_wconf 86' lang='lat' dir='ltr'>Adducit</span> <span class='ocrx_word' id='word_1_191' title='bbox 1176 2435 1343 2490; x_wconf 76' lang='lat' dir='ltr'>verba</span> <span class='ocrx_word' id='word_1_192' title='bbox 1362 2432 1901 2490; x_wconf 75' lang='lat' dir='ltr'>Gallicani&#39;l&#39;urnelii</span> <span class='ocrx_word' id='word_1_193' title='bbox 1925 2455 1953 2503; x_wconf 23' lang='lat'>:-</span> <span class='ocrx_word' id='word_1_194' title='bbox 1975 2455 2002 2487; x_wconf 93' lang='lat'>«</span> <span class='ocrx_word' id='word_1_195' title='bbox 2033 2435 2245 2490; x_wconf 90' lang='lat' dir='ltr'>Tenen-</span> 
     </span>
     <span class='ocr_line' id='line_1_25' title="bbox 319 2528 2241 2606; baseline 0.004 -26"><span class='ocrx_word' id='word_1_196' title='bbox 319 2551 344 2581; x_wconf 92' lang='lat'>«</span> <span class='ocrx_word' id='word_1_197' title='bbox 375 2536 471 2585; x_wconf 89' lang='lat' dir='ltr'>tur</span> <span class='ocrx_word' id='word_1_198' title='bbox 496 2529 684 2587; x_wconf 85' lang='lat' dir='ltr'>fideles</span> <span class='ocrx_word' id='word_1_199' title='bbox 711 2528 1047 2588; x_wconf 85' lang='lat' dir='ltr'>Pontificum</span> <span class='ocrx_word' id='word_1_200' title='bbox 1082 2533 1149 2588; x_wconf 92' lang='lat' dir='ltr'>de</span> <span class='ocrx_word' id='word_1_201' title='bbox 1181 2533 1289 2589; x_wconf 87' lang='lat' dir='ltr'>fide</span> <span class='ocrx_word' id='word_1_202' title='bbox 1316 2532 1824 2590; x_wconf 92' lang='lat' dir='ltr'>constitutionibus</span> <span class='ocrx_word' id='word_1_203' title='bbox 1862 2533 2241 2606; x_wconf 84' lang='lat' dir='ltr'>acquiescere,</span> 
     </span>
     <span class='ocr_line' id='line_1_26' title="bbox 323 2629 2246 2704; baseline 0.004 -25"><span class='ocrx_word' id='word_1_204' title='bbox 323 2648 348 2678; x_wconf 93' lang='lat'>«</span> <span class='ocrx_word' id='word_1_205' title='bbox 379 2630 541 2682; x_wconf 82' lang='lat' dir='ltr'>etiam</span> <span class='ocrx_word' id='word_1_206' title='bbox 568 2630 756 2683; x_wconf 84' lang='lat' dir='ltr'>mentis</span> <span class='ocrx_word' id='word_1_207' title='bbox 799 2629 1064 2701; x_wconf 83' lang='lat' dir='ltr'>obsequio,</span> <span class='ocrx_word' id='word_1_208' title='bbox 1101 2648 1448 2704; x_wconf 91' lang='lat' dir='ltr'>quamquam</span> <span class='ocrx_word' id='word_1_209' title='bbox 1501 2631 1753 2687; x_wconf 89' lang='lat' dir='ltr'>nondum</span> <span class='ocrx_word' id='word_1_210' title='bbox 1795 2636 2016 2688; x_wconf 84' lang='lat' dir='ltr'>constat</span> <span class='ocrx_word' id='word_1_211' title='bbox 2060 2631 2128 2687; x_wconf 88' lang='lat' dir='ltr'>de</span> <span class='ocrx_word' id='word_1_212' title='bbox 2158 2648 2246 2686; x_wconf 88' lang='lat' dir='ltr'>ac-</span> 
     </span>
     <span class='ocr_line' id='line_1_27' title="bbox 321 2725 2246 2805; baseline 0.005 -29"><span class='ocrx_word' id='word_1_213' title='bbox 321 2746 348 2775; x_wconf 93' lang='lat'>«</span> <span class='ocrx_word' id='word_1_214' title='bbox 382 2725 701 2798; x_wconf 89' lang='lat' dir='ltr'>ceptatione</span> <span class='ocrx_word' id='word_1_215' title='bbox 754 2745 818 2782; x_wconf 89' lang='lat' dir='ltr'>ac</span> <span class='ocrx_word' id='word_1_216' title='bbox 856 2745 1133 2783; x_wconf 89' lang='lat' dir='ltr'>consensu</span> <span class='ocrx_word' id='word_1_217' title='bbox 1179 2727 1556 2785; x_wconf 87' lang='lat' dir='ltr'>Ecclesiarum</span> <span class='ocrx_word' id='word_1_218' title='bbox 1590 2753 1615 2782; x_wconf 93' lang='lat'>»</span> <span class='ocrx_word' id='word_1_219' title='bbox 1670 2731 1893 2805; x_wconf 72' lang='lat' dir='ltr'>(Cursus</span> <span class='ocrx_word' id='word_1_220' title='bbox 1938 2730 2246 2804; x_wconf 84' lang='lat' dir='ltr'>completus,</span> 
     </span>
     <span class='ocr_line' id='line_1_28' title="bbox 324 2821 2252 2908; baseline 0.005 -33"><span class='ocrx_word' id='word_1_221' title='bbox 324 2826 363 2876; x_wconf 61' lang='lat' dir='ltr'>t:</span> <span class='ocrx_word' id='word_1_222' title='bbox 415 2821 476 2891; x_wconf 87' lang='lat' dir='ltr'>V,</span> <span class='ocrx_word' id='word_1_223' title='bbox 532 2823 638 2879; x_wconf 89' lang='lat' dir='ltr'>col.</span> <span class='ocrx_word' id='word_1_224' title='bbox 689 2824 882 2899; x_wconf 77' lang='lat'><strong>1147).</strong></span> <span class='ocrx_word' id='word_1_225' title='bbox 934 2825 972 2879; x_wconf 93' lang='lat' dir='ltr'>T</span> <span class='ocrx_word' id='word_1_226' title='bbox 976 2844 1074 2880; x_wconf 90' lang='lat' dir='ltr'>um</span> <span class='ocrx_word' id='word_1_227' title='bbox 1116 2825 1232 2900; x_wconf 89' lang='lat' dir='ltr'>ipse</span> <span class='ocrx_word' id='word_1_228' title='bbox 1285 2826 1439 2908; x_wconf 83' lang='lat' dir='ltr'>addit</span> <span class='ocrx_word' id='word_1_229' title='bbox 1485 2848 1493 2878; x_wconf 90' lang='lat'><strong>:</strong></span> <span class='ocrx_word' id='word_1_230' title='bbox 1568 2849 1593 2879; x_wconf 89' lang='lat'>«</span> <span class='ocrx_word' id='word_1_231' title='bbox 1624 2825 2029 2901; x_wconf 75' lang='lat' dir='ltr'>Obligationem¹</span> <span class='ocrx_word' id='word_1_232' title='bbox 2082 2829 2252 2902; x_wconf 89' lang='lat' dir='ltr'>hujus</span> 
     </span>
     <span class='ocr_line' id='line_1_29' title="bbox 327 2925 2253 3000; baseline 0.004 -25"><span class='ocrx_word' id='word_1_233' title='bbox 327 2943 353 2974; x_wconf 90' lang='lat'>«</span> <span class='ocrx_word' id='word_1_234' title='bbox 385 2940 627 2979; x_wconf 80' lang='lat' dir='ltr'>assensus</span> <span class='ocrx_word' id='word_1_235' title='bbox 663 2927 858 2981; x_wconf 81' lang='lat' dir='ltr'>interni</span> <span class='ocrx_word' id='word_1_236' title='bbox 890 2943 1184 3000; x_wconf 89' lang='lat' dir='ltr'>possemus</span> <span class='ocrx_word' id='word_1_237' title='bbox 1216 2925 1455 2999; x_wconf 89' lang='lat' dir='ltr'>probare</span> <span class='ocrx_word' id='word_1_238' title='bbox 1479 2925 1640 3000; x_wconf 85' lang='lat' dir='ltr'>praxi</span> <span class='ocrx_word' id='word_1_239' title='bbox 1666 2927 2124 2983; x_wconf 88' lang='lat' dir='ltr'>constantissima</span> <span class='ocrx_word' id='word_1_240' title='bbox 2155 2928 2253 2983; x_wconf 86' lang='lat' dir='ltr'>Ec-</span> 
     </span>
     <span class='ocr_line' id='line_1_30' title="bbox 327 3022 2253 3099; baseline 0.003 -25"><span class='ocrx_word' id='word_1_241' title='bbox 327 3045 354 3075; x_wconf 89' lang='lat'>«</span> <span class='ocrx_word' id='word_1_242' title='bbox 389 3022 573 3080; x_wconf 86' lang='lat' dir='ltr'>clesiae</span> <span class='ocrx_word' id='word_1_243' title='bbox 593 3045 620 3076; x_wconf 92' lang='lat'>»</span> <span class='ocrx_word' id='word_1_244' title='bbox 654 3024 910 3099; x_wconf 90' lang='lat' dir='ltr'>(ibidem,</span> <span class='ocrx_word' id='word_1_245' title='bbox 943 3025 1049 3080; x_wconf 92' lang='lat' dir='ltr'>col.</span> <span class='ocrx_word' id='word_1_246' title='bbox 1079 3023 1274 3094; x_wconf 79' lang='lat'>1148).</span> <span class='ocrx_word' id='word_1_247' title='bbox 1307 3023 1438 3080; x_wconf 91' lang='lat' dir='ltr'>Dein</span> <span class='ocrx_word' id='word_1_248' title='bbox 1468 3023 1721 3095; x_wconf 85' lang='lat' dir='ltr'>adnotat,</span> <span class='ocrx_word' id='word_1_249' title='bbox 1754 3023 2060 3080; x_wconf 84' lang='lat' dir='ltr'>fatentibus</span> <span class='ocrx_word' id='word_1_250' title='bbox 2087 3025 2253 3082; x_wconf 89' lang='lat' dir='ltr'>Galli-</span> 
     </span>
     <span class='ocr_line' id='line_1_31' title="bbox 324 3122 2253 3198; baseline 0.002 -20"><span class='ocrx_word' id='word_1_251' title='bbox 324 3122 501 3193; x_wconf 79' lang='lat' dir='ltr'>caniS,</span> <span class='ocrx_word' id='word_1_252' title='bbox 534 3123 771 3197; x_wconf 91' lang='lat' dir='ltr'>obligari</span> <span class='ocrx_word' id='word_1_253' title='bbox 815 3124 1154 3182; x_wconf 89' lang='lat' dir='ltr'>christianos</span> <span class='ocrx_word' id='word_1_254' title='bbox 1193 3124 1262 3180; x_wconf 89' lang='lat' dir='ltr'>ad</span> <span class='ocrx_word' id='word_1_255' title='bbox 1291 3123 1715 3198; x_wconf 89' lang='lat' dir='ltr'>obsequendum</span> <span class='ocrx_word' id='word_1_256' title='bbox 1751 3123 1918 3181; x_wconf 88' lang='lat' dir='ltr'>dictis</span> <span class='ocrx_word' id='word_1_257' title='bbox 1947 3125 2253 3182; x_wconf 83' lang='lat' dir='ltr'>Pontificiis</span> 
     </span>
     <span class='ocr_line' id='line_1_32' title="bbox 326 3220 2255 3299; baseline 0.002 -23"><span class='ocrx_word' id='word_1_258' title='bbox 326 3222 592 3295; x_wconf 84' lang='lat' dir='ltr'>decretis,</span> <span class='ocrx_word' id='word_1_259' title='bbox 626 3242 728 3299; x_wconf 91' lang='lat' dir='ltr'>per</span> <span class='ocrx_word' id='word_1_260' title='bbox 754 3242 1092 3281; x_wconf 87' lang='lat' dir='ltr'>consensum</span> <span class='ocrx_word' id='word_1_261' title='bbox 1125 3224 1223 3298; x_wconf 92' lang='lat' dir='ltr'>qui</span> <span class='ocrx_word' id='word_1_262' title='bbox 1265 3224 1335 3281; x_wconf 89' lang='lat' dir='ltr'>sit</span> <span class='ocrx_word' id='word_1_263' title='bbox 1363 3236 1547 3280; x_wconf 83' lang='lat' dir='ltr'>verum</span> <span class='ocrx_word' id='word_1_264' title='bbox 1577 3242 1636 3280; x_wconf 89' lang='lat' dir='ltr'>ae</span> <span class='ocrx_word' id='word_1_265' title='bbox 1667 3220 1930 3281; x_wconf 84' lang='lat' dir='ltr'>sincerum</span> <span class='ocrx_word' id='word_1_266' title='bbox 1960 3225 2255 3298; x_wconf 79' lang='lat' dir='ltr'>obsequium</span> 
     </span>
     <span class='ocr_line' id='line_1_33' title="bbox 323 3322 2253 3399; baseline 0.002 -25"><span class='ocrx_word' id='word_1_267' title='bbox 323 3324 513 3377; x_wconf 86' lang='lat' dir='ltr'>mentis</span> <span class='ocrx_word' id='word_1_268' title='bbox 545 3322 802 3397; x_wconf 85' lang='lat' dir='ltr'>(ibidem,</span> <span class='ocrx_word' id='word_1_269' title='bbox 826 3323 934 3379; x_wconf 92' lang='lat' dir='ltr'>col.</span> <span class='ocrx_word' id='word_1_270' title='bbox 966 3323 1159 3397; x_wconf 82' lang='lat'><strong>1150).</strong></span> <span class='ocrx_word' id='word_1_271' title='bbox 1188 3324 1308 3380; x_wconf 89' lang='lat' dir='ltr'>Jam</span> <span class='ocrx_word' id='word_1_272' title='bbox 1339 3341 1474 3379; x_wconf 91' lang='lat' dir='ltr'>sane</span> <span class='ocrx_word' id='word_1_273' title='bbox 1499 3323 1856 3380; x_wconf 84' lang='lat' dir='ltr'>existimares</span> <span class='ocrx_word' id='word_1_274' title='bbox 1884 3324 1952 3380; x_wconf 91' lang='lat' dir='ltr'>ab</span> <span class='ocrx_word' id='word_1_275' title='bbox 1974 3341 2253 3399; x_wconf 80' lang='lat' dir='ltr'>anonymo</span> 
     </span>
     <span class='ocr_line' id='line_1_34' title="bbox 334 3417 2251 3497; baseline 0.004 -26"><span class='ocrx_word' id='word_1_276' title='bbox 334 3417 644 3492; x_wconf 88' lang='lat' dir='ltr'>Sulpitiano</span> <span class='ocrx_word' id='word_1_277' title='bbox 686 3421 910 3478; x_wconf 89' lang='lat' dir='ltr'>admitti</span> <span class='ocrx_word' id='word_1_278' title='bbox 949 3423 1350 3497; x_wconf 87' lang='lat' dir='ltr'>obligationem</span> <span class='ocrx_word' id='word_1_279' title='bbox 1390 3441 1656 3481; x_wconf 89' lang='lat' dir='ltr'>assensus</span> <span class='ocrx_word' id='word_1_280' title='bbox 1694 3422 1897 3479; x_wconf 88' lang='lat' dir='ltr'>mentis</span> <span class='ocrx_word' id='word_1_281' title='bbox 1937 3422 2159 3477; x_wconf 88' lang='lat' dir='ltr'>absoluti</span> <span class='ocrx_word' id='word_1_282' title='bbox 2190 3441 2251 3478; x_wconf 89' lang='lat' dir='ltr'>ae</span> 
     </span>
     <span class='ocr_line' id='line_1_35' title="bbox 323 3516 2248 3599; baseline 0.004 -32"><span class='ocrx_word' id='word_1_283' title='bbox 323 3516 544 3587; x_wconf 78' lang='lat' dir='ltr'>proprie</span> <span class='ocrx_word' id='word_1_284' title='bbox 588 3518 732 3573; x_wconf 82' lang='lat' dir='ltr'>dieti.</span> <span class='ocrx_word' id='word_1_285' title='bbox 765 3518 868 3575; x_wconf 90' lang='lat' dir='ltr'>Sed</span> <span class='ocrx_word' id='word_1_286' title='bbox 909 3519 1042 3575; x_wconf 89' lang='lat' dir='ltr'>audi</span> <span class='ocrx_word' id='word_1_287' title='bbox 1075 3520 1365 3577; x_wconf 90' lang='lat' dir='ltr'>docentem</span> <span class='ocrx_word' id='word_1_288' title='bbox 1405 3521 1685 3599; x_wconf 85' lang='lat' dir='ltr'>quomodo</span> <span class='ocrx_word' id='word_1_289' title='bbox 1712 3519 1861 3575; x_wconf 89' lang='lat' dir='ltr'>alius</span> <span class='ocrx_word' id='word_1_290' title='bbox 1887 3518 1958 3573; x_wconf 94' lang='lat' dir='ltr'>sit</span> <span class='ocrx_word' id='word_1_291' title='bbox 1984 3536 2248 3575; x_wconf 89' lang='lat' dir='ltr'>assensus</span> 
     </span>
     <span class='ocr_line' id='line_1_36' title="bbox 331 3611 2243 3698; baseline 0.003 -32"><span class='ocrx_word' id='word_1_292' title='bbox 331 3611 735 3686; x_wconf 78' lang='lat' dir='ltr'>ultramontani,</span> <span class='ocrx_word' id='word_1_293' title='bbox 766 3623 817 3673; x_wconf 89' lang='lat' dir='ltr'>et</span> <span class='ocrx_word' id='word_1_294' title='bbox 845 3618 988 3677; x_wconf 89' lang='lat' dir='ltr'>alius</span> <span class='ocrx_word' id='word_1_295' title='bbox 1015 3619 1277 3677; x_wconf 75' lang='lat' dir='ltr'>Gallicani</span> <span class='ocrx_word' id='word_1_296' title='bbox 1301 3641 1316 3672; x_wconf 91' lang='grc'>.·</span> <span class='ocrx_word' id='word_1_297' title='bbox 1351 3642 1377 3672; x_wconf 91' lang='lat'>«</span> <span class='ocrx_word' id='word_1_298' title='bbox 1401 3619 1574 3690; x_wconf 78' lang='lat' dir='ltr'>Igitur</span> <span class='ocrx_word' id='word_1_299' title='bbox 1594 3618 1858 3698; x_wconf 82' lang='lat' dir='ltr'>Pontifice</span> <span class='ocrx_word' id='word_1_300' title='bbox 1885 3635 1950 3674; x_wconf 84' lang='lat' dir='ltr'>ex</span> <span class='ocrx_word' id='word_1_301' title='bbox 1980 3617 2243 3675; x_wconf 78' lang='lat' dir='ltr'>cathedra</span> 
     </span>
    </p>
   </div>
  </div>
 </body>
</html>
