2306 4010
46 36 81 262 «m.

897 195 1023 241 PARS
1054 194 1288 242 sacuam.
1628 155 1632 159 ⁸
1819 257 1827 264 ι
1975 195 2030 243 97

154 301 471 358 nocentium
501 300 695 356 alendo
723 300 1088 371 debebantur,
1118 299 1410 375 rapacibus
1436 299 1587 374 lupis
1615 299 1733 373 ipsa
1756 299 2025 374 projecit?

155 400 265 454 lmo
296 417 364 454 ne
393 398 694 474 expectavit
744 399 971 471 quidem
1003 404 1065 454 ut
1103 398 1290 455 fauces
1321 396 1599 474 aperirent
1623 396 1822 471 praedae
1866 414 2029 472 expe-

86 504 90 508 ’
155 498 351 568 tendae,
384 498 477 554 scd
510 498 676 555 etiam
703 516 896 554 eorum
946 497 1151 552 famem
1183 495 1465 571 praevenit.
1502 496 1639 552 Cum
1673 495 1825 552 enim
1865 513 2030 551 cano-

156 595 265 651 nici
297 595 553 652 Ecclesiae
587 613 722 651 meae
750 594 919 651 vitam
956 594 1270 666 regularem
1301 594 1688 668 profiteantur,
1724 612 1893 667 quam
1934 612 2035 667 ego

155 692 453 767 apostolica
485 691 812 748 auctoritate
840 690 1099 762 regisque
1141 690 1405 764 auspiciis
1447 690 1683 748 feliciter
1713 690 1969 759 restitui,
1998 690 2035 745 ii

156 789 251 862 qui
294 790 350 844 in
388 787 667 844 beneficiis
711 784 1102 842 ecclesiasticis
1145 784 1287 839 nihil
1331 785 1486 840 aliud
1519 805 1687 859 quam
1736 793 2037 862 proventus

156 903 397 960 opesque
418 884 701 952 affectant,
729 883 883 938 nulla
913 882 1076 956 plane
1109 899 1244 937 cura
1272 882 1703 939 canonicatuum
1735 886 2039 958 tangeban-

156 989 268 1054 tur,
300 981 504 1054 quibus
550 980 896 1055 paupertatis
934 980 1170 1052 vitaeque
1191 979 1506 1035 communis
1529 980 1789 1052 obligatio
1824 981 2041 1037 incum-

156 1079 252 1135 bit.
290 1079 391 1135 Sed
440 1078 746 1154 paternitas
789 1084 971 1135 vestra
1005 1078 1119 1134 illis
1156 1078 1372 1134 animos
1424 1077 1658 1147 addidit,
1706 1079 1892 1135 oblata
1943 1098 2039 1154 spe

155 1197 246 1233 eos
287 1179 645 1235 canonicatus
680 1179 748 1234 ad
790 1178 962 1234 vitam
1013 1178 1334 1234 saecularem
1388 1177 1712 1246 revocandi,
1767 1178 1934 1251 idque
1980 1198 2038 1235 se

156 1277 484 1332 effecturum
510 1276 784 1349 promisit.

234 1395 260 1424 «
288 1356 487 1429 Eadem
517 1392 741 1447 quoque
767 1373 942 1448 patris
964 1374 1181 1430 Ferricr
1203 1374 1438 1430 intentio
1465 1375 1667 1443 fuerat,
1691 1374 1859 1431 vitam
1882 1394 2043 1447 regu-

161 1471 330 1528 larem
351 1471 407 1525 in
435 1471 677 1527 Ecclesia
705 1490 827 1527 mea
854 1471 1074 1527 abolere
1100 1471 1355 1527 volentiS.
1375 1472 1430 1526 ld
1456 1490 1581 1528 vero
1608 1491 1777 1544 quam
1808 1491 1836 1527 a
1858 1472 2038 1527 divina

161 1569 439 1623 voluntate
480 1568 725 1624 alienum
769 1569 957 1635 fuerit,
1005 1568 1139 1624 satis
1168 1569 1482 1641 intelligere
1513 1569 1818 1643 paternitas
1865 1575 2042 1626 vestra

161 1683 224 1718 ex
251 1663 318 1718 iis
346 1663 775 1720 difficultatibus
802 1664 1004 1738 potuit,
1041 1683 1162 1737 quae
1187 1665 1372 1720 Romae
1399 1672 1454 1720 et
1480 1665 1611 1720 alibi
1648 1666 1902 1740 superari
1933 1685 2042 1721 non

157 1768 406 1835 potuere.
449 1762 566 1817 Non
594 1780 723 1835 crgo
757 1781 953 1837 capere
978 1781 1205 1837 possum
1249 1782 1311 1819 ex
1344 1763 1549 1835 quibus
1575 1744 1889 1818 rationibus
1926 1764 2045 1818 ani-

158 1880 311 1916 mum
347 1861 463 1935 ipsa
506 1861 766 1934 adjecerit
793 1862 874 1916 illi
910 1862 1063 1936 operi
1087 1862 1444 1933 destruendo,
1487 1863 1633 1936 quod
1663 1868 1848 1937 patres
1874 1863 2040 1918 etiam

155 1956 459 2026 Societatis,
504 1977 745 2031 quorum
784 1965 980 2031 utique
1025 1959 1344 2015 testimonia
1378 1966 1634 2034 suspecta
1681 1960 1885 2015 habere
1933 1978 2042 2016 non

159 2053 350 2121 potest,
387 2038 682 2122 approbari
713 2049 896 2104 conati
944 2055 1096 2119 sunt,
1126 2068 1188 2105 ac
1218 2068 1362 2124 saepe
1401 2049 1650 2106 confiteri
1688 2049 1831 2104 illud
1861 2050 1917 2104 in
1949 2050 2039 2105 Dei

154 2147 409 2219 gloriam,
438 2148 689 2204 dioecesis
715 2148 1014 2204 utilitatem
1041 2149 1324 2221 totiusque
1348 2149 1602 2205 Ecclesiae
1631 2149 1932 2206 utilitatem
1960 2168 2041 2204 re-

158 2244 430 2301 dundare:
471 2245 575 2299 nisi
607 2246 747 2300 forte
782 2247 1002 2300 easdem
1036 2247 1104 2301 ob
1132 2265 1329 2302 causas
1354 2247 1603 2302 delendae
1627 2248 1751 2303 vitae
1795 2249 2038 2319 regulari

160 2337 398 2391 accincta
424 2344 526 2403 est,
554 2340 622 2392 ob
653 2358 790 2409 quas
822 2358 929 2395 non
956 2346 1036 2394 est
1061 2341 1232 2395 verita
1260 2342 1442 2413 palam
1464 2342 1695 2412 jactare,
1725 2343 1776 2394 id
1819 2361 2042 2413 quoque

167 2434 357 2506 majori
380 2434 466 2490 Dei
491 2435 677 2507 gloriae
704 2454 1083 2502 accessurum,
1104 2437 1148 2490 si
1162 2437 1502 2509 jampridem
1527 2437 1826 2493 Ecclesiam
1857 2457 2037 2493 meam

167 2530 291 2603 regii
326 2531 675 2587 clausissent.
712 2533 826 2595 Quo
857 2552 1006 2606 ergo,
1038 2533 1115 2586 mi
1140 2532 1319 2602 Pater,
1363 2534 1602 2589 demissa
1645 2535 1737 2588 illa
1765 2536 2044 2590 veneratio

160 2634 211 2682 et
243 2646 382 2683 caeea
416 2629 726 2684 obedientia
763 2629 1020 2697 avolavit,
1052 2648 1219 2700 quam
1250 2629 1481 2685 societas
1514 2637 1691 2684 vestra
1731 2631 2044 2704 apostolicae

159 2723 278 2779 Sedi
315 2725 579 2780 haetenus
604 2710 848 2799 professa
878 2730 958 2780 est
977 2726 1069 2779 ἱ)...

238 2843 263 2872 «
288 2821 498 2876 Utinam
522 2822 716 2877 saltem
746 2823 1134 2896 paternitatem
1164 2830 1405 2879 vestram
1440 2825 1507 2879 al)
1531 2825 1850 2897 hujusmodi
1878 2845 2043 2881 cona-

162 2915 307 2972 tibus
346 2918 600 2974 retineret
630 2919 935 2974 reverentia
967 2919 1152 2991 gallici
1197 2922 1374 2992 regni,
1417 2920 1471 2974 in
1506 2940 1616 2993 quo
1643 2941 1804 2977 nemo
1840 2941 1946 2977 non
1970 2923 2044 2976 vi-

162 3015 271 3081 det,
318 3016 469 3070 abuti
523 3015 700 3091 ipsam
740 3016 962 3086 fiducia,
1010 3036 1178 3089 quam
1215 3037 1422 3074 munus
1460 3019 1784 3074 confessarii
1813 3020 1860 3073 ei
1893 3021 2042 3093 apud

164 3129 341 3184 regem
367 3113 700 3182 conciliavit,
734 3120 785 3169 et
812 3133 919 3187 qua
952 3114 1006 3168 id
1035 3115 1199 3170 unice
1234 3116 1367 3188 agit,
1396 3123 1458 3171 ut
1485 3117 1763 3190 praeeipua
1792 3117 2042 3172 Ecclesiae

153 3209 276 3281 jura
307 3211 373 3265 ab
403 3210 591 3282 ignaro
621 3211 746 3267 licet
773 3229 901 3284 rege
941 3212 1239 3282 violentur,
1271 3220 1444 3286 utque
1486 3213 1759 3286 principis
1794 3215 2036 3270 auctori-

158 3313 268 3363 tate
292 3314 401 3363 tam
443 3308 661 3380 injustae
687 3327 934 3381 sevaequc
967 3311 1208 3367 actiones
1235 3312 1584 3378 muniantur,
1606 3330 1764 3382 quas,
1802 3311 1910 3367 nisi
1941 3332 2042 3387 pu-

160 3404 316 3460 blicis
358 3414 408 3461 et
452 3405 789 3461 authenticis
832 3408 1211 3462 monumentis
1249 3413 1590 3475 constarent,
1627 3426 1788 3464 nemo
1814 3410 2039 3466 credere

159 3502 477 3559 sustineret.
508 3504 665 3558 Enim
696 3521 823 3558 vero
847 3504 965 3559 sieri
990 3523 1098 3559 non
1132 3510 1311 3577 potest
1339 3511 1396 3559 ut
1426 3506 1730 3577 paternitas
1751 3514 1928 3563 vestra
1956 3527 2042 3564 re-

158 3600 314 3673 galia}
349 3601 724 3657 examinandae
757 3600 1006 3655 animum
1045 3600 1220 3655 solide
1260 3602 1550 3675 adjecerit,
1598 3603 1730 3677 quin
1786 3606 2042 3678 protinus

397 3720 442 3752 n.
1771 3709 1795 3754 7
