<?xml version="1.0" encoding="UTF-8"?>
<!DOCTYPE html PUBLIC "-//W3C//DTD XHTML 1.0 Transitional//EN"
    "http://www.w3.org/TR/xhtml1/DTD/xhtml1-transitional.dtd">
<html xmlns="http://www.w3.org/1999/xhtml" xml:lang="en" lang="en">
 <head>
  <title>
</title>
<meta http-equiv="Content-Type" content="text/html;charset=utf-8" />
  <meta name='ocr-system' content='tesseract 3.04.00' />
  <meta name='ocr-capabilities' content='ocr_page ocr_carea ocr_par ocr_line ocrx_word'/>
</head>
<body>
  <div class='ocr_page' id='page_1' title='image "a548470102bouiuoft_0415.png"; bbox 0 0 2262 3990; ppageno 0'>
   <div class='ocr_carea' id='block_1_1' title="bbox 0 0 64 2966">
    <p class='ocr_par' dir='ltr' id='par_1_1' title="bbox 0 0 64 2966">
     <span class='ocr_line' id='line_1_1' title="bbox 0 0 64 2966; baseline 0 0"><span class='ocrx_word' id='word_1_1' title='bbox 0 0 64 2966; x_wconf 95' lang='lat' dir='ltr'><strong><em> </em></strong></span> 
     </span>
    </p>
   </div>
   <div class='ocr_carea' id='block_1_2' title="bbox 825 175 1963 229">
    <p class='ocr_par' dir='ltr' id='par_1_2' title="bbox 825 175 1963 229">
     <span class='ocr_line' id='line_1_2' title="bbox 825 175 1963 229; baseline -0.006 0"><span class='ocrx_word' id='word_1_2' title='bbox 825 179 949 229; x_wconf 80' lang='lat' dir='ltr'>PARS</span> <span class='ocrx_word' id='word_1_3' title='bbox 977 178 1228 227; x_wconf 53' lang='lat' dir='ltr'><strong><em>smmum</em></strong></span> <span class='ocrx_word' id='word_1_4' title='bbox 1873 175 1963 223; x_wconf 75' lang='lat'><strong><em>407</em></strong></span> 
     </span>
    </p>
   </div>
   <div class='ocr_carea' id='block_1_3' title="bbox 86 273 2056 369">
    <p class='ocr_par' dir='ltr' id='par_1_3' title="bbox 86 273 2056 369">
     <span class='ocr_line' id='line_1_3' title="bbox 86 273 2056 369; baseline -0.006 -20"><span class='ocrx_word' id='word_1_5' title='bbox 86 290 212 369; x_wconf 63' lang='lat' dir='ltr'><strong><em>(eol.</em></strong></span> <span class='ocrx_word' id='word_1_6' title='bbox 247 289 415 363; x_wconf 89' lang='grc'><strong>1160)</strong></span> <span class='ocrx_word' id='word_1_7' title='bbox 444 294 498 347; x_wconf 91' lang='lat' dir='ltr'><strong><em>et</em></strong></span> <span class='ocrx_word' id='word_1_8' title='bbox 522 289 799 362; x_wconf 84' lang='lat' dir='ltr'><strong><em>absurdum</em></strong></span> <span class='ocrx_word' id='word_1_9' title='bbox 826 288 954 363; x_wconf 86' lang='lat' dir='ltr'><strong><em>(col.</em></strong></span> <span class='ocrx_word' id='word_1_10' title='bbox 987 285 1182 359; x_wconf 78' lang='lat'>1162),</span> <span class='ocrx_word' id='word_1_11' title='bbox 1206 289 1260 342; x_wconf 90' lang='lat' dir='ltr'><strong><em>et</em></strong></span> <span class='ocrx_word' id='word_1_12' title='bbox 1301 282 1469 357; x_wconf 84' lang='lat' dir='ltr'><strong><em>qualis</em></strong></span> <span class='ocrx_word' id='word_1_13' title='bbox 1505 299 1654 340; x_wconf 89' lang='lat' dir='ltr'><strong><em>error</em></strong></span> <span class='ocrx_word' id='word_1_14' title='bbox 1684 288 1735 339; x_wconf 90' lang='lat' dir='ltr'><strong><em>et</em></strong></span> <span class='ocrx_word' id='word_1_15' title='bbox 1767 288 1961 355; x_wconf 85' lang='lat' dir='ltr'><strong><em>quanta</em></strong></span> <span class='ocrx_word' id='word_1_16' title='bbox 2050 273 2056 278; x_wconf 74' lang='grc'><strong>’</strong></span> 
     </span>
    </p>
   </div>
   <div class='ocr_carea' id='block_1_4' title="bbox 83 378 1969 1132">
    <p class='ocr_par' dir='ltr' id='par_1_4' title="bbox 83 378 1969 1132">
     <span class='ocr_line' id='line_1_4' title="bbox 83 378 1957 458; baseline -0.006 -13"><span class='ocrx_word' id='word_1_17' title='bbox 83 390 151 445; x_wconf 77' lang='lat' dir='ltr'><strong><em>sit</em></strong></span> <span class='ocrx_word' id='word_1_18' title='bbox 190 388 388 443; x_wconf 81' lang='lat' dir='ltr'><strong><em>caecitas</em></strong></span> <span class='ocrx_word' id='word_1_19' title='bbox 420 386 529 458; x_wconf 74' lang='lat' dir='ltr'><strong><em>ejus</em></strong></span> <span class='ocrx_word' id='word_1_20' title='bbox 563 383 799 442; x_wconf 79' lang='lat' dir='ltr'>ostendit</span> <span class='ocrx_word' id='word_1_21' title='bbox 845 382 971 458; x_wconf 89' lang='lat' dir='ltr'><strong><em>(col.</em></strong></span> <span class='ocrx_word' id='word_1_22' title='bbox 1025 381 1215 454; x_wconf 88' lang='grc'><strong>1168).</strong></span> <span class='ocrx_word' id='word_1_23' title='bbox 1257 380 1396 437; x_wconf 89' lang='lat' dir='ltr'><strong><em>Tum</em></strong></span> <span class='ocrx_word' id='word_1_24' title='bbox 1435 378 1514 437; x_wconf 91' lang='lat' dir='ltr'><strong><em>ita</em></strong></span> <span class='ocrx_word' id='word_1_25' title='bbox 1555 378 1957 454; x_wconf 84' lang='lat' dir='ltr'><strong>prosequitur:</strong></span> 
     </span>
     <span class='ocr_line' id='line_1_5' title="bbox 84 479 1963 557; baseline -0.005 -16"><span class='ocrx_word' id='word_1_26' title='bbox 84 484 248 557; x_wconf 83' lang='lat' dir='ltr'><em>Atque</em></span> <span class='ocrx_word' id='word_1_27' title='bbox 276 501 370 555; x_wconf 71' lang='lat' dir='ltr'><strong><em>eqo</em></strong></span> <span class='ocrx_word' id='word_1_28' title='bbox 401 486 456 539; x_wconf 86' lang='lat' dir='ltr'><strong><em>in</em></strong></span> <span class='ocrx_word' id='word_1_29' title='bbox 497 482 591 539; x_wconf 90' lang='lat' dir='ltr'><strong><em>hac</em></strong></span> <span class='ocrx_word' id='word_1_30' title='bbox 625 488 776 555; x_wconf 83' lang='lat' dir='ltr'><strong><em>parte</em></strong></span> <span class='ocrx_word' id='word_1_31' title='bbox 803 483 947 555; x_wconf 83' lang='lat' dir='ltr'><strong><em>juste</em></strong></span> <span class='ocrx_word' id='word_1_32' title='bbox 976 481 1226 552; x_wconf 76' lang='lat' dir='ltr'><strong><em>indiqnor</em></strong></span> <span class='ocrx_word' id='word_1_33' title='bbox 1247 479 1318 535; x_wconf 88' lang='lat' dir='ltr'><strong><em>ad</em></strong></span> <span class='ocrx_word' id='word_1_34' title='bbox 1353 479 1486 536; x_wconf 87' lang='lat' dir='ltr'><strong><em>hanc</em></strong></span> <span class='ocrx_word' id='word_1_35' title='bbox 1508 486 1614 536; x_wconf 88' lang='lat' dir='ltr'><strong><em>tam</em></strong></span> <span class='ocrx_word' id='word_1_36' title='bbox 1644 484 1881 550; x_wconf 84' lang='lat' dir='ltr'><strong><em>apertam</em></strong></span> <span class='ocrx_word' id='word_1_37' title='bbox 1912 484 1963 534; x_wconf 89' lang='lat' dir='ltr'><strong><em>et</em></strong></span> 
     </span>
     <span class='ocr_line' id='line_1_6' title="bbox 85 575 1966 655; baseline -0.004 -16"><span class='ocrx_word' id='word_1_38' title='bbox 85 584 418 655; x_wconf 78' lang='lat' dir='ltr'><em>manifestam</em></span> <span class='ocrx_word' id='word_1_39' title='bbox 440 581 687 654; x_wconf 82' lang='lat' dir='ltr'><strong><em>Stephani</em></strong></span> <span class='ocrx_word' id='word_1_40' title='bbox 723 580 997 636; x_wconf 79' lang='lat' dir='ltr'><strong><em>stultitiam</em></strong></span> <span class='ocrx_word' id='word_1_41' title='bbox 1021 577 1151 651; x_wconf 91' lang='lat' dir='ltr'><strong><em>(col.</em></strong></span> <span class='ocrx_word' id='word_1_42' title='bbox 1180 576 1372 651; x_wconf 86' lang='lat'><strong>1169).</strong></span> <span class='ocrx_word' id='word_1_43' title='bbox 1401 575 1607 634; x_wconf 88' lang='lat' dir='ltr'><strong><em>Asserit</em></strong></span> <span class='ocrx_word' id='word_1_44' title='bbox 1623 575 1966 650; x_wconf 87' lang='lat' dir='ltr'><strong><em>Stephanum</em></strong></span> 
     </span>
     <span class='ocr_line' id='line_1_7' title="bbox 88 671 1965 752; baseline -0.004 -17"><span class='ocrx_word' id='word_1_45' title='bbox 88 680 191 737; x_wconf 88' lang='lat' dir='ltr'><strong><em>hac</em></strong></span> <span class='ocrx_word' id='word_1_46' title='bbox 214 677 408 752; x_wconf 86' lang='lat' dir='ltr'><strong><em>agendi</em></strong></span> <span class='ocrx_word' id='word_1_47' title='bbox 434 675 646 732; x_wconf 90' lang='lat' dir='ltr'><strong><em>ratione</em></strong></span> <span class='ocrx_word' id='word_1_48' title='bbox 668 675 924 730; x_wconf 68' lang='lat' dir='ltr'><strong><em>haereticis</em></strong></span> <span class='ocrx_word' id='word_1_49' title='bbox 949 675 1330 729; x_wconf 88' lang='lat' dir='ltr'><strong><em>communicare</em></strong></span> <span class='ocrx_word' id='word_1_50' title='bbox 1356 673 1542 746; x_wconf 90' lang='lat' dir='ltr'><strong><em>(ibid.)</em></strong></span> <span class='ocrx_word' id='word_1_51' title='bbox 1573 696 1583 740; x_wconf 92' lang='lat'>;</span> <span class='ocrx_word' id='word_1_52' title='bbox 1616 671 1965 729; x_wconf 82' lang='lat' dir='ltr'><strong><em>exclamans-&#39;</em></strong></span> 
     </span>
     <span class='ocr_line' id='line_1_8' title="bbox 88 768 1968 854; baseline -0.005 -22"><span class='ocrx_word' id='word_1_53' title='bbox 88 792 197 848; x_wconf 90' lang='lat' dir='ltr'><strong><em>que</em></strong></span> <span class='ocrx_word' id='word_1_54' title='bbox 225 772 510 854; x_wconf 73' lang='lat' dir='ltr'><strong><em>subjungit</em></strong></span> <span class='ocrx_word' id='word_1_55' title='bbox 539 790 552 825; x_wconf 89' lang='lat'><strong>:</strong></span> <span class='ocrx_word' id='word_1_56' title='bbox 578 771 646 828; x_wconf 84' lang='lat' dir='ltr'><strong><em>Et</em></strong></span> <span class='ocrx_word' id='word_1_57' title='bbox 677 786 783 825; x_wconf 87' lang='lat' dir='ltr'><strong><em>non</em></strong></span> <span class='ocrx_word' id='word_1_58' title='bbox 807 769 972 842; x_wconf 81' lang='lat' dir='ltr'><strong><em>pudet</em></strong></span> <span class='ocrx_word' id='word_1_59' title='bbox 1013 768 1339 840; x_wconf 80' lang='lat' dir='ltr'><strong><em>Stephanum</em></strong></span> <span class='ocrx_word' id='word_1_60' title='bbox 1375 770 1471 825; x_wconf 93' lang='lat' dir='ltr'><strong><em>hoc</em></strong></span> <span class='ocrx_word' id='word_1_61' title='bbox 1499 786 1758 841; x_wconf 82' lang='lat' dir='ltr'><strong><em>asserere,</em></strong></span> <span class='ocrx_word' id='word_1_62' title='bbox 1780 776 1839 824; x_wconf 89' lang='lat' dir='ltr'><strong><em>ut</em></strong></span> <span class='ocrx_word' id='word_1_63' title='bbox 1867 785 1968 842; x_wconf 86' lang='lat' dir='ltr'><strong><em>per</em></strong></span> 
     </span>
     <span class='ocr_line' id='line_1_9' title="bbox 87 865 1969 942; baseline -0.003 -16"><span class='ocrx_word' id='word_1_64' title='bbox 87 887 174 926; x_wconf 90' lang='lat' dir='ltr'><strong><em>eos</em></strong></span> <span class='ocrx_word' id='word_1_65' title='bbox 198 873 306 942; x_wconf 85' lang='lat' dir='ltr'><strong><em>qui,</em></strong></span> <span class='ocrx_word' id='word_1_66' title='bbox 338 885 452 924; x_wconf 88' lang='lat' dir='ltr'><strong><em>cum</em></strong></span> <span class='ocrx_word' id='word_1_67' title='bbox 482 868 580 940; x_wconf 83' lang='lat' dir='ltr'><strong><em>ipsi</em></strong></span> <span class='ocrx_word' id='word_1_68' title='bbox 607 868 661 921; x_wconf 84' lang='lat' dir='ltr'><strong><em>in</em></strong></span> <span class='ocrx_word' id='word_1_69' title='bbox 691 865 926 920; x_wconf 86' lang='lat' dir='ltr'><strong><em>omnibus</em></strong></span> <span class='ocrx_word' id='word_1_70' title='bbox 944 866 1176 936; x_wconf 84' lang='lat' dir='ltr'><strong><em>peccatis</em></strong></span> <span class='ocrx_word' id='word_1_71' title='bbox 1198 866 1302 918; x_wconf 85' lang='lat' dir='ltr'><strong><em>sint</em></strong></span> <span class='ocrx_word' id='word_1_72' title='bbox 1329 866 1617 934; x_wconf 79' lang='lat' dir='ltr'><strong><em>constituti,</em></strong></span> <span class='ocrx_word' id='word_1_73' title='bbox 1644 866 1782 921; x_wconf 83' lang='lat' dir='ltr'><strong><em>dicat</em></strong></span> <span class='ocrx_word' id='word_1_74' title='bbox 1813 883 1969 938; x_wconf 81' lang='lat' dir='ltr'><strong><em>posse</em></strong></span> 
     </span>
     <span class='ocr_line' id='line_1_10' title="bbox 87 962 1965 1037; baseline -0.001 -15"><span class='ocrx_word' id='word_1_75' title='bbox 87 970 439 1024; x_wconf 82' lang='lat' dir='ltr'><strong><em>remissionem</em></strong></span> <span class='ocrx_word' id='word_1_76' title='bbox 457 970 793 1037; x_wconf 79' lang='lat' dir='ltr'><strong><em>peccatorum</em></strong></span> <span class='ocrx_word' id='word_1_77' title='bbox 832 962 970 1030; x_wconf 85' lang='lat' dir='ltr'><strong><em>dari,</em></strong></span> <span class='ocrx_word' id='word_1_78' title='bbox 1003 964 1149 1034; x_wconf 81' lang='lat' dir='ltr'><strong><em>quasi</em></strong></span> <span class='ocrx_word' id='word_1_79' title='bbox 1176 964 1345 1035; x_wconf 81' lang='lat' dir='ltr'><strong><em>possit</em></strong></span> <span class='ocrx_word' id='word_1_80' title='bbox 1372 980 1484 1017; x_wconf 88' lang='lat' dir='ltr'><strong><em>esse</em></strong></span> <span class='ocrx_word' id='word_1_81' title='bbox 1512 965 1567 1017; x_wconf 85' lang='lat' dir='ltr'><strong><em>in</em></strong></span> <span class='ocrx_word' id='word_1_82' title='bbox 1604 964 1756 1020; x_wconf 85' lang='lat' dir='ltr'><strong><em>domo</em></strong></span> <span class='ocrx_word' id='word_1_83' title='bbox 1781 966 1965 1021; x_wconf 85' lang='lat' dir='ltr'><strong><em>mortis</em></strong></span> 
     </span>
     <span class='ocr_line' id='line_1_11' title="bbox 87 1057 1192 1132; baseline -0.005 -13"><span class='ocrx_word' id='word_1_84' title='bbox 87 1063 350 1119; x_wconf 82' lang='lat' dir='ltr'><strong><em>lavacrum</em></strong></span> <span class='ocrx_word' id='word_1_85' title='bbox 373 1060 596 1115; x_wconf 88' lang='lat' dir='ltr'><strong><em>salutis!</em></strong></span> <span class='ocrx_word' id='word_1_86' title='bbox 632 1057 819 1132; x_wconf 90' lang='lat' dir='ltr'><strong><em>(ibid.,</em></strong></span> <span class='ocrx_word' id='word_1_87' title='bbox 848 1058 958 1114; x_wconf 91' lang='lat' dir='ltr'><strong><em>col.</em></strong></span> <span class='ocrx_word' id='word_1_88' title='bbox 997 1057 1192 1129; x_wconf 79' lang='lat'>1172).</span> 
     </span>
    </p>
   </div>
   <div class='ocr_carea' id='block_1_5' title="bbox 80 1161 2048 3175">
    <p class='ocr_par' dir='ltr' id='par_1_5' title="bbox 84 1161 1968 1332">
     <span class='ocr_line' id='line_1_12' title="bbox 157 1161 1968 1232; baseline 0 -14"><span class='ocrx_word' id='word_1_89' title='bbox 157 1162 356 1219; x_wconf 87' lang='lat' dir='ltr'><strong><em>Caetera</em></strong></span> <span class='ocrx_word' id='word_1_90' title='bbox 392 1161 637 1219; x_wconf 87' lang='lat' dir='ltr'><strong><em>convicia</em></strong></span> <span class='ocrx_word' id='word_1_91' title='bbox 663 1179 778 1217; x_wconf 90' lang='lat' dir='ltr'><strong><em>uno</em></strong></span> <span class='ocrx_word' id='word_1_92' title='bbox 805 1167 986 1218; x_wconf 86' lang='lat' dir='ltr'><strong><em>tractu</em></strong></span> <span class='ocrx_word' id='word_1_93' title='bbox 1012 1161 1467 1232; x_wconf 79' lang='lat' dir='ltr'><strong><em>transcribimus,</em></strong></span> <span class='ocrx_word' id='word_1_94' title='bbox 1495 1177 1589 1217; x_wconf 88' lang='lat' dir='ltr'><strong><em>eas</em></strong></span> <span class='ocrx_word' id='word_1_95' title='bbox 1611 1178 1770 1217; x_wconf 87' lang='lat' dir='ltr'><strong><em>voces</em></strong></span> <span class='ocrx_word' id='word_1_96' title='bbox 1794 1161 1968 1218; x_wconf 91' lang='lat' dir='ltr'><strong><em>subli-</em></strong></span> 
     </span>
     <span class='ocr_line' id='line_1_13' title="bbox 84 1257 1244 1332; baseline -0.003 -17"><span class='ocrx_word' id='word_1_97' title='bbox 84 1259 296 1316; x_wconf 87' lang='lat' dir='ltr'><strong><em>neando</em></strong></span> <span class='ocrx_word' id='word_1_98' title='bbox 319 1277 443 1332; x_wconf 81' lang='lat' dir='ltr'><strong><em>quae</em></strong></span> <span class='ocrx_word' id='word_1_99' title='bbox 470 1257 649 1332; x_wconf 91' lang='lat' dir='ltr'><strong><em>magis</em></strong></span> <span class='ocrx_word' id='word_1_100' title='bbox 678 1258 1028 1314; x_wconf 81' lang='lat' dir='ltr'><strong><em>attendendae</em></strong></span> <span class='ocrx_word' id='word_1_101' title='bbox 1068 1264 1199 1314; x_wconf 86' lang='lat' dir='ltr'><strong><em>sunt</em></strong></span> <span class='ocrx_word' id='word_1_102' title='bbox 1234 1280 1244 1311; x_wconf 93' lang='lat'>:</span> 
     </span>
    </p>

    <p class='ocr_par' dir='ltr' id='par_1_6' title="bbox 80 1354 2048 3175">
     <span class='ocr_line' id='line_1_14' title="bbox 161 1354 1972 1430; baseline 0.002 -22"><span class='ocrx_word' id='word_1_103' title='bbox 161 1377 188 1408; x_wconf 91' lang='lat'>«</span> <span class='ocrx_word' id='word_1_104' title='bbox 217 1356 335 1411; x_wconf 89' lang='lat' dir='ltr'><strong><em>Non</em></strong></span> <span class='ocrx_word' id='word_1_105' title='bbox 373 1356 575 1412; x_wconf 86' lang='lat' dir='ltr'><strong><em>metuis</em></strong></span> <span class='ocrx_word' id='word_1_106' title='bbox 595 1355 871 1430; x_wconf 86' lang='lat' dir='ltr'><strong><em>judicium</em></strong></span> <span class='ocrx_word' id='word_1_107' title='bbox 901 1355 1020 1426; x_wconf 93' lang='lat' dir='ltr'><strong><em>Dei,</em></strong></span> <span class='ocrx_word' id='word_1_108' title='bbox 1060 1354 1334 1411; x_wconf 82' lang='lat' dir='ltr'><strong><em>haereticis</em></strong></span> <span class='ocrx_word' id='word_1_109' title='bbox 1356 1354 1746 1412; x_wconf 89' lang='lat' dir='ltr'><strong><em>testimonium</em></strong></span> <span class='ocrx_word' id='word_1_110' title='bbox 1776 1360 1972 1411; x_wconf 86' lang='lat' dir='ltr'><strong><em>contra</em></strong></span> 
     </span>
     <span class='ocr_line' id='line_1_15' title="bbox 80 1453 1973 1528; baseline -0.002 -19"><span class='ocrx_word' id='word_1_111' title='bbox 80 1453 381 1510; x_wconf 82' lang='lat' dir='ltr'><strong><em>Ecclesiam</em></strong></span> <span class='ocrx_word' id='word_1_112' title='bbox 421 1454 720 1528; x_wconf 90' lang='lat' dir='ltr'><strong><em>perhibens</em></strong></span> <span class='ocrx_word' id='word_1_113' title='bbox 738 1454 832 1508; x_wconf 65' lang='lat'><strong><em>7...</em></strong></span> <span class='ocrx_word' id='word_1_114' title='bbox 863 1453 1123 1516; x_wconf 86' lang='lat' dir='ltr'><strong><em>Quinimo</em></strong></span> <span class='ocrx_word' id='word_1_115' title='bbox 1162 1462 1216 1509; x_wconf 87' lang='lat' dir='ltr'><strong><em>tu</em></strong></span> <span class='ocrx_word' id='word_1_116' title='bbox 1251 1455 1508 1509; x_wconf 80' lang='lat' dir='ltr'><strong><em>haereticis</em></strong></span> <span class='ocrx_word' id='word_1_117' title='bbox 1549 1454 1783 1508; x_wconf 83' lang='lat' dir='ltr'><strong><em>omnibus</em></strong></span> <span class='ocrx_word' id='word_1_118' title='bbox 1822 1453 1973 1525; x_wconf 79' lang='lat' dir='ltr'><strong><em>pejor</em></strong></span> 
     </span>
     <span class='ocr_line' id='line_1_16' title="bbox 88 1550 1959 1623; baseline -0.002 -16"><span class='ocrx_word' id='word_1_119' title='bbox 88 1569 212 1607; x_wconf 76' lang='lat' dir='ltr'><strong><em>eS...</em></strong></span> <span class='ocrx_word' id='word_1_120' title='bbox 241 1550 346 1607; x_wconf 90' lang='lat' dir='ltr'><strong><em>Nec</em></strong></span> <span class='ocrx_word' id='word_1_121' title='bbox 383 1550 642 1623; x_wconf 85' lang='lat' dir='ltr'><strong><em>intelligit</em></strong></span> <span class='ocrx_word' id='word_1_122' title='bbox 691 1550 908 1606; x_wconf 88' lang='lat' dir='ltr'><strong><em>animas</em></strong></span> <span class='ocrx_word' id='word_1_123' title='bbox 946 1569 1140 1606; x_wconf 90' lang='lat' dir='ltr'><strong><em>eorum</em></strong></span> <span class='ocrx_word' id='word_1_124' title='bbox 1174 1551 1240 1607; x_wconf 88' lang='lat' dir='ltr'><strong><em>de.</em></strong></span> <span class='ocrx_word' id='word_1_125' title='bbox 1267 1569 1435 1606; x_wconf 90' lang='lat' dir='ltr'><strong><em>manu</em></strong></span> <span class='ocrx_word' id='word_1_126' title='bbox 1463 1556 1559 1607; x_wconf 88' lang='lat' dir='ltr'><strong><em>tua</em></strong></span> <span class='ocrx_word' id='word_1_127' title='bbox 1584 1550 1802 1623; x_wconf 77' lang='lat' dir='ltr'><strong><em>exquiri</em></strong></span> <span class='ocrx_word' id='word_1_128' title='bbox 1828 1567 1959 1605; x_wconf 89' lang='lat' dir='ltr'><strong><em>cum</em></strong></span> 
     </span>
     <span class='ocr_line' id='line_1_17' title="bbox 81 1647 1974 1723; baseline -0.001 -20"><span class='ocrx_word' id='word_1_129' title='bbox 81 1647 280 1722; x_wconf 83' lang='lat' dir='ltr'><strong><em>judicii</em></strong></span> <span class='ocrx_word' id='word_1_130' title='bbox 307 1647 420 1704; x_wconf 91' lang='lat' dir='ltr'><strong><em>dies</em></strong></span> <span class='ocrx_word' id='word_1_131' title='bbox 443 1648 758 1705; x_wconf 78' lang='lat' dir='ltr'><strong><em>venerit?...</em></strong></span> <span class='ocrx_word' id='word_1_132' title='bbox 784 1648 846 1704; x_wconf 90' lang='lat' dir='ltr'><strong><em>Et</em></strong></span> <span class='ocrx_word' id='word_1_133' title='bbox 872 1649 1104 1723; x_wconf 89' lang='lat' dir='ltr'><strong><em>insuper</em></strong></span> <span class='ocrx_word' id='word_1_134' title='bbox 1133 1649 1442 1721; x_wconf 87' lang='lat' dir='ltr'><strong><em>indignaris</em></strong></span> <span class='ocrx_word' id='word_1_135' title='bbox 1467 1653 1476 1703; x_wconf 92' lang='lat'>!</span> <span class='ocrx_word' id='word_1_136' title='bbox 1514 1649 1644 1704; x_wconf 92' lang='lat' dir='ltr'><strong><em>Vide</em></strong></span> <span class='ocrx_word' id='word_1_137' title='bbox 1669 1666 1771 1720; x_wconf 84' lang='lat' dir='ltr'><strong><em>qua</em></strong></span> <span class='ocrx_word' id='word_1_138' title='bbox 1811 1650 1974 1720; x_wconf 83' lang='lat' dir='ltr'><strong><em>impe-</em></strong></span> 
     </span>
     <span class='ocr_line' id='line_1_18' title="bbox 86 1745 1975 1820; baseline 0.001 -21"><span class='ocrx_word' id='word_1_139' title='bbox 86 1748 211 1800; x_wconf 78' lang='lat' dir='ltr'><strong><em>ritia</em></strong></span> <span class='ocrx_word' id='word_1_140' title='bbox 235 1747 638 1820; x_wconf 78' lang='lat' dir='ltr'><strong><em>reprehendere</em></strong></span> <span class='ocrx_word' id='word_1_141' title='bbox 668 1747 873 1803; x_wconf 82' lang='lat' dir='ltr'><strong><em>audeas</em></strong></span> <span class='ocrx_word' id='word_1_142' title='bbox 900 1764 995 1803; x_wconf 89' lang='lat' dir='ltr'><strong><em>eos</em></strong></span> <span class='ocrx_word' id='word_1_143' title='bbox 1027 1747 1124 1819; x_wconf 92' lang='lat' dir='ltr'><strong><em>qui</em></strong></span> <span class='ocrx_word' id='word_1_144' title='bbox 1156 1753 1349 1803; x_wconf 86' lang='lat' dir='ltr'><strong><em>eontra</em></strong></span> <span class='ocrx_word' id='word_1_145' title='bbox 1373 1745 1733 1803; x_wconf 87' lang='lat' dir='ltr'><strong><em>mendacium</em></strong></span> <span class='ocrx_word' id='word_1_146' title='bbox 1758 1762 1858 1818; x_wconf 90' lang='lat' dir='ltr'><strong><em>pro</em></strong></span> <span class='ocrx_word' id='word_1_147' title='bbox 1886 1762 1975 1801; x_wconf 84' lang='lat' dir='ltr'><strong><em>ve-</em></strong></span> 
     </span>
     <span class='ocr_line' id='line_1_19' title="bbox 88 1842 1976 1916; baseline 0 -19"><span class='ocrx_word' id='word_1_148' title='bbox 88 1842 252 1899; x_wconf 86' lang='lat' dir='ltr'><strong><em>ritate</em></strong></span> <span class='ocrx_word' id='word_1_149' title='bbox 292 1844 623 1900; x_wconf 89' lang='lat' dir='ltr'><strong><em>nituntur...</em></strong></span> <span class='ocrx_word' id='word_1_150' title='bbox 670 1844 808 1899; x_wconf 86' lang='lat' dir='ltr'><strong><em>Lites</em></strong></span> <span class='ocrx_word' id='word_1_151' title='bbox 849 1847 988 1899; x_wconf 87' lang='lat' dir='ltr'><strong><em>enim</em></strong></span> <span class='ocrx_word' id='word_1_152' title='bbox 1035 1852 1083 1900; x_wconf 87' lang='lat' dir='ltr'><strong><em>et</em></strong></span> <span class='ocrx_word' id='word_1_153' title='bbox 1131 1846 1478 1900; x_wconf 81' lang='lat' dir='ltr'><strong><em>dissensiones</em></strong></span> <span class='ocrx_word' id='word_1_154' title='bbox 1511 1850 1731 1916; x_wconf 84' lang='lat' dir='ltr'><strong><em>quantas</em></strong></span> <span class='ocrx_word' id='word_1_155' title='bbox 1761 1845 1976 1915; x_wconf 78' lang='lat' dir='ltr'><strong><em>parasti</em></strong></span> 
     </span>
     <span class='ocr_line' id='line_1_20' title="bbox 87 1939 1972 2016; baseline 0 -22"><span class='ocrx_word' id='word_1_156' title='bbox 87 1956 184 2014; x_wconf 92' lang='lat' dir='ltr'><strong><em>per</em></strong></span> <span class='ocrx_word' id='word_1_157' title='bbox 205 1940 471 2016; x_wconf 88' lang='lat' dir='ltr'><strong><em>Ecclesias</em></strong></span> <span class='ocrx_word' id='word_1_158' title='bbox 505 1940 677 1996; x_wconf 90' lang='lat' dir='ltr'><strong><em>totius</em></strong></span> <span class='ocrx_word' id='word_1_159' title='bbox 713 1941 940 1998; x_wconf 84' lang='lat' dir='ltr'><strong><em>mundil</em></strong></span> <span class='ocrx_word' id='word_1_160' title='bbox 970 1942 1247 1997; x_wconf 82' lang='lat' dir='ltr'><strong><em>Peccatum</em></strong></span> <span class='ocrx_word' id='word_1_161' title='bbox 1279 1959 1401 1997; x_wconf 82' lang='lat' dir='ltr'><strong><em>vero</em></strong></span> <span class='ocrx_word' id='word_1_162' title='bbox 1427 1959 1580 2014; x_wconf 84' lang='lat' dir='ltr'><strong><em>quam</em></strong></span> <span class='ocrx_word' id='word_1_163' title='bbox 1605 1939 1972 2012; x_wconf 69' lang='lat' dir='ltr'><strong><em>maynamtibi</em></strong></span> 
     </span>
     <span class='ocr_line' id='line_1_21' title="bbox 90 2037 1978 2112; baseline -0.001 -19"><span class='ocrx_word' id='word_1_164' title='bbox 90 2038 449 2110; x_wconf 82' lang='lat' dir='ltr'><strong><em>exaggerasti,</em></strong></span> <span class='ocrx_word' id='word_1_165' title='bbox 479 2037 696 2111; x_wconf 86' lang='lat' dir='ltr'><strong><em>quando</em></strong></span> <span class='ocrx_word' id='word_1_166' title='bbox 721 2044 775 2094; x_wconf 87' lang='lat' dir='ltr'><strong><em>te</em></strong></span> <span class='ocrx_word' id='word_1_167' title='bbox 801 2057 831 2094; x_wconf 93' lang='lat' dir='ltr'><strong><em>a</em></strong></span> <span class='ocrx_word' id='word_1_168' title='bbox 865 2044 947 2094; x_wconf 84' lang='lat' dir='ltr'><strong><em>tot</em></strong></span> <span class='ocrx_word' id='word_1_169' title='bbox 972 2039 1231 2112; x_wconf 84' lang='lat' dir='ltr'><strong><em>gregibus</em></strong></span> <span class='ocrx_word' id='word_1_170' title='bbox 1259 2039 1508 2095; x_wconf 79' lang='lat' dir='ltr'><strong><em>scidisti!</em></strong></span> <span class='ocrx_word' id='word_1_171' title='bbox 1549 2039 1811 2095; x_wconf 76' lang='lat' dir='ltr'><strong><em>Eoeciclisti</em></strong></span> <span class='ocrx_word' id='word_1_172' title='bbox 1836 2040 1978 2094; x_wconf 85' lang='lat' dir='ltr'><strong><em>enim</em></strong></span> 
     </span>
     <span class='ocr_line' id='line_1_22' title="bbox 93 2134 1970 2209; baseline 0.001 -21"><span class='ocrx_word' id='word_1_173' title='bbox 93 2139 142 2188; x_wconf 81' lang='lat' dir='ltr'><strong><em>te</em></strong></span> <span class='ocrx_word' id='word_1_174' title='bbox 162 2137 351 2206; x_wconf 78' lang='lat' dir='ltr'><strong><em>ipsum3</em></strong></span> <span class='ocrx_word' id='word_1_175' title='bbox 376 2135 491 2190; x_wconf 90' lang='lat' dir='ltr'><strong><em>noli</em></strong></span> <span class='ocrx_word' id='word_1_176' title='bbox 514 2142 569 2191; x_wconf 86' lang='lat' dir='ltr'><strong><em>te</em></strong></span> <span class='ocrx_word' id='word_1_177' title='bbox 599 2137 811 2206; x_wconf 89' lang='lat' dir='ltr'><strong><em>fallere,</em></strong></span> <span class='ocrx_word' id='word_1_178' title='bbox 830 2137 1106 2209; x_wconf 88' lang='lat' dir='ltr'><strong><em>siquidem</em></strong></span> <span class='ocrx_word' id='word_1_179' title='bbox 1123 2137 1218 2192; x_wconf 91' lang='lat' dir='ltr'><strong><em>ille</em></strong></span> <span class='ocrx_word' id='word_1_180' title='bbox 1236 2143 1319 2192; x_wconf 89' lang='lat' dir='ltr'><strong><em>est</em></strong></span> <span class='ocrx_word' id='word_1_181' title='bbox 1337 2154 1463 2192; x_wconf 74' lang='lat' dir='ltr'><strong><em>vere</em></strong></span> <span class='ocrx_word' id='word_1_182' title='bbox 1484 2138 1846 2191; x_wconf 82' lang='lat' dir='ltr'><strong><em>schismaticus</em></strong></span> <span class='ocrx_word' id='word_1_183' title='bbox 1868 2134 1970 2207; x_wconf 88' lang='lat' dir='ltr'><strong><em>qui</em></strong></span> 
     </span>
     <span class='ocr_line' id='line_1_23' title="bbox 95 2232 1966 2306; baseline 0.003 -25"><span class='ocrx_word' id='word_1_184' title='bbox 95 2244 152 2282; x_wconf 92' lang='lat' dir='ltr'><strong><em>se</em></strong></span> <span class='ocrx_word' id='word_1_185' title='bbox 187 2247 216 2282; x_wconf 84' lang='lat' dir='ltr'><strong><em>a</em></strong></span> <span class='ocrx_word' id='word_1_186' title='bbox 259 2232 646 2287; x_wconf 86' lang='lat' dir='ltr'><strong><em>communione</em></strong></span> <span class='ocrx_word' id='word_1_187' title='bbox 700 2233 1083 2288; x_wconf 77' lang='lat' dir='ltr'><strong><em>ecclesiasticae</em></strong></span> <span class='ocrx_word' id='word_1_188' title='bbox 1122 2234 1356 2289; x_wconf 87' lang='lat' dir='ltr'><strong><em>unitatis</em></strong></span> <span class='ocrx_word' id='word_1_189' title='bbox 1407 2241 1700 2306; x_wconf 85' lang='lat' dir='ltr'><strong><em>apostatam</em></strong></span> <span class='ocrx_word' id='word_1_190' title='bbox 1753 2232 1966 2288; x_wconf 88' lang='lat' dir='ltr'><strong><em>fecerit.</em></strong></span> 
     </span>
     <span class='ocr_line' id='line_1_24' title="bbox 99 2322 1975 2401; baseline 0.004 -25"><span class='ocrx_word' id='word_1_191' title='bbox 99 2322 235 2377; x_wconf 89' lang='lat' dir='ltr'><strong><em>Dum</em></strong></span> <span class='ocrx_word' id='word_1_192' title='bbox 261 2323 406 2377; x_wconf 89' lang='lat' dir='ltr'><strong><em>enim</em></strong></span> <span class='ocrx_word' id='word_1_193' title='bbox 434 2330 591 2397; x_wconf 88' lang='lat' dir='ltr'><strong><em>putas</em></strong></span> <span class='ocrx_word' id='word_1_194' title='bbox 619 2343 812 2382; x_wconf 90' lang='lat' dir='ltr'><strong><em>omnes</em></strong></span> <span class='ocrx_word' id='word_1_195' title='bbox 841 2345 871 2382; x_wconf 89' lang='lat' dir='ltr'><strong><em>a</em></strong></span> <span class='ocrx_word' id='word_1_196' title='bbox 900 2333 951 2383; x_wconf 91' lang='lat' dir='ltr'><strong><em>te</em></strong></span> <span class='ocrx_word' id='word_1_197' title='bbox 976 2329 1243 2384; x_wconf 83' lang='lat' dir='ltr'><strong><em>abstineri</em></strong></span> <span class='ocrx_word' id='word_1_198' title='bbox 1280 2346 1464 2401; x_wconf 91' lang='lat' dir='ltr'><strong><em>posse,</em></strong></span> <span class='ocrx_word' id='word_1_199' title='bbox 1501 2329 1668 2384; x_wconf 84' lang='lat' dir='ltr'><strong><em>solum</em></strong></span> <span class='ocrx_word' id='word_1_200' title='bbox 1695 2337 1743 2383; x_wconf 85' lang='lat' dir='ltr'><strong><em>te</em></strong></span> <span class='ocrx_word' id='word_1_201' title='bbox 1777 2330 1839 2383; x_wconf 89' lang='lat' dir='ltr'><strong><em>ab</em></strong></span> <span class='ocrx_word' id='word_1_202' title='bbox 1872 2345 1975 2383; x_wconf 90' lang='lat' dir='ltr'><strong><em>om-</em></strong></span> 
     </span>
     <span class='ocr_line' id='line_1_25' title="bbox 98 2422 1970 2504; baseline 0.004 -30"><span class='ocrx_word' id='word_1_203' title='bbox 98 2422 249 2475; x_wconf 81' lang='lat' dir='ltr'><strong><em>nibus</em></strong></span> <span class='ocrx_word' id='word_1_204' title='bbox 276 2422 585 2478; x_wconf 79' lang='lat' dir='ltr'><strong><em>abstinuisti.</em></strong></span> <span class='ocrx_word' id='word_1_205' title='bbox 620 2422 725 2479; x_wconf 91' lang='lat' dir='ltr'><strong><em>Nec</em></strong></span> <span class='ocrx_word' id='word_1_206' title='bbox 751 2430 804 2481; x_wconf 87' lang='lat' dir='ltr'><strong><em>te</em></strong></span> <span class='ocrx_word' id='word_1_207' title='bbox 837 2424 1132 2482; x_wconf 87' lang='lat' dir='ltr'><strong><em>informare</em></strong></span> <span class='ocrx_word' id='word_1_208' title='bbox 1159 2427 1226 2482; x_wconf 89' lang='lat' dir='ltr'><strong><em>ad</em></strong></span> <span class='ocrx_word' id='word_1_209' title='bbox 1252 2427 1500 2500; x_wconf 89' lang='lat' dir='ltr'><strong><em>regulam</em></strong></span> <span class='ocrx_word' id='word_1_210' title='bbox 1521 2427 1768 2504; x_wconf 79' lang='lat' dir='ltr'><strong><em>veritatis</em></strong></span> <span class='ocrx_word' id='word_1_211' title='bbox 1795 2433 1848 2483; x_wconf 87' lang='lat' dir='ltr'><strong><em>et</em></strong></span> <span class='ocrx_word' id='word_1_212' title='bbox 1874 2445 1970 2501; x_wconf 89' lang='lat' dir='ltr'><strong><em>pa-</em></strong></span> 
     </span>
     <span class='ocr_line' id='line_1_26' title="bbox 99 2517 1969 2596; baseline 0.003 -23"><span class='ocrx_word' id='word_1_213' title='bbox 99 2517 177 2573; x_wconf 92' lang='lat' dir='ltr'><strong><em>cis</em></strong></span> <span class='ocrx_word' id='word_1_214' title='bbox 221 2518 305 2572; x_wconf 84' lang='lat' dir='ltr'><strong><em>vel</em></strong></span> <span class='ocrx_word' id='word_1_215' title='bbox 342 2519 573 2591; x_wconf 87' lang='lat' dir='ltr'><strong><em>apostoli</em></strong></span> <span class='ocrx_word' id='word_1_216' title='bbox 612 2529 880 2596; x_wconf 83' lang='lat' dir='ltr'><strong><em>praecepta</em></strong></span> <span class='ocrx_word' id='word_1_217' title='bbox 916 2529 1216 2596; x_wconf 86' lang='lat' dir='ltr'><strong><em>potuerunt</em></strong></span> <span class='ocrx_word' id='word_1_218' title='bbox 1260 2525 1535 2581; x_wconf 85' lang='lat' dir='ltr'><strong><em>monentis</em></strong></span> <span class='ocrx_word' id='word_1_219' title='bbox 1593 2530 1646 2580; x_wconf 84' lang='lat' dir='ltr'><strong><em>et</em></strong></span> <span class='ocrx_word' id='word_1_220' title='bbox 1684 2524 1919 2580; x_wconf 87' lang='lat' dir='ltr'><strong><em>dicentis</em></strong></span> <span class='ocrx_word' id='word_1_221' title='bbox 1958 2546 1969 2578; x_wconf 89' lang='lat'>:</span> 
     </span>
     <span class='ocr_line' id='line_1_27' title="bbox 98 2610 1967 2695; baseline 0.006 -30"><span class='ocrx_word' id='word_1_222' title='bbox 98 2610 331 2668; x_wconf 86' lang='lat' dir='ltr'><strong><em>Obsecro</em></strong></span> <span class='ocrx_word' id='word_1_223' title='bbox 363 2631 491 2687; x_wconf 90' lang='lat' dir='ltr'><strong><em>ergo</em></strong></span> <span class='ocrx_word' id='word_1_224' title='bbox 523 2634 615 2672; x_wconf 87' lang='lat' dir='ltr'><strong><em>vos</em></strong></span> <span class='ocrx_word' id='word_1_225' title='bbox 639 2634 739 2690; x_wconf 90' lang='lat' dir='ltr'><strong><em>ego</em></strong></span> <span class='ocrx_word' id='word_1_226' title='bbox 762 2618 985 2675; x_wconf 79' lang='lat' dir='ltr'><strong><em>vinctus</em></strong></span> <span class='ocrx_word' id='word_1_227' title='bbox 1011 2620 1070 2675; x_wconf 92' lang='lat' dir='ltr'><strong><em>in</em></strong></span> <span class='ocrx_word' id='word_1_228' title='bbox 1095 2622 1342 2690; x_wconf 89' lang='lat' dir='ltr'><strong><em>Domino,</em></strong></span> <span class='ocrx_word' id='word_1_229' title='bbox 1374 2622 1539 2695; x_wconf 90' lang='lat' dir='ltr'><strong><em>digne</em></strong></span> <span class='ocrx_word' id='word_1_230' title='bbox 1565 2621 1854 2677; x_wconf 85' lang='lat' dir='ltr'><strong><em>ambulare</em></strong></span> <span class='ocrx_word' id='word_1_231' title='bbox 1880 2638 1967 2677; x_wconf 90' lang='lat' dir='ltr'><strong><em>vo-</em></strong></span> 
     </span>
     <span class='ocr_line' id='line_1_28' title="bbox 100 2708 1974 2787; baseline 0.006 -24"><span class='ocrx_word' id='word_1_232' title='bbox 100 2708 312 2766; x_wconf 78' lang='lat' dir='ltr'><strong><em>catione</em></strong></span> <span class='ocrx_word' id='word_1_233' title='bbox 343 2729 449 2783; x_wconf 85' lang='lat' dir='ltr'><strong><em>qua</em></strong></span> <span class='ocrx_word' id='word_1_234' title='bbox 487 2714 662 2769; x_wconf 73' lang='lat' dir='ltr'><strong><em>vocati</em></strong></span> <span class='ocrx_word' id='word_1_235' title='bbox 703 2716 858 2787; x_wconf 81' lang='lat' dir='ltr'><strong><em>estiS,</em></strong></span> <span class='ocrx_word' id='word_1_236' title='bbox 890 2735 1018 2773; x_wconf 91' lang='lat' dir='ltr'><strong><em>cum</em></strong></span> <span class='ocrx_word' id='word_1_237' title='bbox 1045 2719 1199 2774; x_wconf 89' lang='lat' dir='ltr'><strong><em>omni</em></strong></span> <span class='ocrx_word' id='word_1_238' title='bbox 1240 2720 1557 2777; x_wconf 88' lang='lat' dir='ltr'><strong><em>humilitate</em></strong></span> <span class='ocrx_word' id='word_1_239' title='bbox 1586 2737 1783 2776; x_wconf 89' lang='lat' dir='ltr'><strong><em>sensus</em></strong></span> <span class='ocrx_word' id='word_1_240' title='bbox 1814 2725 1866 2776; x_wconf 87' lang='lat' dir='ltr'><strong><em>et</em></strong></span> <span class='ocrx_word' id='word_1_241' title='bbox 1899 2719 1974 2775; x_wconf 92' lang='lat' dir='ltr'><strong><em>le-</em></strong></span> 
     </span>
     <span class='ocr_line' id='line_1_29' title="bbox 102 2803 1967 2885; baseline 0.008 -28"><span class='ocrx_word' id='word_1_242' title='bbox 102 2803 294 2885; x_wconf 84' lang='lat' dir='ltr'><strong><em>nitate,</em></strong></span> <span class='ocrx_word' id='word_1_243' title='bbox 343 2826 469 2863; x_wconf 90' lang='lat' dir='ltr'><strong><em>cum</em></strong></span> <span class='ocrx_word' id='word_1_244' title='bbox 508 2811 772 2884; x_wconf 88' lang='lat' dir='ltr'><strong><em>patientia</em></strong></span> <span class='ocrx_word' id='word_1_245' title='bbox 826 2814 1166 2871; x_wconf 84' lang='lat' dir='ltr'><strong><em>sustinentes</em></strong></span> <span class='ocrx_word' id='word_1_246' title='bbox 1211 2816 1447 2874; x_wconf 85' lang='lat' dir='ltr'><strong><em>invicem</em></strong></span> <span class='ocrx_word' id='word_1_247' title='bbox 1490 2818 1550 2873; x_wconf 92' lang='lat' dir='ltr'><strong><em>in</em></strong></span> <span class='ocrx_word' id='word_1_248' title='bbox 1592 2818 1967 2874; x_wconf 89' lang='lat' dir='ltr'><strong><em>dilectione...</em></strong></span> 
     </span>
     <span class='ocr_line' id='line_1_30' title="bbox 106 2899 1977 2984; baseline 0.006 -28"><span class='ocrx_word' id='word_1_249' title='bbox 106 2899 196 2972; x_wconf 85' lang='lat' dir='ltr'><strong><em>(ad</em></strong></span> <span class='ocrx_word' id='word_1_250' title='bbox 222 2900 540 2975; x_wconf 80' lang='lat' dir='ltr'><strong><em>EpheS.,1v,</em></strong></span> <span class='ocrx_word' id='word_1_251' title='bbox 590 2907 729 2979; x_wconf 79' lang='grc'><strong>1-6).</strong></span> <span class='ocrx_word' id='word_1_252' title='bbox 782 2909 899 2965; x_wconf 84' lang='lat' dir='ltr'><strong><em>llaec</em></strong></span> <span class='ocrx_word' id='word_1_253' title='bbox 930 2911 1172 2984; x_wconf 80' lang='lat' dir='ltr'><strong><em>Apostoli</em></strong></span> <span class='ocrx_word' id='word_1_254' title='bbox 1209 2915 1468 2970; x_wconf 87' lang='lat' dir='ltr'><strong><em>mandata</em></strong></span> <span class='ocrx_word' id='word_1_255' title='bbox 1495 2920 1549 2969; x_wconf 88' lang='lat' dir='ltr'><strong><em>et</em></strong></span> <span class='ocrx_word' id='word_1_256' title='bbox 1583 2915 1795 2969; x_wconf 87' lang='lat' dir='ltr'><strong><em>monita</em></strong></span> <span class='ocrx_word' id='word_1_257' title='bbox 1829 2913 1977 2968; x_wconf 88' lang='lat' dir='ltr'><strong><em>salu-</em></strong></span> 
     </span>
     <span class='ocr_line' id='line_1_31' title="bbox 104 2996 1975 3083; baseline 0.007 -32"><span class='ocrx_word' id='word_1_258' title='bbox 104 2996 245 3052; x_wconf 87' lang='lat' dir='ltr'><strong><em>taria</em></strong></span> <span class='ocrx_word' id='word_1_259' title='bbox 265 3016 429 3070; x_wconf 85' lang='lat' dir='ltr'><strong><em>quam</em></strong></span> <span class='ocrx_word' id='word_1_260' title='bbox 455 3001 743 3075; x_wconf 87' lang='lat' dir='ltr'><strong><em>diligenter</em></strong></span> <span class='ocrx_word' id='word_1_261' title='bbox 783 3005 1094 3081; x_wconf 83' lang='lat' dir='ltr'><strong><em>Stephanus</em></strong></span> <span class='ocrx_word' id='word_1_262' title='bbox 1120 3010 1419 3083; x_wconf 81' lang='lat' dir='ltr'><strong><em>implevit¹,</em></strong></span> <span class='ocrx_word' id='word_1_263' title='bbox 1450 3010 1825 3065; x_wconf 88' lang='lat' dir='ltr'><strong><em>humilitatem</em></strong></span> <span class='ocrx_word' id='word_1_264' title='bbox 1851 3027 1975 3064; x_wconf 90' lang='lat' dir='ltr'><strong><em>sen-</em></strong></span> 
     </span>
     <span class='ocr_line' id='line_1_32' title="bbox 110 3091 2048 3175; baseline 0.006 -24"><span class='ocrx_word' id='word_1_265' title='bbox 110 3112 207 3151; x_wconf 89' lang='lat' dir='ltr'><strong><em>sus</em></strong></span> <span class='ocrx_word' id='word_1_266' title='bbox 251 3103 301 3151; x_wconf 90' lang='lat' dir='ltr'><strong><em>et</em></strong></span> <span class='ocrx_word' id='word_1_267' title='bbox 343 3097 621 3155; x_wconf 88' lang='lat' dir='ltr'><strong><em>lenitatem</em></strong></span> <span class='ocrx_word' id='word_1_268' title='bbox 662 3104 918 3159; x_wconf 75' lang='lat' dir='ltr'><strong><em>servans!</em></strong></span> <span class='ocrx_word' id='word_1_269' title='bbox 958 3091 1111 3175; x_wconf 59' lang='lat' dir='ltr'><strong><em>&#39;Quid</em></strong></span> <span class='ocrx_word' id='word_1_270' title='bbox 1151 3107 1301 3163; x_wconf 89' lang='lat' dir='ltr'><strong><em>enim</em></strong></span> <span class='ocrx_word' id='word_1_271' title='bbox 1334 3107 1609 3162; x_wconf 90' lang='lat' dir='ltr'><strong><em>humilius</em></strong></span> <span class='ocrx_word' id='word_1_272' title='bbox 1646 3113 1742 3161; x_wconf 90' lang='lat' dir='ltr'><strong><em>aut</em></strong></span> <span class='ocrx_word' id='word_1_273' title='bbox 1797 3106 1980 3163; x_wconf 90' lang='lat' dir='ltr'><strong><em>lenius</em></strong></span> <span class='ocrx_word' id='word_1_274' title='bbox 2043 3092 2048 3097; x_wconf 47' lang='grc'><strong>”</strong></span> 
     </span>
    </p>
   </div>
   <div class='ocr_carea' id='block_1_6' title="bbox 111 3196 1980 3374">
    <p class='ocr_par' dir='ltr' id='par_1_7' title="bbox 111 3196 1980 3374">
     <span class='ocr_line' id='line_1_33' title="bbox 112 3196 1978 3277; baseline 0.007 -30"><span class='ocrx_word' id='word_1_275' title='bbox 112 3210 277 3266; x_wconf 88' lang='lat' dir='ltr'><strong><em>quam</em></strong></span> <span class='ocrx_word' id='word_1_276' title='bbox 302 3211 428 3249; x_wconf 92' lang='lat' dir='ltr'><strong><em>cum</em></strong></span> <span class='ocrx_word' id='word_1_277' title='bbox 448 3201 529 3251; x_wconf 91' lang='lat' dir='ltr'><strong><em>tot</em></strong></span> <span class='ocrx_word' id='word_1_278' title='bbox 554 3196 836 3271; x_wconf 89' lang='lat' dir='ltr'><strong><em>Episcopis</em></strong></span> <span class='ocrx_word' id='word_1_279' title='bbox 873 3218 971 3273; x_wconf 87' lang='lat' dir='ltr'><strong><em>per</em></strong></span> <span class='ocrx_word' id='word_1_280' title='bbox 996 3207 1175 3257; x_wconf 88' lang='lat' dir='ltr'><strong><em>totum</em></strong></span> <span class='ocrx_word' id='word_1_281' title='bbox 1208 3204 1487 3259; x_wconf 91' lang='lat' dir='ltr'><strong><em>mundum</em></strong></span> <span class='ocrx_word' id='word_1_282' title='bbox 1513 3201 1862 3273; x_wconf 86' lang='lat' dir='ltr'><strong><em>dissensisse,</em></strong></span> <span class='ocrx_word' id='word_1_283' title='bbox 1884 3222 1978 3277; x_wconf 87' lang='lat' dir='ltr'><strong><em>pa—</em></strong></span> 
     </span>
     <span class='ocr_line' id='line_1_34' title="bbox 111 3291 1980 3374; baseline 0.006 -29"><span class='ocrx_word' id='word_1_284' title='bbox 111 3306 228 3345; x_wconf 89' lang='lat' dir='ltr'><strong><em>cem</em></strong></span> <span class='ocrx_word' id='word_1_285' title='bbox 257 3308 382 3346; x_wconf 88' lang='lat' dir='ltr'><strong><em>curn</em></strong></span> <span class='ocrx_word' id='word_1_286' title='bbox 414 3291 647 3363; x_wconf 88' lang='lat' dir='ltr'><strong><em>singulis</em></strong></span> <span class='ocrx_word' id='word_1_287' title='bbox 685 3294 834 3349; x_wconf 76' lang='lat' dir='ltr'><strong><em>vario</em></strong></span> <span class='ocrx_word' id='word_1_288' title='bbox 869 3294 1153 3352; x_wconf 81' lang='lat' dir='ltr'><strong><em>discordiae</em></strong></span> <span class='ocrx_word' id='word_1_289' title='bbox 1185 3316 1380 3370; x_wconf 88' lang='lat' dir='ltr'><strong><em>genere</em></strong></span> <span class='ocrx_word' id='word_1_290' title='bbox 1410 3306 1782 3374; x_wconf 90' lang='lat' dir='ltr'><strong><em>rumpentem,</em></strong></span> <span class='ocrx_word' id='word_1_291' title='bbox 1817 3299 1980 3357; x_wconf 89' lang='lat' dir='ltr'><strong><em>modo</em></strong></span> 
     </span>
    </p>
   </div>
   <div class='ocr_carea' id='block_1_7' title="bbox 112 3388 2087 3471">
    <p class='ocr_par' dir='ltr' id='par_1_8' title="bbox 112 3388 2087 3471">
     <span class='ocr_line' id='line_1_35' title="bbox 112 3388 2087 3471; baseline 0.007 -28"><span class='ocrx_word' id='word_1_292' title='bbox 112 3405 239 3444; x_wconf 92' lang='lat' dir='ltr'><strong><em>cum</em></strong></span> <span class='ocrx_word' id='word_1_293' title='bbox 291 3388 679 3461; x_wconf 79' lang='lat' dir='ltr'><strong><em>OrientalibuS,</em></strong></span> <span class='ocrx_word' id='word_1_294' title='bbox 732 3391 1030 3470; x_wconf 82' lang='lat' dir='ltr'><strong><em>quodnec</em></strong></span> <span class='ocrx_word' id='word_1_295' title='bbox 1075 3412 1168 3450; x_wconf 83' lang='lat' dir='ltr'><strong><em>vos</em></strong></span> <span class='ocrx_word' id='word_1_296' title='bbox 1200 3395 1372 3452; x_wconf 87' lang='lat' dir='ltr'><strong><em>latere</em></strong></span> <span class='ocrx_word' id='word_1_297' title='bbox 1413 3398 1769 3471; x_wconf 80' lang='lat' dir='ltr'><strong><em>confidimuS,</em></strong></span> <span class='ocrx_word' id='word_1_298' title='bbox 1815 3399 1978 3458; x_wconf 90' lang='lat' dir='ltr'><strong><em>modo</em></strong></span> <span class='ocrx_word' id='word_1_299' title='bbox 2084 3451 2087 3456; x_wconf 90' lang='lat'><strong><em>.</em></strong></span> 
     </span>
    </p>
   </div>
   <div class='ocr_carea' id='block_1_8' title="bbox 132 3581 1516 3638">
    <p class='ocr_par' dir='ltr' id='par_1_9' title="bbox 132 3581 1516 3638">
     <span class='ocr_line' id='line_1_36' title="bbox 132 3581 1516 3638; baseline 0.008 -16"><span class='ocrx_word' id='word_1_300' title='bbox 132 3609 139 3614; x_wconf 87' lang='lat'>-</span> <span class='ocrx_word' id='word_1_301' title='bbox 172 3581 221 3635; x_wconf 82' lang='grc'><strong>(1)</strong></span> <span class='ocrx_word' id='word_1_302' title='bbox 256 3582 374 3624; x_wconf 79' lang='lat' dir='ltr'><strong><em>Notet</em></strong></span> <span class='ocrx_word' id='word_1_303' title='bbox 397 3582 524 3624; x_wconf 78' lang='lat' dir='ltr'><strong><em>lector</em></strong></span> <span class='ocrx_word' id='word_1_304' title='bbox 551 3584 657 3624; x_wconf 84' lang='lat' dir='ltr'><strong><em>hanc</em></strong></span> <span class='ocrx_word' id='word_1_305' title='bbox 681 3584 845 3637; x_wconf 80' lang='lat' dir='ltr'><strong><em>longam</em></strong></span> <span class='ocrx_word' id='word_1_306' title='bbox 871 3589 1014 3628; x_wconf 84' lang='lat' dir='ltr'><strong><em>contra</em></strong></span> <span class='ocrx_word' id='word_1_307' title='bbox 1040 3586 1299 3638; x_wconf 84' lang='lat' dir='ltr'><strong><em>Stephanum</em></strong></span> <span class='ocrx_word' id='word_1_308' title='bbox 1322 3588 1516 3633; x_wconf 83' lang='lat' dir='ltr'><strong><em>ironiam.</em></strong></span> 
     </span>
    </p>
   </div>
  </div>
 </body>
</html>
