2262 3990
801 146 930 194 PARS
959 143 1200 191 SECUNDA.
1855 139 1941 188 58¹1

66 260 386 336 cripsirnu8‚
422 258 593 314 frater
618 252 970 321 charissime,
1006 250 1196 313 nemini
1218 248 1612 323 praescribentes
1639 253 1728 303 aut
1758 247 1949 321 praeJ'u-

67 358 293 415 dicantes
319 356 589 427 quominus
612 352 967 423 unusquisque
989 346 1362 421 Episcoporum
1386 344 1522 418 quod
1556 349 1709 416 putat
1746 344 1936 415 faciat,

66 455 257 511 habens
286 451 489 507 arbitrii
516 451 600 506 sui
646 448 862 503 liberam
893 451 1229 520 potestatem.
1257 441 1364 499 Nos
1388 446 1664 515 quantum
1685 439 1745 496 in
1773 439 1938 497 nobis

67 558 172 618 est,
224 554 447 624 propter
495 544 779 614 haereticos
810 561 942 600 cum
978 541 1212 614 collegis
1261 546 1315 597 et
1360 539 1703 614 coepiscopis
1745 537 1956 596 nostris

71 666 183 706 non
208 644 618 716 contendimus,
657 660 788 699 cum
820 639 1029 713 quibus
1064 638 1312 695 divinam
1365 637 1726 694 concordiam
1763 642 1817 693 et
1860 635 1959 693 do-

79 746 339 803 minicam
384 760 575 819 pacem
608 745 883 796 tenemus.
906 757 934 790 n
980 735 1150 791 Nemo
1202 752 1316 790 non
1345 734 1492 790 videt
1542 736 1808 792 absonam
1836 750 1960 792 esse

82 844 287 899 hancce
329 838 763 903 conclusionem,
810 838 864 889 et
899 832 1208 906 oppositam
1238 831 1438 887 deduci
1482 831 1761 890 debuisse.
1821 833 1960 890 Nam

80 938 319 995 liberuni
369 932 650 1009 Episcopis
696 946 815 986 esse
863 926 1081 1000 nequit,
1112 943 1206 983 eos
1238 926 1336 998 qui
1374 943 1568 982 verum
1606 928 1953 1002 baptismum

86 1053 196 1091 non
245 1034 574 1106 acceperunt
623 1045 734 1083 non
782 1025 1089 1099 baptizare3
1127 1024 1263 1081 item
1297 1023 1378 1079 eis
1420 1023 1663 1079 liberum
1704 1043 1824 1081 esse
1869 1043 1966 1082 ne-

85 1128 205 1200 quit
250 1127 305 1181 id
352 1124 554 1181 sentire
598 1141 660 1179 ac
710 1123 912 1191 facere,
949 1121 1096 1194 quod
1135 1119 1585 1194 peccaminosum
1618 1124 1704 1175 est
1737 1127 1791 1175 et
1842 1138 1967 1194 per-

84 1240 326 1282 versum.

162 1320 217 1376 4⁰
245 1319 440 1374 Sancto
473 1316 744 1391 Cypriano
769 1316 945 1372 tribui
979 1314 1177 1387 nequit
1207 1315 1387 1370 haecce
1423 1313 1676 1370 doctrina
1709 1335 1719 1367 ε
1748 1313 1969 1370 Frustra

91 1417 297 1493 quidam
327 1419 414 1488 qui
455 1417 660 1469 ratione
702 1416 986 1469 vincuntur
1025 1413 1444 1467 consuetudinem
1481 1414 1628 1467 nobis
1657 1421 1926 1484 opponunt
1947 1435 1964 1477 ;

94 1515 236 1587 quasi
262 1511 571 1567 consuetudo
601 1512 764 1583 major
788 1512 858 1565 sit
894 1511 1134 1578 veritate,
1161 1516 1252 1564 aut
1276 1526 1380 1564 non
1412 1509 1468 1563 id
1497 1510 1567 1563 sit
1587 1511 1654 1576 ,in
1685 1509 1972 1581 spirituali-

95 1609 195 1666 bus
226 1608 537 1679 sequendum
585 1608 718 1679 quocl
759 1609 811 1661 in
840 1607 1028 1661 melius
1057 1606 1220 1675 fuerit
1254 1624 1285 1660 a
1322 1613 1504 1661 sancto
1542 1605 1744 1677 Spiritu
1777 1606 1970 1662 revela-

117 1722 271 1760 um...
312 1703 724 1775 Pi·aesiimptioiie
759 1705 894 1758 enim
930 1711 1079 1774 atque
1126 1704 1466 1757 obstinatione
1493 1703 1715 1774 quadam
1750 1704 1960 1771 nititur,

100 1819 209 1858 cum
232 1804 437 1857 ratione
463 1809 759 1873 superetur.
789 1800 985 1873 Agitur
1010 1801 1100 1856 hic
1127 1800 1194 1856 de
1218 1799 1519 1855 traditione
1555 1799 1854 1872 apostolica
1874 1800 1979 1856 Ro-

100 1917 274 1956 manae
317 1899 591 1965 Ecclesiae3
623 1899 714 1954 cui
739 1899 1177 1972 anteponendam
1207 1915 1328 1954 esse
1349 1900 1608 1953 rationem
1634 1897 1856 1954 doceret
1880 1899 1973 1976 Cy-

102 1997 350 2072 prianus,
382 1997 430 2053 si
461 1999 575 2052 haec
620 1998 687 2053 ab
714 1997 835 2072 ipso
866 1997 1070 2071 scripta
1105 1995 1359 2052 fuissent.
1399 1996 1515 2060 Qua
1546 1997 1719 2053 semel
1751 2002 1972 2071 recepta

107 2090 378 2160 doctrina,
406 2098 589 2165 posset
622 2092 856 2164 quilibet
883 2091 1196 2162 haereticus,
1228 2091 1482 2165 Cypriani
1516 2092 1846 2147 auctoritate
1878 2092 1983 2147 sre-

109 2190 221 2254 tuS,
240 2186 463 2256 rejicere
495 2187 644 2256 quod
672 2204 702 2240 a
720 2193 970 2258 tempore
991 2185 1367 2258 apostolorum
1393 2190 1658 2256 tanquam
1677 2191 1825 2240 recta
1844 2186 1980 2240 tides

114 2279 376 2333 traditum
407 2285 512 2348 est,
536 2285 587 2333 et
609 2280 914 2335 exclamare
942 2301 954 2333 t
977 2278 1204 2334 Frustra
1230 2281 1317 2350 qui
1342 2282 1546 2333 ratione
1572 2283 1846 2334 vincuntur
1864 2298 1982 2334 con-

116 2373 437 2428 suetudinem
464 2374 604 2427 nobis
644 2381 923 2446 opponunt.
965 2375 1132 2429 Porro
1172 2391 1242 2429 ne
1274 2374 1375 2429 hoc
1416 2375 1621 2430 erroris
1667 2382 1984 2430 monstrum

117 2467 379 2543 Cypriano
409 2469 778 2540 adscribatur,
805 2470 986 2526 obstat
1015 2476 1144 2526 nota
1167 2470 1343 2544 ipsius
1369 2471 1620 2526 doctrina
1653 2471 1710 2526 in
1736 2472 1878 2527 libro
1908 2473 1970 2526 (le

121 2565 325 2622 Unitate
362 2568 598 2623 Ecclesiae
647 2573 924 2624 contenta.
959 2567 1148 2631 Obstat
1179 2568 1326 2642 quod
1365 2587 1429 2624 eo
1453 2575 1720 2644 ,tempore
1767 2588 1990 2626 summa

118 2670 232 2719 erat
261 2663 407 2735 apud
440 2664 738 2720 catholicos
773 2682 966 2720 omnes
1005 2666 1431 2739 apostolicarum
1466 2667 1833 2724 traditionum
1862 2687 1994 2726 auc-

121 2760 310 2815 toritas
334 2784 344 2826 ;
379 2760 454 2815 ita
480 2762 625 2834 utLin
652 2780 990 2836 unaquaque
1022 2769 1206 2818 exorta
1234 2764 1541 2836 quaestione
1564 2765 1853 2822 videamus
1882 2773 1994 2823 sta-

128 2857 226 2911 tim
269 2874 329 2911 ac
377 2858 487 2914 {ere
524 2860 800 2918 exclusive
835 2861 903 2917 ad
941 2861 1204 2918 traditam
1250 2864 1319 2919 ab
1362 2864 1626 2938 apostolis
1681 2865 1999 2920 doctrinam

129 2970 438 3027 provocari.

204 3048 361 3105 Nota.
395 3049 672 3122 „Dubitavit
712 3059 940 3108 sanctus
982 3054 1325 3136 Augustinus
1369 3074 1506 3111 nurn
1542 3056 1772 3130 epistola
1820 3057 1934 3110 haec
1977 3073 2007 3111 a

134 3146 397 3219 Cypriane
430 3146 629 3220 scripta
671 3149 882 3205 suisset.
921 3150 1008 3206 Sic
1042 3151 1190 3206 enim
1219 3153 1383 3208 habet
1417 3154 1559 3208 libro
1594 3153 1638 3206 ΙΙ
1671 3160 1852 3208 contra
1887 3153 2007 3210 Gre-

135 3244 383 3309 sconiuni,
427 3243 604 3315 capite
648 3262 803 3298 xxxin
842 3266 854 3297 ε
900 3245 1028 3301 Cum
1071 3249 1206 3300 enim
1235 3251 1549 3320 persuadere
1582 3258 1880 3320 con-uretur,
1924 3250 2006 3304 vel

140 3339 195 3396 S.
234 3339 546 3412 Cyprianus,
574 3341 654 3395 vel
690 3343 988 3412 quicumque
1011 3341 1152 3396 illam
1182 3347 1391 3416 scripsit
1425 3346 1713 3418 epistolam,
1752 3352 1855 3402 etc.

213 3437 443 3492 Sanctus
485 3435 848 3510 Hieronymus
893 3437 1047 3492 illam
1090 3438 1315 3510 quidem
1350 3440 1614 3519 Cypriano
1652 3442 1873 3515 tribuit,
1910 3444 2006 3501 sed

142 3531 360 3589 libellum
388 3550 589 3589 vocans
618 3536 820 3606 (contra
860 3533 1265 3606 Luciferianos).
1781 3525 1785 3528 Δ
