2306 4010
806 204 936 254 PARS
967 199 1206 251 SECUNDA.
1866 204 1954 252 195

68 306 565 367 constitutionibus
611 309 983 381 acquiescere,
1036 310 1193 364 etiam
1230 308 1417 363 mentis
1459 306 1726 380 obsequio,
1775 324 1956 380 quan-

64 423 240 480 quam
276 403 529 460 'nondum
575 410 792 462 constet
837 405 904 461 de
948 403 1322 479 acceptatione
1363 420 1425 459 ac
1458 420 1734 459 consensu
1773 401 1956 460 Eccle-

72 501 307 561 siarum.
339 522 366 555 »
413 501 477 556 At
525 505 714 575 postea
763 501 954 557 edocet
999 500 1349 574 Sulpitianus
1401 500 1638 576 scriptor
1676 501 1954 574 quomodo

73 597 333 655 Gallicani
363 596 574 652 dictum
608 595 813 651 mentis
843 595 1172 668 obsequium
1201 602 1484 669 praestent,
1518 596 1655 670 quin
1680 597 1838 671 Papae
1871 596 1955 652 in-

76 694 462 752 fallibilitatem
486 682 802 749 ¹admittant
836 714 847 746 :
895 691 1261 746 «Gallicanus
1299 693 1581 764 praestabit
1623 694 1954 767 obsequium

80 793 298 864 mentis,
327 794 583 847 sincerum
609 790 858 863 quidem,
891 789 987 844 sed
1018 787 1189 843 veluti
1218 790 1595 858 quodammodo
1611 810 1955 863 suerNswtm,

81 908 208 947 cum
247 890 427 946 morali
458 887 790 944 certitudine
826 887 969 960 quod
1002 885 1247 941 Pontifex
1277 903 1470 940 sanam
1502 886 1815 944 doctrinam
1845 896 1958 946 tra-

85 987 284 1045 diderit
306 1009 332 1041 »
379 986 559 1060 (ibid.,
597 986 700 1042 col.
734 985 924 1057 1150).
959 983 1110 1039 Unde
1146 982 1480 1055 obsequioso
1509 983 1957 1042 Jansenistarum

82 1084 298 1141 silentio
330 1082 615 1140 substituit
649 1082 953 1138 modernus
983 1078 1329 1153 Sulpitianus
1355 1079 1687 1152 obsequium
1714 1083 1961 1152 quodam-

78 1181 230 1236 modo
254 1183 628 1253 suspensivum,
658 1186 711 1235 et
750 1198 881 1235 cum
918 1179 1104 1233 morali
1134 1179 1423 1233 dumtaxat
1466 1178 1601 1250 (non
1639 1184 1828 1234 autem
1872 1180 1962 1233 ab·

76 1276 264 1345 soluta)
306 1276 641 1332 certitudine
669 1275 735 1330 de
776 1274 1006 1329 veritate
1045 1273 1344 1328 Pontificiae
1382 1272 1718 1330 definitionis
1749 1274 1962 1348 praesti-

79 1377 222 1427 tum.
251 1372 352 1427 Sed
378 1372 707 1444 obsequium
734 1372 1110 1442 suspensimem,
1141 1369 1274 1444 quid
1313 1369 1466 1423 aliud
1495 1376 1577 1424 cst
1603 1388 1773 1441 quam
1804 1371 1963 1427 obse-

81 1468 276 1538 quium
304 1486 411 1540 quo
438 1485 698 1523 assensus
722 1466 1085 1536 sus-penditio?
1111 1464 1164 1518 Si
1192 1481 1483 1518 assensum
1509 1468 1803 1537 suspendia,
1833 1483 1962 1538 ergo

86 1577 194 1615 non
233 1568 476 1634 praestas,
521 1567 573 1616 et
620 1562 721 1614 hoc
755 1559 941 1632 ipsum
977 1558 1112 1613 facis
1150 1559 1298 1629 quod
1338 1558 1662 1615 damnatum
1710 1566 1810 1617 est.
1861 1562 1963 1627 Qui

83 1658 229 1714 circa
264 1658 691 1733 propositionem
736 1675 765 1712 a
807 1658 947 1730 Papa
978 1656 1259 1712 definitam
1305 1675 1596 1714 assensum
1637 1678 1804 1714 suum
1848 1680 1964 1715 sus-

77 1756 285 1825 pendit,
325 1755 425 1810 hoc
463 1754 583 1828 ipso
624 1755 692 1808 de
734 1753 886 1808 illius
927 1753 1315 1826 propositionis
1352 1755 1582 1810 veritate
1617 1754 1856 1823 dubitat,
1898 1773 1961 1811 ac

78 1848 312 1921 proinde
355 1848 433 1901 illi
476 1847 836 1922 propositioni
881 1865 1057 1919 neque
1097 1851 1302 1904 sincere
1342 1866 1520 1920 neque
1567 1867 1695 1904 cum
1753 1852 1959 1906 interno

79 1945 285 1999 mentis
315 1961 543 1999 assensu
574 1945 833 2000 adhaeret.
880 1945 1014 1999 Item
1043 1945 1139 2016 qui
1184 1946 1425 2002 admittit
1459 1948 1895 2022 propositionem
1932 1967 1962 2004 a

76 2038 219 2113 Papa
245 2038 525 2095 definitam
557 2045 822 2112 tanquam
845 2041 1116 2094 moraliter
1140 2041 1426 2099 dumtaxat
1461 2052 1675 2116 certam,
1709 2047 1813 2102 hoc
1836 2047 1958 2119 ipso

81 2151 202 2191 eam
235 2154 343 2191 non
390 2136 631 2191 admittit
672 2141 936 2208 tanquam
980 2138 1217 2192 absolute
1252 2144 1486 2194 certam.
1526 2141 1820 2198 Enimvero
1855 2161 1963 2198 mo-

75 2232 201 2284 ralis
232 2232 525 2298 certitudO,
560 2231 700 2286 nihil
726 2232 876 2286 aliud
912 2239 994 2287 est
1019 2250 1187 2302 quam
1220 2233 1416 2306 ingens
1443 2238 1826 2310 probabilitas,
1859 2259 1960 2296 nec

80 2324 313 2379 dubium
355 2325 612 2380 excludit.
654 2326 732 2379 En
775 2326 943 2396 igitur
985 2328 1314 2399 praeclarum
1361 2331 1614 2386 moderni
1658 2334 1958 2408 Sulpitiani

80 2419 363 2475 inventum
397 2440 408 2473 :
444 2426 702 2474 tenentur
732 2420 953 2492 quidem
982 2421 1188 2495 fideleS,
1228 2426 1432 2481 interno
1461 2430 1620 2483 etiam
1652 2436 1840 2487 mentis
1870 2436 1957 2490 ob-

79 2516 272 2585 εεᾳιιὶο,
309 2519 362 2568 et
389 2521 515 2569 ante
545 2515 894 2570 accedentem
925 2515 1291 2574 Ecclesiarum
1324 2539 1681 2595 consensum,
1709 2526 1954 2585 definitis

76 2627 108 2665 a
130 2610 267 2683 Papa
294 2610 589 2679 adbaerere;
631 2613 725 2667 sed
759 2614 860 2667 hoc
885 2620 1143 2685 praestare
1175 2616 1356 2672 valent
1383 2619 1665 2676 dubitando
1706 2623 1774 2679 de
1814 2627 1953 2681 veri-

73 2710 182 2761 tate
219 2706 537 2779 hujusmodi
578 2707 988 2776 definitionum,
1021 2715 1073 2763 ct
1098 2727 1262 2766 suum
1304 2714 1485 2784 quoad
1520 2733 1611 2772 eas
1654 2735 1946 2777 assensum

69 2803 444 2874 suspendendO‚
474 2802 529 2858 id
566 2786 670 2873 est,
703 2803 1035 2860 recusandol
1069 2805 1253 2862 Citatae
1282 2825 1574 2884 anonymae
1604 2814 1948 2876 dissertatio-

72 2897 158 2952 nis
178 2905 452 2955 auctorem
479 2899 872 2974 Sulpitianum,
906 2903 962 2956 id
989 2910 1071 2959 est
1097 2905 1388 2963 dominum
1412 2911 1566 2966 Icaid
1596 2916 1778 2986 (piout
1807 2918 1946 2971 mihi

73 3000 343 3050 assertum
370 2996 495 3069 est),
525 2996 683 3052 enixe
711 3015 843 3070 rogo
866 3005 926 3054 ut
953 3000 1087 3069 haec,
1118 3003 1309 3061 minus
1335 3007 1591 3064 consldel
1594 3015 1681 3066 ate
1712 3012 1944 3085 sciipta,

0 3128 1 3166 3
71 3106 238 3161 quam
263 3091 505 3164 primum
535 3099 791 3151 retractet
824 3114 887 3151 ac
915 3104 1158 3171 respuat.

145 3188 419 3245 Pnorosmo
455 3189 555 3247 VF.
583 3223 652 3232 —
684 3193 1018 3264 Infalltbilem
1067 3214 1179 3251 esse
1209 3199 1261 3252 in
1291 3199 1589 3270 definienda
1623 3205 1728 3273 fide
1753 3204 1943 3262 Roma-

68 3300 190 3338 num
205 3283 527 3359 Pontificem,
546 3298 722 3361 aperte
749 3293 985 3362 sequitur
1014 3310 1042 3346 e
1065 3301 1216 3348 sexta
1249 3312 1314 3349 ex
1346 3297 1604 3352 ‹Ianmatis
1627 3317 1724 3371 per
1749 3302 1944 3360 bullam

66 3380 327 3438 Auernum
358 3402 486 3439 rmm
514 3389 975 3459 propositionibus.
1000 3419 1069 3428 —
1093 3389 1252 3446 Sexta
1293 3392 1500 3449 scilicet
1541 3413 1570 3451 e
1608 3400 1801 3472 synodi
1828 3403 1944 3461 Pis-

67 3475 322 3534 toriensis
348 3481 838 3555 propositionibuS,
873 3481 952 3536 sic
970 3481 1232 3540 damnata
1258 3493 1370 3543 est:
1406 3489 1700 3552 «Doctrina
1723 3501 1939 3596 synodi,

67 3588 175 3644 qua
216 3575 504 3648 profitetur
539 3594 870 3652 persuasum
909 3577 1014 3634 sibi
1061 3597 1179 3639 esse
1226 3583 1559 3662 Episcopum
1599 3597 1878 3671 accepisse
1913 3619 1943 3657 a
