2262 3990
213 141 303 185 534
887 120 1183 176 'immarus
1213 127 1279 175 DE
1307 126 1455 175 PAPA.

212 245 558 321 postulantes
589 243 652 294 ut
675 255 800 292 eam
837 236 1211 307 examinaret,
1242 253 1306 293 ac
1330 234 1379 292 si
1398 251 1695 292 erroneam
1722 236 1784 292 in
1813 236 2002 312 aliquo
2031 240 2122 297 de·

212 338 606 415 prehenderet,
639 334 780 410 ipsis
809 334 1100 392 intimaret
1120 357 1131 403 ;
1155 352 1318 392 secus
1344 351 1403 390 se
1428 333 1498 389 ad
1527 333 1933 391 oecumenicam
1960 354 2125 412 syno-
2203 341 2213 350 '

211 438 346 491 dum
375 433 756 510 appellaturos
786 434 1197 508 significarunt.
1228 434 1348 490 Non
1374 438 1495 490 erat
1523 432 1826 509 appellatio
1849 433 1918 490 ab
1943 435 2128 510 aliquo
2204 438 2208 441 ’

210 535 432 590 decreto
454 532 763 605 Pontificio,
795 533 892 590 sed
933 534 1119 590 solum
1153 552 1182 589 a
1217 532 1486 606 denegata
1522 532 1763 607 justitia.
1797 565 1868 575 —
1889 533 2002 589 Sub
2022 533 2130 591 ini-

207 633 351 689 tium
384 627 707 700 saeculi'xW,
749 633 1046 709 Philippus
1084 633 1323 690 Pulcher
1363 631 1673 690 Galliarum
1714 651 1830 702 rex,
1865 633 2122 708 ajudicio

204 733 473 790 Bonifacii
493 733 605 789 Vlll
620 733 687 790 ad
709 734 1015 791 concilium
1035 734 1296 809 generale
1317 733 1753 809 appellationem
1768 734 2130 811 interposuit.

206 832 310 890 Sed
338 833 510 890 simul
531 835 908 892 contendebat
938 835 1291 893 Bonifacium
1325 852 1438 891 non
1471 852 1595 891 esse
1622 852 1819 892 verum
1848 853 1911 891 ac
1946 834 2130 908 legiti-

206 952 366 989 mum
380 932 726 1002 Pontifice1n3
747 935 898 991 unde
916 935 1351 1011 appellationem
1372 935 1515 990 hanc
1536 933 1795 1009 faciebat,
1811 953 1925 991 non
1940 940 2134 1009 quate-

205 1053 312 1090 nus
331 1035 521 1111 aPapa
541 1042 691 1093 certo
708 1042 761 1093 et
789 1036 1133 1105 indubitato,
1152 1036 1248 1093 sed
1269 1042 1551 1110 quatenus
1570 1054 1599 1092 a
1620 1036 1765 1111 Papa
1797 1034 1966 1092 dubio
1990 1059 1999 1103 ;
2030 1054 2131 1094 nec

203 1135 440 1210 proinde
466 1126 613 1193 valet
629 1136 840 1193 sactum
870 1135 1024 1193 istud
1051 1142 1323 1210 tanquam
1345 1135 1667 1211 exemplum
1695 1136 1939 1212 propriae
1966 1135 2129 1192 dictae

202 1236 594 1310 appellationis
621 1254 650 1292 a
682 1237 823 1311 Papa
855 1235 923 1291 ad
952 1235 1284 1292 concilium.
1326 1235 1597 1292 Praeterea
1643 1235 1792 1292 idem
1836 1235 2127 1312 Philippus

202 1353 294 1391 rex
322 1336 484 1391 enixe
513 1355 542 1391 a
583 1335 851 1392 Bonifacii
895 1337 1324 1393 successoribus
1359 1335 1668 1411 postulavit
1712 1334 2123 1392 absolutionem
2212 1360 2213 1364 ¹

204 1434 274 1489 ab
301 1435 910 1507 excommunicatione,
957 1455 1069 1512 qua
1099 1455 1159 1494 se
1195 1436 1533 1492 innodatum
1562 1436 1631 1493 ob
1677 1435 2001 1511 praedictam
2036 1454 2131 1511 ap-

201 1533 565 1606 pellationem
613 1535 813 1590 merito
847 1536 1169 1594 verebatur.
1199 1569 1277 1576 —
1302 1535 1513 1592 Saeculo
1553 1554 1636 1590 xvi
1691 1534 1991 1610 appellavit
2029 1533 2130 1591 Lu-

202 1632 398 1689 therus
443 1652 471 1689 a
507 1633 772 1702 LeoneX;
805 1639 856 1690 et
887 1634 1091 1690 saeculo
1138 1653 1252 1689 xvm
1295 1634 1653 1710 appellarunt
1697 1633 2053 1703 Jansenistae‚
2096 1650 2126 1690 a

205 1734 609 1790 constitutione
643 1733 1282 1809 Humanitas—Opinio
1323 1733 1554 1808 quidem
1579 1734 1676 1789 illa
1724 1732 1874 1807 quod
1912 1751 1942 1789 a
1985 1733 2126 1807 Papa

202 1831 372 1887 etiam
412 1832 731 1891 indubitato
765 1834 834 1890 ad
875 1834 1183 1891 concilium
1218 1834 1491 1910 appellari
1524 1834 1724 1910 possit,
1755 1851 1885 1890 suos
1931 1831 2124 1888 habuit

204 1930 524 1987 defensores
550 1939 804 2008 tempore
824 1934 1013 2006 magni
1045 1936 1370 1992 schismatis
1398 1953 1498 2010 per
1523 1934 1826 1992 concilium
1852 1934 2122 1990 Constan-

204 2031 386 2088 tiense
430 2032 662 2088 sublati.
701 2034 795 2090 Ast
842 2051 965 2090 eam
1017 2020 1146 2089 moi<
1197 2035 1400 2090 scholae
1451 2035 1740 2090 catholicae
1790 2034 2126 2107 rejecerant.

205 2130 414 2185 lterum
446 2137 637 2187 autem
682 2133 881 2189 revixit
913 2139 1169 2208 tempore
1200 2132 1465 2189 Ludovici
1495 2132 1627 2204 XIV,
1658 2129 2132 2188 contendentibus

203 2229 501 2285 Gallicanis
532 2229 807 2304 theologis
836 2231 1055 2299 multis,
1087 2249 1251 2306 posse
1287 2230 1561 2305 appellari
1601 2247 1631 2284 a
1663 2229 1806 2304 Papa
1835 2228 1904 2284 ad
1948 2216 2132 2284 conciss

206 2331 347 2386 lium
382 2330 439 2385 in
468 2331 705 2387 materia
738 2331 1093 2407 disciplinari
1118 2356 1127 2400 ;
1168 2332 1344 2387 immo
1369 2336 1422 2388 et
1449 2329 1635 2406 quoad
1662 2329 1788 2385 tidei
1825 2335 1877 2386 et
1903 2346 2128 2385 morum

208 2432 452 2503 decreta,
500 2433 751 2506 quandiu
800 2433 1070 2508 dispersae
1106 2432 1442 2490 universalis
1479 2430 1737 2487 Ecclesiae
1776 2429 1978 2486 tacitus
2025 2429 2133 2486 sal-

211 2539 320 2588 tem
369 2551 631 2590 assensus
678 2553 790 2589 non
828 2534 1147 2591 accesserit.
1179 2535 1388 2590 —Jam
1439 2551 1568 2589 vero
1607 2532 1696 2589 vel
1737 2549 1802 2587 ex
1846 2531 1988 2588 facto
2027 2531 2133 2588 isto

209 2632 500 2702 historice,
538 2633 689 2706 quod
736 2634 1144 2709 appellationes
1189 2652 1218 2689 a
1255 2633 1496 2691 decretis
1544 2630 1847 2688 Pontificiis
1879 2628 2029 2706 apud
2048 2647 2134 2687 ca-

210 2730 447 2787 tholicos
480 2749 578 2806 per
605 2740 685 2790 tot
718 2735 922 2790 saecula
964 2733 1236 2791 inauditae
1276 2734 1510 2805 fuerint,
1541 2730 1923 2805 colligendum
1962 2729 2131 2802 venit,

211 2850 445 2907 prorsus
487 2851 784 2890 erroneam
829 2852 951 2891 esse
994 2835 1288 2910 praefatam
1326 2835 1745 2891 Gallicanorum
1787 2832 2130 2909 opinionem.

213 2932 583 3008 Enimvero'si
603 2932 859 2990 doctrina
889 2935 958 2990 ab
982 2933 1368 3010 apostolorum
1393 2939 1650 3010 tempore
1682 2936 2010 2988 constanter
2027 2935 2134 2987 tra-

214 3032 330 3088 dita
372 3033 650 3107 ejusmodi
693 3035 1128 3110 appellationem
1177 3053 1205 3090 a
1241 3035 1386 3110 Papa
1433 3034 1502 3090 ad
1534 3033 1839 3090 concilium
1878 3050 1991 3089 non
2018 3048 2133 3088 res-

214 3132 428 3206 puisset
461 3137 736 3207 tanquam
766 3134 1120 3209 illegitimam
1157 3140 1211 3191 et
1247 3134 1450 3190 divinae
1480 3131 1910 3189 constitutionis
1951 3129 2133 3187 Eccle-

215 3232 310 3288 siae
331 3231 737 3305 subversivam‚
761 3234 858 3290 sed
878 3241 1107 3292 econtra
1132 3240 1405 3308 tanquam
1432 3233 1745 3308 legitimam
1765 3230 2130 3297 exhibuisset,

217 3328 427 3386 nedum
459 3331 727 3388 inauditae
766 3350 865 3408 per
902 3339 983 3390 tot
1009 3333 1213 3389 saecula
1238 3332 1422 3388 forent
1462 3331 1614 3408 apud
1651 3330 1961 3387 catholicos
1987 3329 2134 3403 eJus-

219 3429 370 3483 modi
399 3431 826 3506 appellationeS‚
871 3431 1348 3507 frequentissimae
1381 3431 1570 3508 potius
1612 3430 1671 3486 in
1699 3429 1934 3486 historia
1963 3425 2134 3483 eccle-

221 3524 442 3583 siastica
468 3538 848 3604 recurrerent,
873 3537 927 3589 et
946 3532 1295 3588 ordinariam
1327 3531 1582 3606 regendae
1611 3527 1867 3586 Ecclesiae
1893 3525 2130 3581 formam

220 3626 651 3686 constituerent.
685 3634 869 3689 Posito
905 3650 1111 3709 nempe
1161 3633 1313 3706 quod
1354 3632 1626 3688 traditum
1659 3630 1729 3684 ab
1759 3625 2028 3701 apostolis
2069 3637 2132 3679 ac
