2306 4010
908 207 1036 255 PARS
1066 206 1302 255 SECUNDA.
1958 210 2044 258 159

167 315 440 372 disserens
466 314 532 370 de
557 313 842 371 Pontificia
866 320 1136 388 potestate
1163 314 1222 369 in
1244 312 1571 389 temporalia
1595 314 1814 387 regum,
1838 332 2044 390 propu-

118 483 122 488 .
162 418 291 486 gnat
335 431 457 469 eam
503 430 671 488 penes
707 412 982 468 Romanos
1027 411 1340 481 Pontifices,
1386 411 1564 468 media
1598 407 1778 484 aetate,
1823 413 2044 469 stetisse

163 511 214 567 vi
250 490 541 584 cujusdam
580 510 726 583 juris
762 509 1009 582 gentium
1047 515 1185 565 tunc
1212 509 1534 579 obtinentis,
1567 509 1622 565 id
1650 515 1751 580 est,
1792 527 1858 566 ex
1891 528 2041 570 com-

163 608 323 664 muni
354 609 670 683 principum
696 624 988 664 consensu.
1018 606 1174 670 Quod
1203 611 1390 663 autem
1414 606 1510 663 illa
1538 607 1823 683 potiantur
1843 608 1895 665 vi
1930 608 2042 665 cla-

151 707 311 762 ·vium
337 726 367 763 a
393 706 604 762 Christo
640 704 991 770 traditarum,
1019 702 1087 757 ad
1130 702 1371 759 incertas
1404 711 1457 761 et
1496 705 1553 760 in
1588 712 1888 780 utramque
1918 725 2042 782 par-

159 810 271 859 tem
294 801 659 876 disputabiles
689 798 1023 872 quaestiones
1050 798 1249 870 rejicit

234 901 362 955 VIII.
404 900 462 954 ln
505 895 885 953 concinnanda
919 894 1243 951 collectione
1276 914 1446 968 quam
1489 915 1636 954 anno
1680 900 1823 957 1858
1865 903 2040 961 edidit

153 999 330 1069 Migne
371 996 476 1052 sub
509 994 674 1051 titulo
706 992 995 1065 Theoloqiae
1020 1010 1202 1047 cursus
1243 992 1551 1065 completae,
1584 1002 1936 1055 annotatorcs
1978 1019 2040 1056 ac

154 1094 451 1150 directores
489 1091 644 1146 fuere
691 1089 984 1165 Sulpitiani
1031 1089 1207 1160 lcard,
1259 1090 1463 1160 Galais,
1515 1091 1802 1164 Gosselin,
1845 1095 2035 1167 Lalou,

155 1196 318 1266 prout
343 1190 479 1245 mihi
510 1187 691 1246 testati
725 1193 854 1243 sunt.
888 1187 989 1242 viri
1017 1186 1122 1241 fide
1148 1186 1320 1259 digni.
1352 1188 1425 1243 Ac
1460 1188 1527 1244 de
1555 1188 1694 1262 ipsis
1723 1192 1916 1272 procu-l
1938 1193 2038 1248 du-

154 1288 241 1344 bio
271 1286 379 1359 agit.
406 1285 761 1360 potissimum
801 1284 1000 1356 Migne,
1045 1283 1178 1337 dum
1222 1283 1309 1338 edi
1349 1302 1488 1357 opus
1523 1285 1766 1341 declarat
1796 1288 2038 1359 plurimis

153 1385 510 1440 annotantibus
545 1384 858 1456 presbyteris
896 1383 965 1436 acl
1003 1382 1261 1436 docendos
1288 1381 1469 1437 levi-tas
1504 1382 1612 1437 alte
1640 1387 1845 1456 positis:
1892 1386 2036 1442 Obiit

152 1482 356 1555 aliquot
384 1483 450 1537 ab
478 1482 603 1536 hinc
631 1481 790 1536 annis
816 1479 1019 1550 GalaiS,
1049 1497 1213 1551 quem
1238 1485 1443 1534 norunt
1471 1497 1663 1534 omncs
1685 1487 2035 1537 constantem

153 1579 417 1635 Gallicani
461 1579 774 1654 systematis
815 1582 1305 1651 propugnatorem,
1342 1584 1508 1650 prout
1562 1578 1730 1633 etiam
1774 1580 2037 1635 exhibent
2118 1570 2122 1574 ³

156 1678 538 1752 manuscriptae
558 1677 960 1752 praelectioneS,
985 1676 1104 1748 ipso
1128 1674 1391 1742 dictante,
1419 1676 1486 1730 ab
1506 1676 1751 1731 alumnis
1774 1684 2029 1751 exceptae.

154 1772 490 1847 Sulpitianus
519 1773 652 1830 item
685 1780 767 1828 est
803 1790 1113 1846 anonymus
1144 1777 1338 1826 auctor
1371 1770 1778 1827 dissertationis
1808 1774 1871 1828 de
1897 1774 2026 1830 Con-

154 1872 411 1925 troversiis
451 1873 585 1926 circa
626 1871 992 1925 auctoritatem
1042 1868 1237 1924 Summi
1281 1868 1572 1939 PontificiS,
1622 1886 1743 1941 quae
1783 1870 1841 1924 in
1885 1870 2033 1926 dicto

154 1967 318 2022 Cursu
342 1967 592 2040 completo
620 1967 823 2022 inserta
847 1966 973 2037 fuit,
1000 1972 1042 2022 t.
1071 1965 1131 2036 V,
1159 1985 1211 2039 p.
1246 1965 1389 2020 1159
1420 1972 1472 2020 et
1497 1983 1612 2039 seq.

228 2065 285 2119 In
323 2064 421 2119 hac
454 2083 617 2138 porro
657 2063 1043 2119 dissertatione
1074 2069 1154 2134 <ut
1191 2062 1470 2136 specimen
1505 2063 1729 2136 aliquod
1756 2065 2033 2122 modernae

151 2159 463 2233 Sulpitianae
509 2161 771 2215 doctrinae
820 2160 1238 2231 exhibeamus),
1292 2160 1370 2214 sic
1417 2162 1614 2216 asserit
1665 2179 1979 2237 anonymus
2018 2185 2027 2215 :

159 2277 183 2305 «
211 2256 607 2310 Ultramontani
630 2258 742 2310 haec
765 2258 872 2309 duo
896 2256 1188 2310 admittere
1205 2256 1425 2326 debent,
1456 2276 1569 2327 quae
1586 2277 1772 2329 reapse
1804 2279 2030 2316 commu-

158 2371 184 2401 «
214 2353 346 2404 niter
367 2354 494 2404 satis
520 2353 746 2405 admissa
771 2353 1011 2405 videntur
1041 2370 1072 2405 α
1094 2352 1381 2423 plerisque.
1416 2354 1542 2408 1⁰...
1574 2355 1629 2408 2⁰
1647 2355 2027 2412 Definitionem

159 2467 185 2496 «
214 2464 307 2501 seu
349 2446 797 2502 constitutionem
836 2465 866 2501 a
906 2446 1135 2501 Summo
1165 2446 1422 2502 Pontificc
1460 2449 1627 2503 etiam
1670 2469 1732 2505 ex
1764 2453 2025 2507 cathedra

158 2564 184 2594 «
216 2544 440 2600 docente
474 2545 699 2610 editam,
726 2563 830 2599 non
855 2563 967 2599 esse
989 2547 1278 2615 perfectam
1319 2553 1367 2600 et
1403 2549 1754 2602 omnimodam
1793 2551 2023 2620 requlam

152 2662 178 2692 «
206 2642 324 2713 fidei
357 2629 634 2705 catholicae,
669 2660 827 2714 nsque
846 2643 965 2696 dum
993 2645 1269 2696 accesserit
1294 2661 1574 2698 consensus
1599 2644 1970 2717 Episcoporum
1996 2669 2022 2700 »

144 2738 314 2807 (tomo
337 2738 524 2809 citat0,
543 2739 647 2794 col.
673 2738 858 2810 1144).
902 2739 1132 2793 Notetur
1156 2739 1427 2812 perfidum
1453 2740 1832 2812 mendacium,
1854 2744 2020 2799 nimi-

144 2852 266 2889 rum
309 2823 527 2890 concedi
563 2854 592 2890 a
628 2835 882 2891 Romanae
914 2835 1181 2891 doctrinae
1220 2836 1628 2910 defensoribus,
1677 2840 2018 2896 pontificiam

91 2927 98 2933 “
140 2947 204 2984 ex
245 2932 500 2987 cathedra
546 2931 919 2989 definitionem
963 2951 1068 2988 non
1120 2952 1233 2989 esse
1274 2937 1563 3007 perfectam
1610 2936 1842 3009 regulam
1894 2939 2020 3008 fidei

143 3029 419 3102 catholicae,
444 3037 569 3087 ante
604 3031 952 3087 accedentem
983 3031 1380 3106 Episcoporum
1415 3052 1774 3090 consensum.
1803 3035 2014 3090 Nedum

143 3125 195 3180 id
252 3127 570 3197 concedant,
631 3129 733 3184 toti
783 3137 914 3185 sunt
973 3131 1031 3185 in
1078 3131 1419 3205 explodendo
1476 3150 1661 3188 errore
1721 3133 1849 3187 isto.
1916 3132 2016 3187 Do-

139 3230 263 3278 cent
309 3223 555 3281 videlicet
597 3226 935 3283 Pontifici-am
981 3228 1364 3285 definitionem
1414 3230 1549 3284 adeo
1594 3247 1714 3284 esse
1759 3230 2009 3301 regulam

137 3320 260 3376 fidei
296 3322 597 3393 catholicae,
627 3330 688 3379 ut
717 3325 951 3398 quilibet
978 3326 1173 3397 fidelis,
1220 3327 1334 3380 sive
1368 3327 1546 3380 laicus
1576 3325 1667 3393 sit,
1702 3326 1815 3381 sivo
1840 3328 2006 3384 etiam

136 3417 448 3492 Episcopus,
488 3421 712 3476 omnino
750 3427 1004 3478 teneatur
1044 3423 1253 3476 credere
1298 3423 1487 3494 absque
1530 3422 1640 3476 ulla
1681 3424 2008 3482 haesitatione

135 3524 182 3570 et
217 3534 328 3572 cum
362 3537 482 3574 vero
508 3523 700 3574 interni
735 3522 894 3574 animi
925 3522 1188 3591 obsequie,
1218 3520 1364 3591 quod
1392 3520 1730 3576 credendum
1756 3523 2002 3581 definivit

137 3629 196 3666 ex
225 3613 480 3670 cathedra
514 3616 776 3670 Summus
811 3613 1078 3680 Pontifex3
1108 3613 1271 3685 idque
1300 3615 1466 3670 etiam
1499 3623 1792 3692 antequam
1822 3637 2002 3675 acces-
