2262 3990
809 88 940 136 PARS
967 86 1166 136 mam.
1833 82 1923 128 595
1943 130 1946 133 ,
1998 117 2003 122 .

63 199 233 273 major
260 179 527 252 intensive
559 192 678 250 dari
710 199 911 269 potest.
944 193 1022 251 De
1049 194 1190 268 [acto
1231 195 1413 248 autem
1438 189 1770 264 quandoque
1804 205 1918 246 non

62 293 283 364 sufficit,
313 292 458 351 sicut
483 309 586 351 nec
626 292 956 366 quandoque
986 286 1547 348 sufficit-oecumenici
1570 286 1789 345 concilii
1826 286 1924 373 ἀεῖ

60 387 233 446 finitio
254 431 271 460 ,
321 390 391 446 ob
443 388 748 446 errantium
804 387 1014 444 scilicet
1078 385 1459 462 pertinaciam.
1538 382 1692 441 Unde
1745 372 1924 441 inanis

59 506 285 563 prorsus
309 493 390 544 cst
424 487 657 561 objectio
694 505 759 543 ex
786 486 954 543 citato
984 485 1178 543 Leonis
1208 489 1359 542 textu
1384 481 1637 541 deducta.

132 585 354 659 objectio
385 587 557 643 tertia.
587 585 930 642 —Absoluto
961 582 1391 641 chalcedonensi
1417 581 1672 651 concilio,
1701 580 1927 656 scripsit

62 690 285 741 sanctus
308 682 405 741 Leo
436 685 503 740 ad
530 683 955 751 Theodoretum,
988 682 1047 737 in
1073 682 1225 738 hunc
1257 681 1487 738 modum
1514 701 1526 733 :
1561 701 1589 733 «
1619 678 1932 737 Gloriamur

59 781 116 838 in
140 781 390 851 Domine,
431 797 558 838 cum
585 781 851 856 propheta
885 784 1170 847 canentes,
1209 778 1550 851 adjutorium
1576 783 1848 835 nostrum·
1871 777 1931 833 in

59 878 280 935 nomine
303 878 512 935 Domini
549 877 647 951 qui
680 876 809 934 fecit
848 875 1048 933 coelum
1084 881 1140 931 et
1166 869 1407 931 terram:
1438 877 1534 949 qui
1573 876 1795 932 nullum
1830 894 1929 932 nos

61 976 115 1031 in
139 975 341 1032 nostris
367 974 632 1031 fratribus
657 973 1055 1031 detrimentum
1075 970 1351 1028 sustinere
1376 972 1629 1046 permisit
1652 997 1662 1039 ;
1691 973 1784 1029 sed
1803 991 1928 1046 quae

58 1082 231 1130 nostro
244 1076 384 1147 prius
400 1074 685 1128 ministerio
701 1072 991 1144 definierat,
1015 1070 1280 1127 universae
1299 1070 1665 1128 fraternitatis
1681 1075 1926 1129 irretrac-

60 1145 206 1227 tabili
237 1171 462 1241 firmavit
485 1187 717 1242 assensu,
750 1175 811 1224 ut
841 1186 967 1225 vere
994 1187 1023 1224 a
1048 1186 1104 1224 se
1131 1167 1401 1242 prodiisse
1422 1167 1755 1237 ostenderet,
1777 1169 1926 1241 quod

62 1267 215 1342 prius
243 1286 273 1323 a
298 1267 476 1341 prima
494 1267 746 1324 omnium
780 1268 907 1324 sede
930 1268 1250 1336 formatum,
1275 1267 1446 1323 totius
1463 1266 1750 1324 christiani
1779 1266 1930 1322 orbis

58 1364 330 1437 judicium
362 1364 682 1439 recepisset;
712 1371 773 1420 ut
816 1365 874 1421 in
921 1366 1024 1421 hoc
1067 1382 1287 1439 quoque
1327 1364 1494 1438 capiti
1525 1365 1777 1421 membra
1802 1383 1930 1421 con-

64 1463 304 1519 cordent.
318 1504 355 1518 ..
379 1463 511 1519 Nam
533 1481 603 1519 ne
624 1463 858 1520 aliarum
883 1464 1098 1520 sedium
1128 1464 1195 1519 ad
1216 1481 1358 1532 eam,
1392 1453 1557 1537 quam
1577 1463 1791 1520 caeteris
1812 1483 1931 1519 om-

63 1560 217 1617 nium
245 1562 509 1618 Dominus
543 1563 736 1618 statuit
771 1563 1083 1637 praesidere,
1121 1581 1424 1620 consensus
1455 1563 1754 1619 assentatio
1784 1563 1928 1619 vidc-

62 1663 233 1728 retur,
265 1665 358 1715 aut
393 1659 500 1715 alia
529 1659 786 1733 quaelibct
830 1661 1127 1734 subrepere
1166 1667 1351 1735 posset
1382 1661 1607 1717 adversa
1658 1661 1923 1735 suspiciO,

59 1752 262 1809 inventi
282 1755 439 1829 prius
463 1762 591 1812 sunt
624 1756 719 1829 qui
746 1756 812 1812 dc
831 1757 1058 1830 judiciis
1084 1758 1289 1814 nostris
1312 1758 1675 1829 ambigerent.
1702 1758 1764 1813 Et
1788 1759 1919 1814 dum

58 1851 334 1921 nonnulli,
358 1870 387 1908 a
410 1852 770 1909 dissensionis
796 1853 1005 1909 incitati
1037 1860 1282 1927 auctore,
1317 1855 1386 1910 ad
1409 1855 1919 1910 contradictionum

57 1947 194 2004 bella
221 1936 537 2022 prosiliunt,
562 1950 630 2004 ad
662 1949 842 2022 majus
867 1951 1098 2023 bonum,
1130 1952 1275 2007 malo
1312 1952 1455 2024 ejuS,
1492 1957 1717 2008 auctore
1755 1953 1927 2009 totius

56 2043 312 2100 bonitatis
344 2044 713 2118 dispensante,
747 2053 1072 2120 perventum
1108 2052 1259 2103 est...
1304 2048 1425 2122 Ipsa
1463 2066 1685 2122 quoque
1725 2049 1925 2104 veritas

51 2146 99 2197 et
129 2140 332 2197 clarius
362 2142 641 2199 renitescit
662 2150 710 2200 et
743 2144 940 2201 fortius
968 2145 1258 2212 retinetur,
1292 2145 1425 2200 dum
1453 2164 1576 2218 quae
1602 2146 1736 2201 tides
1762 2147 1920 2220 prius

52 2239 310 2296 docuerat
347 2241 592 2313 (intelliqe
628 2260 720 2314 per
760 2245 1031 2315 epistolam
1074 2244 1140 2298 acl
1174 2243 1525 2314 Flavianum),
1573 2245 1687 2299 haec
1733 2252 1921 2317 postea

52 2336 384 2392 examinatio
426 2337 785 2394 confirmarit.
822 2340 1053 2396 Multum
1093 2339 1334 2412 denique
1368 2339 1724 2396 sacerdotalis
1754 2341 1918 2398 officii

57 2435 315 2491 meritum
341 2434 688 2507 splendescit,
715 2436 808 2492 ubi
830 2438 908 2493 sic
931 2456 1279 2494 summorum
1310 2445 1560 2495 servatur
1593 2439 1917 2510 auctoritas,

56 2536 114 2585 nt
146 2530 202 2585 in
234 2530 386 2586 nullo
419 2531 728 2602 inferiorum
757 2540 967 2605 putetur
1004 2536 1278 2589 imminuta
1305 2536 1516 2590 libertas
1537 2557 1552 2587 :
1581 2536 1723 2591 etad
1750 2540 1921 2611 majo-

58 2644 173 2683 rem
195 2626 282 2682 Dei
307 2626 538 2698 gloriam
567 2628 781 2701 proficit
800 2629 924 2686 sinis
955 2631 1247 2701 examiniS‚
1280 2633 1501 2704 quando
1525 2634 1593 2688 ad
1620 2635 1725 2689 hoc
1752 2653 1810 2691 sc
1835 2654 1923 2692 ac-

57 2722 187 2796 cipit
207 2723 462 2779 exerendi
482 2723 701 2801 fiducia,
722 2733 784 2782 ut
800 2726 1050 2784 vincatur
1068 2729 1413 2786 adversitas»
1439 2733 1696 2806 (Operum
1718 2733 1770 2790 S.
1793 2735 1920 2791 Leo-

61 2817 147 2872 nis
173 2819 329 2891 epist.
357 2838 473 2892 cxx,
497 2821 631 2878 alias
655 2843 789 2894 xcm,
809 2842 930 2899 cap.
968 2829 1026 2897 ι).

136 2913 208 2967 Ex
239 2915 338 2970 hoc
364 2922 517 2973 textu
553 2918 633 2974 sic
656 2921 858 2977 inferre
885 2922 1011 2977 licet
1038 2944 1049 2976 ε
1073 2923 1205 2980 Cum
1236 2924 1382 2980 dicat
1409 2931 1636 2981 sanctus
1661 2927 1786 2997 Leo,
1815 2946 1925 3001 (111ae

65 3009 243 3081 (Deus)
273 3019 447 3067 nostro
470 3015 616 3084 prius
646 3018 927 3074 ministerio
962 3020 1260 3092 definierat,
1304 3024 1553 3077 universae
1573 3024 1923 3094 fraternitatis

62 3104 418 3160 irretractabili
431 3109 657 3178 firmavit
674 3128 909 3180 ctssensu,
932 3113 1033 3168 hoc
1061 3113 1179 3188 ipso
1198 3117 1445 3188 agnoscit
1460 3118 1738 3190 judicium
1755 3138 1919 3177 suum

65 3219 172 3257 non
200 3201 368 3258 fuisse
396 3205 769 3262 irretractabile
796 3227 893 3264 seu
928 3209 1234 3285 insaliibile,
1266 3222 1393 3271 ante
1422 3233 1714 3273 assensum
1742 3221 1925 3276 conci·

65 3298 158 3365 lii;
197 3317 317 3369 seu,
345 3300 470 3357 aliis
500 3303 772 3374 terminis,
807 3308 1054 3378 agnoscit
1093 3309 1324 3366 Romani
1357 3313 1631 3372 Pontificis
1648 3317 1923 3390 judicium

66 3413 176 3452 non
200 3413 320 3452 csse
340 3396 739 3457 irretractabile
762 3401 870 3458 nisi
891 3421 922 3461 a
955 3405 1192 3464 concilio
1213 3411 1551 3482 approbetur
1578 3421 1633 3471 et
1655 3416 1918 3475 confirmo

65 3497 174 3546 tur.
205 3492 357 3556 Quod
380 3492 530 3549 idem·
555 3503 638 3552 cst
664 3515 727 3552 ac
761 3516 1057 3570 agnoscere
1095 3503 1317 3559 concilii
1348 3523 1514 3580 supra
1540 3508 1736 3584 Papam
1763 3519 1923 3570 aucto
