2262 3990
923 766 1295 855 INDEX

385 991 672 1052 IUXTA
730 989 1347 1055 MATERIARUM
1408 993 1817 1091 ORDJNEM

1002 1162 1122 1200 Tonl
1157 1164 1208 1201 11.

887 1629 1156 1697 PARS
1241 1630 1323 1698 ll

978 1755 1242 1798 (coxrixunun)

379 1893 461 1927 ΒΣ
498 1892 759 1929 neusin
798 1894 1185 1929 Poura-‘11:18
1228 1894 1839 1931 lul-'Attanuarrrn

227 2051 314 2091 Cn».
345 2051 390 2090 X.
414 2074 466 2081 —
493 2052 607 2097 Quod
627 2063 736 2092 anno
763 2051 865 2092 1682
887 2053 987 2093 cleri
1015 2051 1212 2103 gallicani
1240 2059 1471 2094 conventus
1496 2053 1586 2094 suis
1605 2059 1789 2104 quatuor
1808 2054 1932 2118 arti-‘

275 2118 380 2159 culis
404 2119 642 2167 declaravit,
677 2121 832 2160 nedum
870 2125 1069 2171 tanquam
1107 2121 1335 2161 auctoritas
1375 2120 1529 2162 adduci
1565 2126 1708 2173 queat,
1742 2133 1819 2173 pro
1851 2122 1920 2162 in-

278 2186 394 2238 genti
411 2187 749 2238 praevaricatione
770 2199 817 2227 ac
836 2187 1028 2227 scandalo
1047 2187 1285 2227 habendum
1309 2194 1371 2227 est
1380 2219 1910 2231 ...........

277 2253 301 2304 5
325 2253 363 2291 1.
388 2274 441 2283 -
469 2252 607 2292 Series
638 2254 986 2294 documentorum
995 2282 1911 2298 ..................

328 2321 624 2361 Documentum
648 2322 680 2361 1.
717 2343 769 2351 —
793 2321 994 2372 Excerpta
1016 2332 1039 2361 e
1063 2321 1195 2362 diario
1221 2321 1341 2363 l'Ami
1359 2322 1411 2362 de
1430 2322 1472 2361 Ia
1495 2321 1682 2374 Reliqion
1692 2351 1915 2366 .....

327 2389 623 2429 Documentum
648 2389 713 2430 .II.
739 2410 791 2418 —
822 2389 1043 2438 Quomodo,
1071 2394 1179 2430 teste
1208 2391 1370 2441 Hem-y,
1405 2395 1576 2430 exortus
1613 2390 1668 2430 sit
1699 2390 1920 2431 conflictus

380 2457 486 2497 circa
504 2457 702 2497 moniales
725 2463 954 2499 conventus
978 2458 1030 2498 de
1055 2458 1265 2499 Charonna
1277 2487 1913 2503 .............

331 2524 626 2564 Documentum
648 2524 723 2565 III.
748 2547 801 2554 —
826 2525 936 2565 Notae
962 2537 1068 2577 quas
1088 2525 1398 2577 manuscriptas
1418 2525 1593 2576 reliquit
1609 2525 1778 2578 Fleury.
1796 2558 1806 2568 .
1850 2556 1859 2566 .

327 2591 621 2633 Documentum
643 2593 708 2634 IV.
732 2617 783 2624 —
811 2593 985 2646 Epistola
1023 2594 1319 2646 gubernatoris
1352 2594 1520 2634 Roulier
1553 2594 1604 2634 ad
1637 2595 1802 2646 regium
1831 2595 1915 2635 mi-

373 2659 574 2707 nistrum,
594 2649 675 2712 qua
695 2661 828 2701 refert
845 2673 967 2701 suum
987 2674 1084 2702 cum
1104 2662 1421 2715 Archiepiscopo
1439 2662 1618 2714 Aquensi
1641 2662 1914 2714 colloquium,

379 2733 418 2768 et
442 2739 491 2768 ex
518 2740 597 2780 qua
626 2734 785 2770 constat
808 2730 1026 2781 deputatos
1044 2736 1270 2771 conventus
1296 2730 1395 2770 anni
1419 2730 1537 2779 1682,
1565 2742 1649 2771 non
1675 2730 1819 2780 libere,
1844 2731 1916 2771 sed

372 2793 547 2845 jubente
571 2800 613 2836 et
636 2807 704 2836 eos
723 2796 967 2848 designante
992 2798 1115 2849 Rege,
1136 2797 1264 2838 fuisse
1287 2797 1486 2840 electos..
1532 2831 1540 2839 .
1586 2831 1594 2839 .
1636 2829 1646 2839 .
1691 2829 1700 2839 .
1740 2830 1750 2839 .
1791 2827 1803 2839 .
1843 2827 1856 2838 .

329 2861 623 2901 Documentum
656 2863 696 2904 V.
729 2885 783 2892 —
805 2863 1091 2916 Manuscriptae
1121 2863 1508 2912 animadversiones,
1536 2864 1647 2904 inter
1674 2865 1810 2903 cat-'tas
1833 2863 1916 2902 mi-

381 2927 506 2966 nistri
548 2929 709 2970 colbert
749 2935 942 2982 repertae,
976 2931 1131 2983 quibus
1151 2937 1381 2972 conventus
1406 2932 1503 2971 anni
1539 2930 1657 2979 1682,
1686 2931 1798 2970 inter
1817 2929 1916 2975 alia,

382 2993 666 3046 redarguitur,
687 2997 798 3048 quod
821 2997 1008 3048 deputati
1030 3009 1292 3049 nequaquam
1319 2997 1480 3038 fuerint
1497 2997 1628 3038 libere
1645 2996 1801 3038 electi..
1843 3026 1856 3037 .
1897 3026 1908 3037 .

328 3059 621 3101 Documentum
643 3062 703 3103 VI.
716 3085 770 3094 --
789 3063 1035 3116 Excerptum
1055 3076 1102 3104 ex
1120 3076 1246 3116 opere
1267 3065 1484 3124 Mdmoires
1502 3065 1555 3106 de
1571 3065 1742 3114 Cosnac,
1763 3076 1812 3105 ex
1832 3076 1915 3115 quo

380 3127 521 3177 palam
549 3128 596 3168 fit
621 3129 836 3181 deputatos
874 3132 925 3171 ad
961 3137 1212 3173 conventum
1251 3132 1350 3173 anni
1385 3132 1503 3182 1682,
1542 3144 1626 3173 non
1664 3132 1811 3178 libere,
1843 3131 1916 3177 sed

380 3194 503 3245 jussu
526 3195 647 3247 Regis
672 3196 821 3238 electos
845 3197 978 3239 fnisse
983 3225 1911 3242 ...................

328 3264 621 3304 Documentum
645 3266 726 3306 VII.
744 3288 796 3296 -—
818 3267 1010 3318 Epistolae
1034 3267 1216 3308 ministri
1239 3267 1291 3308 de
1311 3267 1543 3320 Seignelay‚
1568 3268 1723 3320 quibus
1740 3273 1914 3316 constat,

379 3331 423 3372 in
449 3332 649 3384 eligendis
682 3334 884 3375 membris
917 3341 1143 3376 conventus
1184 3335 1286 3376 cleri
1321 3335 1422 3376 anni
1453 3335 1572 3387 1682,
1611 3348 1695 3377 non
1723 3336 1915 3377 relictam

380 3399 629 3449 libertatem,
652 3399 723 3441 sed
752 3400 873 3451 jussu
894 3402 1011 3454 regio
1034 3402 1175 3443 omnia
1199 3408 1366 3455 peracta
1376 3433 1906 3447 ...........

330 3466 626 3509 Documentum
655 3468 759 3509 VIII.
793 3491 846 3500 -
875 3468 1122 3521 Excerptum
1145 3482 1194 3511 ex
1218 3482 1343 3522 opere
1367 3471 1580 3512 Memoires
1605 3471 1657 3512 de
1687 3471 1821 3514 l’abbe
1843 3474 1915 3514 Le-

381 3532 551 3586 9eru1re,
582 3539 742 3576 testans
770 3535 1093 3576 declarationem
1120 3542 1301 3589 quatuor
1331 3537 1608 3581 articulorum
1639 3539 1798 3592 ubique
1825 3541 1916 3595 fere

380 3600 569 3654 qenerali
592 3601 878 3654 indignatione
906 3603 1118 3656 repulsam
1140 3604 1265 3647 fuisse
1275 3634 1911 3654 .............

1996 2996 2047 3037 10

1995 3195 2047 3237 14

1994 3405 2046 3447 15

1999 3606 2050 3649 16
