2262 3990
873 231 1128 279 APPmlx.
1841 229 1930 274 695

60 358 373 419 oppositionis,
399 370 532 419 quam
555 370 638 405 suo
663 363 865 417 tempore
897 354 1141 416 patiebatur
1167 354 1371 401 doctrina
1403 353 1462 399 de
1489 351 1674 398 Romani
1709 350 1928 398 Pontificis

73 432 121 477 in
153 431 253 478 fidei
276 430 603 479 delinitionibus
626 431 948 485 infallibilitate,
985 430 1257 490 praecipuam
1290 442 1470 480 causam
1501 426 1692 473 existere
1724 425 1930 471 declara-

70 506 238 551 tionem
264 519 500 552 concessus
519 505 788 562 Parisiensis,
811 506 916 553 anni
946 504 1079 559 1682,
1106 505 1161 551 ad
1183 519 1283 551 eam
1309 519 1362 551 ex
1385 503 1585 564 professo
1615 501 1931 548 confutandam

71 593 169 626 sese
191 580 384 632 accinsit,
419 586 464 625 et
495 580 801 639 supradictum
838 580 1107 639 opusculum
1143 579 1300 627 edidit.
1338 579 1438 625 Erat
1477 578 1563 638 ipsi
1600 576 1815 623 Gallicana
1849 577 1933 624 ista

68 654 304 702 declaratio
334 654 472 702 veluti
497 655 639 715 spina,
661 669 748 714 qua
764 669 842 701 cor
863 654 962 714 ejus
993 655 1351 712 transfigebatur.
1382 670 1403 696 ι

126 729 174 775 ln
195 730 351 776 eodem
381 743 515 788 opere
545 730 723 777 Santita
752 743 778 777 e
807 731 1019 777 Doctrina
1043 730 1111 777 del
1144 731 1195 776 B.
1227 730 1423 789 Alsonso,
1457 743 1503 788 p.
1542 726 1650 781 204,
1685 727 1836 775 videre
1867 733 1935 775 est

68 809 260 863 quantus
283 804 417 850 fuerit
439 804 579 850 sancti
602 804 684 850 viri
715 804 840 851 dolor
864 817 1005 864 quum
1027 804 1188 863 prodiit
1219 803 1432 862 pestilens
1460 802 1664 849 Febronii
1698 803 1933 862 scriptum,

68 884 112 926 et
131 882 293 937 quanta
309 879 548 938 diligentia.
568 879 670 925 licet
678 877 775 937 jam
789 884 917 925 aetate
935 878 1176 935 decrepita,
1202 878 1312 924 illud
1336 878 1648 932 confutaverit,
1669 878 1936 924 vindicando

70 949 350 1010 potissimum
374 950 570 996 Romano
596 950 793 997 Pontifici
822 950 1144 996 infallibitatem
1179 954 1390 1008 et.supra
1423 950 1668 995 concilium
1702 951 1940 995 auctorita-

69 1030 175 1071 tem.
206 1024 263 1069 De
283 1037 369 1083 qua
393 1037 600 1083 suprema
625 1022 842 1070 Pontifiris
863 1023 1122 1070 auctoritate
1145 1028 1254 1069 tunc
1291 1022 1347 1068 ad
1378 1022 1615 1082 quemdam
1641 1023 1818 1081 scripsit
1841 1023 1940 1069 haec

69 1099 194 1145 valde
217 1099 404 1145 notanda
436 1098 567 1145 verba
593 1115 603 1143 :
629 1098 718 1146 Son
748 1107 913 1160 pronto
937 1114 965 1144 a
994 1099 1079 1145 dar
1107 1099 1152 1144 la
1187 1099 1284 1145 vita
1318 1111 1398 1157 per
1448 1097 1738 1157 disenderla,·
1773 1097 1939 1158 perche

68 1174 180 1220 lolta
197 1182 364 1233 questa,
392 1174 415 1218 ἐ
435 1172 632 1232 perduta
652 1174 888 1221 l'autorita
910 1174 1030 1221 della
1055 1175 1230 1230 Chiesa,
1252 1176 1276 1220 e'
1293 1173 1486 1235 perduta
1503 1173 1549 1219 la
1573 1173 1672 1231 sede
1695 1173 1938 1233 (Actorum

70 1248 116 1294 in
144 1262 273 1294 causa
294 1249 647 1302 canonizationiS,
675 1249 759 1294 vol.
788 1249 823 1301 Ι,
848 1263 966 1295 sum.
988 1265 1032 1309 p.
1058 1250 1182 1311 230).

132 1323 357 1368 Dissimilis
380 1337 486 1369 sane
511 1329 689 1371 sanctus
708 1324 777 1369 vir
804 1326 858 1371 ab
883 1325 974 1371 illis
998 1325 1148 1371 Galliae
1176 1325 1469 1385 scriptoribus
1509 1329 1554 1369 et
1593 1324 1937 1370 seminariorum

73 1397 410 1457 professoribus,
435 1398 527 1456 qui,
555 1404 787 1458 postquam
816 1406 1104 1446 asseruerunt
1141 1406 1378 1460 utramque
1407 1399 1666 1459 opinionem
1700 1399 1745 1443 in
1776 1400 1939 1445 scholis

75 1471 318 1525 catholicis,
346 1472 580 1518 fatentibus
604 1474 839 1533 utriusque
862 1476 1280 1534 propugnatoribus,
1308 1488 1407 1520 esse
1439 1475 1617 1520 licitam
1649 1487 1700 1519 ac
1725 1473 1936 1527 liberam,

75 1551 118 1591 et
137 1546 314 1604 egregio
346 1546 422 1593 illo
445 1547 690 1601 mendacio,
715 1549 801 1608 ipsi
837 1549 947 1595 olim
972 1550 1163 1609 decepti,
1203 1549 1404 1608 juniores
1427 1548 1614 1593 clericos
1643 1548 1938 1606 deceperunt,

74 1618 350 1678 subjungunt
373 1622 491 1679 parvi
516 1624 729 1668 momenti
751 1637 850 1670 esse
877 1625 1094 1683 ejusmodi
1120 1625 1286 1671 scholae
1308 1623 1651 1684 disputationes;
1686 1637 1832 1682 neque
1856 1624 1941 1669 hoc

74 1692 127 1738 ad
151 1699 317 1739 certam
340 1701 383 1740 et
407 1698 646 1743 tenendam
673 1698 923 1744 doctrinam
947 1700 1186 1758 pertinere.

133 1765 177 1810 2⁰
187 1767 450 1815 Docti-inam
461 1768 954 1831 deRbmaniPontificis
967 1771 1313 1829 infallibilitate,
1326 1783 1379 1816 ac
1395 1770 1535 1829 ipsius
1550 1782 1686 1828 supra
1698 1768 1940 1815 concilium

72 1844 359 1896 auctoritate,
383 1846 675 1904 propuynavit
706 1852 889 1891 sanctus
922 1846 1171 1906 Alphonsus
1199 1846 1456 1905 Liquorius,
1483 1850 1534 1890 ut
1558 1845 1743 1890 omnino
1765 1849 1939 1890 certam

68 1928 122 1961 ac
133 1917 392 1970 tenendam.·
409 1920 685 1965 contrariam
702 1933 808 1966 vero
828 1919 1107 1966 Gallicanam
1125 1922 1380 1980 opinionem
1400 1933 1487 1966 non
1510 1918 1670 1964 habuit
1684 1925 1734 1964 ut
1752 1918 1941 1964 liberam

68 2001 122 2034 ac
138 1988 330 2042 licitam,
342 1989 419 2035 sed
438 1990 725 2050 impuqnavit
742 1998 957 2051 tanquam
973 1999 1094 2039 certo
1114 1992 1428 2050 rejiciendam,
1443 1999 1487 2038 et
1507 1989 1766 2037 auctoribus
1782 1991 1943 2037 adhae-

68 2063 204 2110 rendo
227 2067 304 2124 qui
327 2079 477 2109 pes-rm:
508 2072 551 2111 et
577 2080 731 2110 timess
756 2079 961 2111 monium
997 2081 1099 2113 eam
1136 2073 1498 2113 censuerunt.—
1525 2084 1543 2110 α
1562 2064 1819 2111 Communis
1842 2080 1941 2111 sen·

65 2139 221 2189 tentia,
243 2139 316 2184 cui
342 2152 422 2185 nos
454 2139 791 2193 subscribimus,
826 2147 893 2187 est
926 2143 1061 2201 quod,
1093 2142 1198 2188 licet
1229 2141 1453 2187 Romanus
1489 2141 1685 2187 Pontifex
1723 2147 1943 2200 quatenus

72 2212 348 2269 particularis
370 2227 573 2271 persona,
600 2215 691 2259 sive
715 2215 911 2273 privatus
934 2217 1105 2269 doctor,
1126 2216 1264 2275 possit
1284 2229 1436 2261 errare
1459 2215 1592 2274 (sicut
1611 2215 1748 2260 etiam
1770 2221 1836 2260 est
1859 2216 1944 2260 fal-

72 2284 207 2330 libilis
231 2285 277 2330 in
297 2287 618 2344 quaestionibus
651 2288 763 2332 meri
788 2288 907 2342 facti,
942 2303 1043 2348 quae
1075 2304 1128 2335 ex
1151 2290 1388 2335 hominum
1418 2289 1685 2334 testimoniis
1716 2290 1941 2348 praecipue

71 2358 303 2418 pendent);
328 2371 430 2403 cum
455 2364 601 2405 tamen
627 2360 739 2419 Papa
772 2361 969 2420 loquitur
1002 2368 1213 2422 tanquam
1251 2363 1402 2409 doctor
1431 2363 1699 2408 universalis
1722 2362 1942 2410 definiens

71 2446 123 2478 ex
142 2434 363 2487 cathedra,
397 2448 558 2494 nempe
578 2450 629 2481 ex
651 2442 866 2495 potestate
897 2452 1107 2497 suprema
1130 2439 1290 2485 tradita
1316 2439 1441 2484 Petro
1470 2439 1656 2484 docendi
1682 2439 1939 2494 Ecclesiam,

75 2514 182 2553 tunc
203 2508 407 2562 dicimus,
436 2510 582 2568 ipsum
605 2511 648 2556 in
670 2513 977 2558 controversiis
1007 2513 1110 2558 fidei
1147 2519 1191 2559 et
1217 2528 1393 2559 morum
1426 2514 1718 2559 decernendis
1758 2515 1943 2560 omnino

73 2583 350 2628 infallibilem
370 2599 465 2629 esse
484 2605 503 2624 υ
530 2586 781 2645 (Theoloqia
803 2589 1006 2642 moralis,
1027 2590 1055 2634 l.
1087 2587 1119 2644 1,
1148 2603 1192 2634 n.
1221 2589 1342 2648 110).
1371 2615 1427 2622 —
1451 2607 1470 2631 «ι
1499 2589 1558 2634 Ex
1582 2590 1653 2634 his
1673 2590 1937 2635 omnibus...

71 2658 261 2717 quisque
303 2659 655 2706 animadvertere
683 2667 843 2726 potest,
891 2669 1090 2709 nostram
1130 2664 1398 2710 sententiam
1432 2678 1522 2710 non
1561 2678 1659 2710 esse
1698 2670 1790 2710 tam
1834 2680 1942 2711 nos-

68 2739 200 2785 tram,
229 2747 363 2792 quam
396 2735 534 2780 totius
562 2737 768 2783 Ecclesiae
786 2739 1070 2793 sententiam,
1107 2740 1308 2799 reyulam
1334 2746 1378 2785 et
1404 2753 1602 2786 sensum.
1637 2739 1686 2786 Et
1723 2740 1823 2786 ideo
1849 2755 1939 2786 non

75 2809 233 2867 ipsam,
281 2809 355 2853 sed
394 2810 540 2867 potius
585 2813 849 2870 oppositam,
885 2819 935 2859 ut
975 2814 1148 2860 futilem
1193 2815 1441 2875 saepiusque
1482 2816 1742 2860 convulsam
1779 2817 1940 2863 merito

73 2883 339 2929 censendam
367 2897 416 2928 ac
437 2884 722 2942 rejiciendam
747 2907 767 2927 »
803 2888 946 2947 (ibid.,
990 2904 1036 2934 n.
1080 2890 1203 2949 155).
1242 2918 1298 2923 —
1331 2891 1390 2935 Ex
1422 2891 1493 2935 his
1525 2890 1733 2936 omnibus
1757 2892 1938 2937 tandem

76 2961 272 3006 inferunt
294 2959 511 3011 doctoreS,
536 2967 667 3019 prout
685 2962 844 3009 Suarez
871 2964 918 3023 (l.
949 2963 1016 3020 111,
1039 2964 1092 3010 de
1114 2965 1218 3023 fidei
1243 2966 1464 3025 Deseris),
1492 2966 1676 3019 Bannez,
1705 2971 1749 3011 et
1773 2966 1941 3012 Bellar-

73 3035 222 3080 minus
247 3033 295 3092 (Ι.
323 3032 390 3085 lv,
416 3033 466 3078 de
489 3035 639 3087 Pom„
663 3051 702 3082 c.
736 3039 800 3095 ιι),
825 3044 1025 3084 nostram
1052 3041 1320 3086 sententiam
1345 3054 1439 3086 esse
1461 3040 1625 3086 saltem
1646 3038 1755 3097 fidei
1774 3044 1940 3100 proxi-

73 3122 213 3154 mam.
260 3107 309 3152 Et
351 3108 569 3153 contraria
616 3110 741 3167 (dicit
782 3111 984 3158 Bellarm.
1037 3114 1132 3160 loco
1165 3116 1270 3175 cit.)
1319 3115 1494 3160 videtur
1532 3116 1722 3161 omnino
1750 3129 1939 3163 erronea

71 3189 114 3228 et
139 3181 299 3226 haeresi
319 3182 568 3240 proxima»
593 3183 842 3244 (Theoloqia
873 3187 1081 3241 moralis,
1110 3188 1141 3233 l.
1175 3189 1207 3242 1,
1244 3203 1290 3234 n.
1329 3188 1451 3248 115).
1497 3188 1556 3233 Ex
1590 3189 1722 3234 modo
1754 3204 1843 3249 quo
1877 3191 1940 3238 ibi

70 3255 174 3300 citat
197 3254 530 3307 Bellarminum,
557 3257 842 3303 manifestum
867 3259 969 3306 facit
990 3267 1171 3307 sanctus
1194 3263 1446 3321 Alpbonsus
1471 3263 1527 3308 de
1552 3262 1756 3319 Liguorio
1777 3277 1824 3309 se
1851 3265 1935 3324 ipsi

71 3330 314 3375 adhaerere.
327 3329 542 3375 Nimirum
566 3332 750 3389 perinde
771 3339 836 3379 est
851 3347 899 3380 ac
919 3335 955 3380 si
971 3335 1065 3394 ipse
1086 3336 1269 3382 dixisset
1290 3354 1299 3381 :
1322 3337 1528 3383 Doctrina
1545 3337 1599 3382 de
1613 3338 1800 3384 Romani
1822 3339 1937 3387 Pon-

71 3404 198 3451 tificis
223 3405 543 3452 imfallibilitate
562 3413 629 3452 est
658 3408 818 3453 saltem
848 3408 957 3466 fidei
977 3412 1216 3469 proxima,-
1251 3418 1294 3458 et
1325 3413 1546 3458 contraria
1570 3419 1639 3459 est
1662 3415 1843 3462 omniuo
1864 3430 1938 3463 er-

0 3511 6 3530 ,
72 3491 211 3525 ronea
238 3484 283 3524 et
309 3477 467 3525 ἤιεν-εει·
489 3482 717 3539 proxima.
748 3481 853 3528 Nam
873 3483 934 3528 ibi
954 3484 1059 3530 citat
1080 3485 1350 3539 Suaresium,
1368 3486 1540 3533 Bannez
1552 3493 1596 3533 et
1617 3487 1932 3538 Bellarminum

0 3558 3 3576 ¹
74 3558 286 3612 tanquam
305 3567 590 3599 communem
606 3556 874 3602 sententiam
894 3558 1193 3617 exprimentes
1217 3578 1226 3604 ε
1251 3579 1272 3602 α
1301 3560 1501 3607 lnferunt
1525 3562 1742 3619 doctores,
1771 3564 1930 3625 inquit,

75 3632 204 3686 prout
229 3626 401 3680 Suarez,
429 3628 598 3674 Bannez
619 3635 664 3675 et
689 3629 994 3678 Bellarminus.
1020 3653 1039 3672 »
1064 3633 1253 3679 Aliunde
1277 3635 1368 3694 jam
1392 3635 1561 3682 dixerat
1592 3649 1602 3681 t
1634 3657 1655 3678 «ι
1675 3637 1934 3687 Communis
