2306 4010
863 175 986 221 PARS
1017 171 1256 220 SECUNDA.
1949 168 2003 218 51

121 289 230 340 tate
256 282 315 339 in
341 281 662 339 servitutem
698 280 828 337 dare
861 281 1144 357 deberent.
1179 278 1283 336 Vos
1312 295 1448 335 sane
1484 275 1593 352 ipsi
1632 277 1775 333 hanc
1809 275 2011 333 verita-

116 386 227 436 tem
254 377 554 453 agnoscitis
591 382 645 433 et
676 376 917 434 confessi
951 377 1110 447 estis,
1141 376 1275 433 dum
1303 373 1436 432 alibi
1466 372 1898 449 pronuntiastiS,
1922 373 2015 447 jus

119 475 341 551 regaliae
359 475 685 532 servitutem
710 474 1008 548 quamdam
1037 492 1182 546 esse,
1210 492 1335 547 quae
1353 473 1412 529 in
1445 471 1524 530 eis
1552 471 1860 548 praesertim
1893 490 2017 545 quae

121 582 372 652 spectant
390 574 789 631 beneficiorum
816 570 1172 628 collationem
1196 571 1409 647 imponi
1427 589 1540 627 non
1566 576 1768 646 potest,
1796 569 1908 627 nisi
1924 569 2020 627 Ec-

122 674 288 730 clesia
316 674 669 741 concedente,
697 671 783 728 vel
806 668 1007 725 saltem
1034 669 1436 726 consentiente.
1463 669 1581 734 Quo
1609 669 1737 744 jure
1764 688 1860 726 vos
1887 664 2018 743 ergo

116 772 210 846 jus
247 771 386 828 illud
413 772 471 826 in
500 788 687 843 regem
707 766 1060 825 contulistis?
1082 767 1331 839 Cumque
1357 766 1501 823 sacri
1521 786 1761 826 canones
1787 767 2020 825 distrahi

124 876 307 927 vetent
322 869 450 943 jura
471 866 871 935 Ecclesiarum,
901 864 1178 939 quomodo
1205 882 1301 920 vos
1339 863 1651 920 distrahere
1674 865 1730 920 in
1769 865 2021 922 animum

125 965 443 1035 induxistiS,
495 947 655 1038 quasi
694 963 1023 1020 eorumdem
1066 980 1346 1018 canonum
1396 959 1723 1018 authoritati
1760 962 2026 1036 derogare

124 1064 282 1121 liceat
327 1063 515 1120 vobis?
550 1064 819 1120 Revocate
845 1062 904 1118 in
945 1061 1276 1119 memoriam
1300 1079 1423 1134 quae
1456 1060 1701 1136 inclytus
1729 1060 1823 1118 ille
1846 1060 2025 1118 Clare-

124 1161 383 1219 vallensis
417 1163 617 1231 Abbas,
646 1181 755 1217 non
776 1160 1067 1217 Gallicanae
1094 1160 1260 1216 modo
1288 1160 1383 1216 sed
1415 1158 1744 1216 universalis
1770 1160 2026 1218 Ecclesiae

126 1262 315 1317 lumen
343 1279 372 1316 a
400 1260 553 1316 vobis
574 1260 701 1334 jure
730 1259 930 1315 merito
954 1264 1337 1334 nuncupatus,
1366 1258 1679 1331 Eugenium
1705 1258 2023 1316 Pontificem

128 1360 294 1414 officii
317 1359 404 1416 sui
432 1360 735 1415 admonens
764 1359 995 1431 reliquit
1022 1358 1224 1433 scripta
1255 1358 1520 1433 praeclare
1553 1378 1563 1410 :
1591 1358 1941 1415 meminisset
1972 1378 2030 1415 se

131 1476 247 1512 esso
269 1456 360 1512 cui
386 1457 562 1512 claves
583 1456 824 1525 traditae,
853 1455 943 1510 cui
973 1474 1097 1510 oves
1120 1455 1341 1510 creditae
1370 1461 1528 1522 sunt;
1574 1473 1695 1511 esse
1719 1456 1946 1528 quidem
1975 1462 2028 1513 et

132 1554 269 1609 alios
290 1554 412 1608 coeli
429 1553 720 1626 janitores,
754 1558 807 1607 et
842 1570 1074 1625 gregum
1098 1558 1369 1626 pastoreS,
1396 1552 1493 1608 sed
1524 1571 1652 1608 cum
1680 1552 1918 1610 habeant
1947 1553 2024 1608 illi

136 1651 442 1724 assignatos
474 1668 666 1723 greges
710 1649 916 1722 singuli
956 1649 1230 1722 singulos,
1281 1650 1388 1723 ipsi
1428 1650 1718 1706 universos
1755 1651 2023 1716 creditos;

136 1749 387 1815 unicum,
423 1766 524 1803 nec
556 1747 718 1803 modo
760 1747 971 1817 ovium,
1017 1748 1114 1804 sed
1145 1753 1198 1803 et
1239 1753 1530 1822 pastorum
1567 1749 1877 1823 Eugenium
1910 1768 2029 1807 esse

137 1850 439 1918 pastorem;
473 1843 709 1915 ideoque
729 1844 889 1917 juxta
914 1861 1195 1899 canonum
1219 1849 1427 1900 statuta
1458 1845 1593 1902 alios
1618 1846 1913 1922 Episcopos
1938 1867 2027 1904 vo-

136 1949 282 1998 catos
316 1941 489 1998 fuisse
527 1941 586 1996 in
620 1948 835 2016 partem
869 1942 1294 2013 sollicitudinis,
1324 1943 1512 2017 ipsum
1544 1944 1601 2000 in
1625 1945 2027 2020 plenitudinem

134 2041 434 2115 potestatis.
483 2042 554 2095 Ex
599 2042 802 2114 quibus
836 2042 1022 2097 verbis
1064 2048 1340 2114 quantum
1382 2062 1477 2099 vos
1511 2043 1795 2100 admoneri
1819 2064 1919 2120 par
1947 2051 2032 2102 est

132 2138 199 2193 de
222 2137 484 2211 obsequio
505 2145 558 2194 et
587 2137 897 2194 obedientia
925 2156 1093 2210 quam
1129 2138 1343 2194 habetis
1373 2139 1506 2196 huic
1537 2148 1738 2198 sanctae
1762 2142 1887 2199 Sedi
1918 2143 2028 2215 (cui

135 2253 234 2289 nos
265 2236 366 2290 Deo
403 2235 634 2291 authore
660 2253 1003 2307 quamquam
1039 2235 1311 2291 immeriti
1336 2237 1752 2310 praesidemus),
1782 2244 2029 2295 tantum-

134 2333 258 2386 dem
305 2333 600 2387 Pastoralis
638 2339 823 2387 nostra
854 2332 1168 2388 sollicitudo
1207 2334 1499 2402 excitatur,
1545 2338 1613 2391 ad
1647 2337 2022 2394 inchoandum

133 2430 676 2503 tandem'aliquando
714 2430 769 2484 in
798 2431 901 2484 hoc
927 2430 1144 2502 negotio
1171 2431 1362 2503 (quam
1387 2431 1561 2488 nimia
1590 2434 1824 2491 fortasse
1844 2436 2026 2508 longa·

132 2525 356 2581 nimitas
401 2533 611 2595 nostra,
660 2527 794 2581 dum
830 2526 1163 2599 poenitentiae
1199 2528 1442 2601 spatium
1486 2529 1706 2599 damus,
1753 2534 2024 2590 hactenus

129 2622 365 2695 distulit)
400 2622 688 2697 apostolici
715 2622 962 2678 muneris
989 2623 1394 2682 executionem.

209 2744 235 2774 «
258 2723 625 2786 Quamobrem
644 2741 742 2796 per
760 2729 1044 2796 presentes
1070 2723 1307 2793 litteras,
1334 2726 1539 2782 tradita
1554 2727 1715 2783 nobis
1748 2729 1815 2785 ab
1842 2730 2025 2786 omni-

132 2826 351 2895 potente
379 2822 482 2878 Deo
518 2821 873 2891 authoritate,
919 2821 1328 2896 improbamuS,
1357 2825 1731 2884 rescindimus
1758 2834 1809 2884 et
1843 2848 2025 2886 cassa-

134 2936 279 2988 mus,
304 2937 427 2990 quae
450 2917 648 2974 inistis
668 2918 865 2974 vestris
891 2918 1131 2975 comitiis
1154 2927 1274 2975 acta
1298 2928 1430 2977 sunt
1456 2922 1512 2977 in
1536 2926 1756 2997 negotio
1781 2927 2023 3000 regaliae,

134 3033 260 3069 cum
291 3017 552 3071 omnibus
583 3016 708 3071 inde
736 3016 939 3073 secutis
968 3023 1021 3073 et
1058 3036 1181 3089 quae
1209 3018 1264 3073 in
1296 3026 1578 3093 posterum
1611 3025 1870 3081 attentari
1901 3044 2026 3082 con-

138 3111 340 3184 tingat3
371 3133 543 3187 eaque
564 3122 832 3188 perpetuo
869 3116 1025 3171 irrita
1049 3123 1100 3171 et
1122 3116 1310 3172 inania
1332 3119 1712 3188 declaramus;
1745 3125 2023 3196 quamvis,

139 3227 267 3263 cum
303 3208 412 3263 sint
443 3209 562 3282 ipsa
598 3230 696 3284 per
727 3230 784 3267 se
815 3213 1109 3268 manifeste
1147 3214 1323 3285 nulla,
1354 3219 1663 3275 cassatione
1699 3226 1750 3275 et
1783 3220 2027 3278 declara-

142 3308 287 3362 tione
313 3307 631 3379 hujusmodi
664 3328 774 3364 non
807 3318 1050 3383 egerent.
1089 3311 1386 3385 Speramus
1418 3322 1661 3372 attamen
1690 3337 1783 3376 vos
1806 3339 2028 3396 quoque

144 3404 288 3477 ipsos
327 3423 387 3460 re
410 3405 611 3460 melius
639 3406 1005 3475 considerata,
1046 3408 1213 3462 celeri
1241 3412 1632 3470 retractatione
1672 3420 2026 3476 consulturos

147 3500 495 3557 conscientiae
526 3507 720 3557 vcstrae
762 3508 809 3556 et
863 3502 998 3557 cleri
1034 3501 1298 3558 Gallicani
1340 3506 1760 3581 existimationi;
1811 3535 1876 3572 ex
1918 3537 2027 3590 quo

148 3596 314 3666 clem,
369 3597 531 3653 sicuti
566 3599 856 3669 hucusque
885 3615 993 3651 non
1029 3597 1275 3669 defuere,
1309 3599 1382 3656 ita
1409 3602 1465 3658 in
1492 3613 1773 3678 posterum
1797 3631 1904 3668 non
1940 3614 2028 3669 de-
