2306 4010
322 149 410 199 186
999 135 1286 188 TRACTATUS
1317 136 1383 183 DE
1412 135 1560 184 PAPA.

320 261 519 332 thesis,
553 255 836 320 videlicet,
858 247 1011 323 quod
1032 243 1277 325 Ecclesia
1301 243 1622 303 Pontificias
1638 243 1993 308 definitiones
2011 253 2239 313 nonnisi
2283 298 2306 348 ἦ

322 378 424 436 per
455 350 946 431 supervenientem
970 361 1274 401 assensum
1311 362 1483 402 suum
1510 343 1839 404 infallibiles
1868 347 2091 406 efficiet
2125 350 2239 410 vim
2296 359 2306 410 ιζ

321 452 606 528 obligandi
651 448 856 505 habere
893 443 1258 520 reputaverit.
1297 443 1436 500 Nam
1474 446 1646 519 primo
1688 447 1842 520 quod
1887 446 1966 503 ita
2000 447 2242 508 Ecclesia
2304 517 2306 523 Α

318 547 622 617 censuerit,
667 543 826 601 nullo
856 543 1004 600 facto
1039 542 1312 600 historico
1335 543 1608 618 probatur
1641 550 1739 602 aut
1770 545 2001 621 probari
2033 552 2237 623 potest.

318 647 500 706 Gratis
541 661 672 718 ergo
722 642 1048 700 istiusmodi
1096 642 1377 700 sententia
1419 642 1682 700 Ecclesiae
1719 644 2086 703 adscribitur.
2149 647 2242 705 Se-

316 743 505 813 cunde,
536 759 651 798 non
681 740 1004 816 gratuitum
1031 740 1346 813 dumtaxat,
1385 741 1484 799 sed
1520 746 1574 799 et
1605 742 1814 799 falsum
1853 750 2132 802 assertum
2155 745 2245 803 de-

314 847 669 900 monstratur
698 859 765 898 ex
804 840 1042 898 historia
1065 840 1466 898 ecclesiastica.
1508 841 1646 898 Nam
1681 843 2027 900 contrariam
2065 844 2125 900 in
2151 844 2246 902 Ec·
2292 863 2298 922 ᾗ

314 942 488 999 clesia
508 941 755 1016 viguisse
788 941 1219 1018 persuasionem
1259 941 1340 1014 (id
1369 946 1476 1011 est,
1506 942 1758 1017 obligare
1800 943 1869 1022 apd
1897 944 2242 1002 credendum

314 1040 632 1098 Pontificias
675 1041 1036 1099 definitiones
1067 1048 1198 1098 ante
1221 1042 1716 1118 supervenientem
1747 1045 2073 1118 generalem
2117 1063 2247 1102 con·
2300 1019 2306 1042 Ἰ

317 1142 567 1217 sensum)
595 1141 764 1217 plura
818 1147 1106 1200 testantur
1140 1143 1321 1211 facta3
1359 1162 1390 1200 e
1436 1143 1646 1218 quibus
1687 1162 1869 1201 unum
1912 1151 1966 1202 et
1993 1146 2236 1202 alterum
2303 1126 2306 1134 ¹

316 1243 376 1300 in
421 1243 705 1319 specimen
744 1244 1168 1319 subjungimus.

393 1343 595 1399 Statim
643 1351 772 1420 post
822 1351 1046 1420 accepta
1087 1343 1308 1400 Summi
1358 1344 1644 1402 Pontificis
1703 1345 1983 1420 rescripta
2037 1346 2248 1418 quibus

319 1444 694 1502 damnabatur
743 1445 948 1520 Pelagii
983 1444 1237 1517 haeresis,
1289 1445 1610 1521 praedicavit
1652 1452 1706 1502 et
1750 1445 1978 1521 scripsit
2016 1451 2245 1502 sanctus

318 1543 672 1618 Augustinus
703 1566 714 1599 t
745 1546 1023 1620 Rescripta
1046 1552 1326 1616 venerant,
1367 1563 1527 1601 causa
1552 1546 1703 1617 finita
1746 1551 1844 1615 est,
1871 1547 2074 1599 utiitam
2097 1544 2250 1615 stitia-

322 1651 409 1699 την
438 1663 610 1700 error.
641 1645 703 1701 Et
741 1644 966 1718 quando
993 1645 1110 1700 haec
1138 1644 1277 1701 dixit
1309 1644 1681 1719 AugustinuS,
1711 1643 1965 1700 nondum
1995 1648 2252 1716 potuerat
2298 1689 2306 1719 3.

319 1739 579 1797 Ecclesiae
624 1761 940 1800 conscnsus
980 1744 1267 1800 accedere.
1321 1743 1393 1798 De
1420 1743 1543 1817 {alio
1593 1741 1881 1799 Pontificio
1919 1741 2143 1798 decreto
2172 1740 2253 1797 sic
2303 1807 2306 1813 1

322 1848 546 1898 enarrat
577 1842 917 1898 Sozomenus
944 1842 1109 1915 (libro
1135 1842 1223 1913 VI,
1254 1842 1433 1916 capite
1457 1842 1580 1914 xxii)
1609 1863 1619 1895 :
1647 1862 1674 1894 «
1710 1840 1846 1896 Cum
1872 1842 1989 1894 haec
2013 1838 2254 1912 quaestio
2301 1843 2306 1888 ἐ

322 1938 653 2013 agitaretur,
689 1945 742 1996 et
785 1939 1165 1996 contendendi
1220 1938 1407 1995 studio
1457 1937 1639 2011 magis
1677 1937 1975 2012 magisque
2022 1936 2079 1991 in
2134 1935 2253 1993 dies

322 2046 619 2112 cresceret,
641 2039 951 2115 Episcopus
968 2039 1130 2096 urbis
1156 2039 1346 2095 Romae
1366 2037 1678 2111 (Damasus)
1708 2037 1932 2112 scripsit
1963 2037 2031 2093 ad
2059 2036 2255 2093 Orien·
2303 2028 2306 2101 ἶ

322 2137 465 2194 tales
491 2138 788 2208 EcclesiaS,
836 2145 898 2195 ut
943 2137 1275 2194 Trinitatem
1320 2137 1892 2207 consubstantialem,
1942 2154 2006 2192 ac
2044 2138 2256 2192 bonore

321 2237 614 2311 gloriaque
659 2238 933 2312 {equalem
977 2256 1092 2294 una
1123 2256 1255 2294 cum
1297 2237 1754 2293 Occidentalibus
1794 2235 2085 2310 Episcopis
2119 2253 2253 2292 con·
2299 2223 2306 2245 ³

323 2332 641 2390 titerentur.
694 2333 812 2397 Quo
868 2333 1038 2405 fact0,
1103 2340 1288 2407 utpote
1340 2335 1704 2390 controversia
1747 2333 1949 2406 judicio
2001 2333 2255 2389 Romanae

322 2432 574 2489 Ecclesiae
601 2436 903 2505 terminata,
933 2432 1460 2506 singuliquievere.
1498 2454 1524 2486 »
1557 2433 1657 2488 Ubi
1697 2432 1853 2489 vides
1884 2431 2140 2506 singulos
2166 2449 2252 2487 ac-

324 2532 624 2606 quievisse,
656 2551 771 2589 non
800 2551 864 2590 eo
913 2532 1064 2606 quod
1096 2533 1423 2590 accessisset
1454 2533 1790 2590 universalis
1826 2532 2085 2590 Ecclesiae
2113 2551 2251 2589 con-

327 2647 553 2698 seHSUS,
583 2630 681 2686 sed
704 2633 827 2702 quia
866 2634 1227 2687 controversia
1245 2633 1447 2703 jndicio
1490 2631 1745 2687 Romanae
1777 2630 2026 2686 Ecclesiae
2075 2632 2254 2685 termi-

326 2735 456 2782 nata
482 2728 679 2799 fuerat.
712 2727 908 2800 Igitur,
954 2727 1107 2800 quod
1139 2727 1361 2783 decreta
1400 2725 1688 2782 Pontificia
1722 2743 1828 2801 'pro
1853 2726 2254 2801 peremptoriis

329 2827 524 2883 habita
559 2826 695 2897 sint,
742 2845 857 2883 non
906 2844 972 2882 ex
1013 2826 1129 2883 sola
1177 2826 1562 2883 Romanorum
1619 2824 1953 2883 Pontificum
2008 2826 2254 2882 auctori-

328 2929 462 2993 tate,
494 2925 590 2981 sed
617 2943 681 2982 ex
710 2923 1138 3000 superveniente
1168 2924 1505 2981 universalis
1543 2923 1803 2981 Ecclesiae
1831 2941 2137 2992 consensn,
2172 2926 2255 2979 est

331 3042 553 3081 merum
581 3006 971 3096 mendacium,
1001 3026 1414 3084 recentioribus
1462 3024 1812 3100 temporibus
1851 3023 2251 3097 excogitatum,
2291 3073 2293 3075 .

333 3123 492 3179 nullo
511 3123 776 3182 historico
801 3125 948 3182 facto
974 3125 1197 3197 nixum,
1229 3131 1282 3182 et
1305 3124 1569 3201 plurimis
1598 3123 1846 3182 historiae
1864 3121 2256 3182 ecclesiasticae
2280 3112 2306 3154 ³³

247 3251 251 3254 -
335 3221 674 3282 testimoniis
710 3224 952 3300 positive
990 3224 1311 3283 exclusum.
