<?xml version="1.0" encoding="UTF-8"?>
<!DOCTYPE html PUBLIC "-//W3C//DTD XHTML 1.0 Transitional//EN"
    "http://www.w3.org/TR/xhtml1/DTD/xhtml1-transitional.dtd">
<html xmlns="http://www.w3.org/1999/xhtml" xml:lang="en" lang="en">
 <head>
  <title>
</title>
<meta http-equiv="Content-Type" content="text/html;charset=utf-8" />
  <meta name='ocr-system' content='tesseract 3.04.00' />
  <meta name='ocr-capabilities' content='ocr_page ocr_carea ocr_par ocr_line ocrx_word'/>
</head>
<body>
  <div class='ocr_page' id='page_1' title='image "a548470102bouiuoft_0235.png"; bbox 0 0 2306 4010; ppageno 0'>
   <div class='ocr_carea' id='block_1_1' title="bbox 787 170 1929 220">
    <p class='ocr_par' dir='ltr' id='par_1_1' title="bbox 787 170 1929 220">
     <span class='ocr_line' id='line_1_1' title="bbox 787 170 1929 220; baseline 0.001 -2"><span class='ocrx_word' id='word_1_1' title='bbox 787 172 913 218; x_wconf 77' lang='lat' dir='ltr'><strong>PARS</strong></span> <span class='ocrx_word' id='word_1_2' title='bbox 943 171 1179 219; x_wconf 76' lang='lat' dir='ltr'><strong>SECUNDA.</strong></span> <span class='ocrx_word' id='word_1_3' title='bbox 1839 170 1929 220; x_wconf 78' lang='lat'>227</span> 
     </span>
    </p>
   </div>
   <div class='ocr_carea' id='block_1_2' title="bbox 10 273 2006 3642">
    <p class='ocr_par' dir='ltr' id='par_1_2' title="bbox 46 273 1931 448">
     <span class='ocr_line' id='line_1_2' title="bbox 47 273 1931 353; baseline -0.002 -17"><span class='ocrx_word' id='word_1_4' title='bbox 47 281 213 343; x_wconf 84' lang='lat' dir='ltr'>etiam</span> <span class='ocrx_word' id='word_1_5' title='bbox 237 280 568 352; x_wconf 89' lang='lat' dir='ltr'>potestatem</span> <span class='ocrx_word' id='word_1_6' title='bbox 594 293 792 333; x_wconf 82' lang='lat' dir='ltr'><strong>causas</strong></span> <span class='ocrx_word' id='word_1_7' title='bbox 819 276 947 334; x_wconf 83' lang='lat' dir='ltr'>fidei</span> <span class='ocrx_word' id='word_1_8' title='bbox 971 295 1215 353; x_wconf 81' lang='lat' dir='ltr'>supremo</span> <span class='ocrx_word' id='word_1_9' title='bbox 1236 274 1448 352; x_wconf 87' lang='lat' dir='ltr'>judicio</span> <span class='ocrx_word' id='word_1_10' title='bbox 1467 273 1791 350; x_wconf 90' lang='lat' dir='ltr'>dirimendi,</span> <span class='ocrx_word' id='word_1_11' title='bbox 1811 294 1931 351; x_wconf 88' lang='lat' dir='ltr'>quae</span> 
     </span>
     <span class='ocr_line' id='line_1_3' title="bbox 46 372 1292 448; baseline -0.004 -10"><span class='ocrx_word' id='word_1_12' title='bbox 46 395 235 438; x_wconf 87' lang='lat' dir='ltr'>secum</span> <span class='ocrx_word' id='word_1_13' title='bbox 265 375 373 431; x_wconf 85' lang='lat' dir='ltr'>fert</span> <span class='ocrx_word' id='word_1_14' title='bbox 402 372 820 429; x_wconf 81' lang='lat' dir='ltr'>infallibilitatis</span> <span class='ocrx_word' id='word_1_15' title='bbox 855 376 1292 448; x_wconf 86' lang='lat' dir='ltr'>praerogativam.</span> 
     </span>
    </p>

    <p class='ocr_par' dir='ltr' id='par_1_3' title="bbox 49 455 1966 2590">
     <span class='ocr_line' id='line_1_4' title="bbox 128 455 1933 548; baseline -0.001 -17"><span class='ocrx_word' id='word_1_16' title='bbox 128 475 321 533; x_wconf 78' lang='lat' dir='ltr'>Tertio.</span> <span class='ocrx_word' id='word_1_17' title='bbox 353 471 417 525; x_wconf 87' lang='lat' dir='ltr'>At</span> <span class='ocrx_word' id='word_1_18' title='bbox 452 460 730 542; x_wconf 88' lang='lat' dir='ltr'>quomodo</span> <span class='ocrx_word' id='word_1_19' title='bbox 764 486 876 525; x_wconf 90' lang='lat' dir='ltr'>non</span> <span class='ocrx_word' id='word_1_20' title='bbox 915 470 1052 527; x_wconf 86' lang='lat' dir='ltr'>vidit</span> <span class='ocrx_word' id='word_1_21' title='bbox 1090 455 1413 531; x_wconf 88' lang='lat' dir='ltr'>Bossuetius</span> <span class='ocrx_word' id='word_1_22' title='bbox 1447 473 1717 530; x_wconf 84' lang='lat' dir='ltr'>novellam</span> <span class='ocrx_word' id='word_1_23' title='bbox 1756 472 1933 548; x_wconf 90' lang='lat' dir='ltr'>ipsius</span> 
     </span>
     <span class='ocr_line' id='line_1_5' title="bbox 49 566 1938 645; baseline -0.002 -14"><span class='ocrx_word' id='word_1_24' title='bbox 49 568 461 632; x_wconf 85' lang='lat' dir='ltr'>distinctionem</span> <span class='ocrx_word' id='word_1_25' title='bbox 496 585 626 623; x_wconf 90' lang='lat' dir='ltr'>cum</span> <span class='ocrx_word' id='word_1_26' title='bbox 668 566 1029 623; x_wconf 87' lang='lat' dir='ltr'>oecumenicis</span> <span class='ocrx_word' id='word_1_27' title='bbox 1063 569 1317 627; x_wconf 90' lang='lat' dir='ltr'>conciliis</span> <span class='ocrx_word' id='word_1_28' title='bbox 1350 571 1579 627; x_wconf 84' lang='lat' dir='ltr'>adversa</span> <span class='ocrx_word' id='word_1_29' title='bbox 1617 569 1797 627; x_wconf 86' lang='lat' dir='ltr'>fronte</span> <span class='ocrx_word' id='word_1_30' title='bbox 1835 588 1938 645; x_wconf 90' lang='lat' dir='ltr'>pu·</span> 
     </span>
     <span class='ocr_line' id='line_1_6' title="bbox 51 662 1938 743; baseline -0.002 -18"><span class='ocrx_word' id='word_1_31' title='bbox 51 668 248 743; x_wconf 80' lang='lat' dir='ltr'>gnare?</span> <span class='ocrx_word' id='word_1_32' title='bbox 268 664 522 735; x_wconf 88' lang='lat' dir='ltr'>Cuinam,</span> <span class='ocrx_word' id='word_1_33' title='bbox 543 681 750 738; x_wconf 83' lang='lat' dir='ltr'>quaese,</span> <span class='ocrx_word' id='word_1_34' title='bbox 770 681 800 718; x_wconf 90' lang='lat' dir='ltr'>a</span> <span class='ocrx_word' id='word_1_35' title='bbox 818 664 856 718; x_wconf 88' lang='lat' dir='ltr'><strong>F</strong></span> <span class='ocrx_word' id='word_1_36' title='bbox 859 662 1136 720; x_wconf 68' lang='lat' dir='ltr'>lorentina</span> <span class='ocrx_word' id='word_1_37' title='bbox 1162 666 1407 737; x_wconf 85' lang='lat' dir='ltr'>generali</span> <span class='ocrx_word' id='word_1_38' title='bbox 1431 667 1639 741; x_wconf 78' lang='lat' dir='ltr'>synodo</span> <span class='ocrx_word' id='word_1_39' title='bbox 1661 666 1938 742; x_wconf 88' lang='lat' dir='ltr'>adscripta</span> 
     </span>
     <span class='ocr_line' id='line_1_7' title="bbox 51 761 1942 838; baseline 0 -17"><span class='ocrx_word' id='word_1_40' title='bbox 51 771 132 825; x_wconf 91' lang='lat' dir='ltr'>est</span> <span class='ocrx_word' id='word_1_41' title='bbox 156 763 314 838; x_wconf 82' lang='lat' dir='ltr'>plena</span> <span class='ocrx_word' id='word_1_42' title='bbox 342 768 578 835; x_wconf 83' lang='lat' dir='ltr'>potestas</span> <span class='ocrx_word' id='word_1_43' title='bbox 612 761 963 817; x_wconf 80' lang='lat' dir='ltr'>universalem</span> <span class='ocrx_word' id='word_1_44' title='bbox 1004 761 1292 816; x_wconf 80' lang='lat' dir='ltr'><strong><em>Ecclesiam</em></strong></span> <span class='ocrx_word' id='word_1_45' title='bbox 1319 766 1598 835; x_wconf 81' lang='lat' dir='ltr'>pascendi,</span> <span class='ocrx_word' id='word_1_46' title='bbox 1635 766 1849 838; x_wconf 75' lang='lat' dir='ltr'>reqemli</span> <span class='ocrx_word' id='word_1_47' title='bbox 1881 783 1942 821; x_wconf 84' lang='lat' dir='ltr'>ae</span> 
     </span>
     <span class='ocr_line' id='line_1_8' title="bbox 53 858 1940 937; baseline -0.001 -18"><span class='ocrx_word' id='word_1_48' title='bbox 53 861 400 937; x_wconf 74' lang='lat' dir='ltr'>yubernandi?</span> <span class='ocrx_word' id='word_1_49' title='bbox 434 860 514 914; x_wconf 88' lang='lat' dir='ltr'>An</span> <span class='ocrx_word' id='word_1_50' title='bbox 542 859 642 915; x_wconf 73' lang='lat' dir='ltr'>soli</span> <span class='ocrx_word' id='word_1_51' title='bbox 672 861 829 915; x_wconf 81' lang='lat' dir='ltr'>seriei</span> <span class='ocrx_word' id='word_1_52' title='bbox 868 858 1249 914; x_wconf 89' lang='lat' dir='ltr'>Romanorum</span> <span class='ocrx_word' id='word_1_53' title='bbox 1286 859 1649 916; x_wconf 76' lang='lat' dir='ltr'>Pontificum?</span> <span class='ocrx_word' id='word_1_54' title='bbox 1681 862 1940 917; x_wconf 90' lang='lat' dir='ltr'>Nondum</span> 
     </span>
     <span class='ocr_line' id='line_1_9' title="bbox 54 954 1945 1029; baseline -0.002 -13"><span class='ocrx_word' id='word_1_55' title='bbox 54 965 220 1016; x_wconf 89' lang='lat' dir='ltr'>natus</span> <span class='ocrx_word' id='word_1_56' title='bbox 247 964 380 1013; x_wconf 88' lang='lat' dir='ltr'>tunc</span> <span class='ocrx_word' id='word_1_57' title='bbox 408 957 660 1028; x_wconf 87' lang='lat' dir='ltr'>Bossuet,</span> <span class='ocrx_word' id='word_1_58' title='bbox 689 973 720 1011; x_wconf 94' lang='lat' dir='ltr'>e</span> <span class='ocrx_word' id='word_1_59' title='bbox 745 954 906 1028; x_wconf 89' lang='lat' dir='ltr'>cuj-us</span> <span class='ocrx_word' id='word_1_60' title='bbox 934 955 1162 1011; x_wconf 89' lang='lat' dir='ltr'>cerebro</span> <span class='ocrx_word' id='word_1_61' title='bbox 1188 955 1492 1029; x_wconf 84' lang='lat' dir='ltr'>praeclarus</span> <span class='ocrx_word' id='word_1_62' title='bbox 1518 955 1611 1010; x_wconf 92' lang='lat' dir='ltr'>ille</span> <span class='ocrx_word' id='word_1_63' title='bbox 1642 956 1809 1014; x_wconf 88' lang='lat' dir='ltr'>foetus</span> <span class='ocrx_word' id='word_1_64' title='bbox 1843 958 1945 1013; x_wconf 93' lang='lat' dir='ltr'>ali-</span> 
     </span>
     <span class='ocr_line' id='line_1_10' title="bbox 57 1052 1948 1136; baseline -0.001 -23"><span class='ocrx_word' id='word_1_65' title='bbox 57 1057 278 1131; x_wconf 89' lang='lat' dir='ltr'>quando</span> <span class='ocrx_word' id='word_1_66' title='bbox 315 1054 562 1111; x_wconf 90' lang='lat' dir='ltr'>edendus</span> <span class='ocrx_word' id='word_1_67' title='bbox 588 1059 726 1109; x_wconf 89' lang='lat' dir='ltr'>erat.</span> <span class='ocrx_word' id='word_1_68' title='bbox 750 1054 864 1136; x_wconf 58' lang='lat' dir='ltr'>Nec</span> <span class='ocrx_word' id='word_1_69' title='bbox 902 1053 1206 1109; x_wconf 78' lang='lat' dir='ltr'>novitatem</span> <span class='ocrx_word' id='word_1_70' title='bbox 1240 1052 1394 1109; x_wconf 92' lang='lat' dir='ltr'>illam</span> <span class='ocrx_word' id='word_1_71' title='bbox 1433 1053 1714 1128; x_wconf 86' lang='lat' dir='ltr'>suspicata</span> <span class='ocrx_word' id='word_1_72' title='bbox 1752 1062 1833 1111; x_wconf 91' lang='lat' dir='ltr'>est</span> <span class='ocrx_word' id='word_1_73' title='bbox 1863 1075 1948 1130; x_wconf 70' lang='lat' dir='ltr'>sy-</span> 
     </span>
     <span class='ocr_line' id='line_1_11' title="bbox 58 1150 1951 1226; baseline -0.002 -15"><span class='ocrx_word' id='word_1_74' title='bbox 58 1154 260 1223; x_wconf 83' lang='lat' dir='ltr'>nodus,</span> <span class='ocrx_word' id='word_1_75' title='bbox 282 1152 376 1208; x_wconf 92' lang='lat' dir='ltr'>sed</span> <span class='ocrx_word' id='word_1_76' title='bbox 398 1151 603 1207; x_wconf 89' lang='lat' dir='ltr'>dietam</span> <span class='ocrx_word' id='word_1_77' title='bbox 628 1153 836 1224; x_wconf 83' lang='lat' dir='ltr'><em>plenam</em></span> <span class='ocrx_word' id='word_1_78' title='bbox 859 1155 1193 1226; x_wconf 90' lang='lat' dir='ltr'>potestatem</span> <span class='ocrx_word' id='word_1_79' title='bbox 1222 1167 1480 1225; x_wconf 82' lang='lat' dir='ltr'>expresse</span> <span class='ocrx_word' id='word_1_80' title='bbox 1506 1150 1754 1207; x_wconf 86' lang='lat' dir='ltr'>definivit</span> <span class='ocrx_word' id='word_1_81' title='bbox 1782 1168 1951 1226; x_wconf 90' lang='lat' dir='ltr'>penes</span> 
     </span>
     <span class='ocr_line' id='line_1_12' title="bbox 58 1246 1952 1322; baseline -0.002 -16"><span class='ocrx_word' id='word_1_82' title='bbox 58 1250 354 1307; x_wconf 77' lang='lat' dir='ltr'>Romanum</span> <span class='ocrx_word' id='word_1_83' title='bbox 390 1249 695 1319; x_wconf 81' lang='lat' dir='ltr'>Pontificem</span> <span class='ocrx_word' id='word_1_84' title='bbox 736 1246 998 1303; x_wconf 86' lang='lat' dir='ltr'>residere.</span> <span class='ocrx_word' id='word_1_85' title='bbox 1039 1246 1173 1301; x_wconf 83' lang='lat' dir='ltr'>Item</span> <span class='ocrx_word' id='word_1_86' title='bbox 1203 1246 1429 1302; x_wconf 91' lang='lat' dir='ltr'>cuinam</span> <span class='ocrx_word' id='word_1_87' title='bbox 1456 1247 1804 1322; x_wconf 89' lang='lat' dir='ltr'>adscripsere</span> <span class='ocrx_word' id='word_1_88' title='bbox 1835 1247 1952 1302; x_wconf 89' lang='lat' dir='ltr'>Tri-</span> 
     </span>
     <span class='ocr_line' id='line_1_13' title="bbox 60 1345 1954 1419; baseline -0.004 -13"><span class='ocrx_word' id='word_1_89' title='bbox 60 1348 272 1407; x_wconf 89' lang='lat' dir='ltr'>dentini</span> <span class='ocrx_word' id='word_1_90' title='bbox 307 1348 490 1402; x_wconf 89' lang='lat' dir='ltr'>Patres</span> <span class='ocrx_word' id='word_1_91' title='bbox 532 1363 826 1418; x_wconf 77' lang='lat' dir='ltr'>supremam</span> <span class='ocrx_word' id='word_1_92' title='bbox 858 1346 914 1400; x_wconf 93' lang='lat' dir='ltr'>in</span> <span class='ocrx_word' id='word_1_93' title='bbox 956 1345 1259 1401; x_wconf 83' lang='lat' dir='ltr'>universali</span> <span class='ocrx_word' id='word_1_94' title='bbox 1302 1346 1545 1402; x_wconf 80' lang='lat' dir='ltr'>Ecclesia</span> <span class='ocrx_word' id='word_1_95' title='bbox 1581 1348 1954 1419; x_wconf 69' lang='lat' dir='ltr'>potestatem?</span> 
     </span>
     <span class='ocr_line' id='line_1_14' title="bbox 67 1441 1958 1516; baseline -0.003 -13"><span class='ocrx_word' id='word_1_96' title='bbox 67 1444 203 1504; x_wconf 87' lang='lat' dir='ltr'>Sane</span> <span class='ocrx_word' id='word_1_97' title='bbox 233 1462 343 1499; x_wconf 90' lang='lat' dir='ltr'>non</span> <span class='ocrx_word' id='word_1_98' title='bbox 375 1443 476 1497; x_wconf 90' lang='lat' dir='ltr'>ulli</span> <span class='ocrx_word' id='word_1_99' title='bbox 514 1445 667 1498; x_wconf 82' lang='lat' dir='ltr'>seriei</span> <span class='ocrx_word' id='word_1_100' title='bbox 702 1441 1078 1497; x_wconf 88' lang='lat' dir='ltr'>Romanorum</span> <span class='ocrx_word' id='word_1_101' title='bbox 1110 1441 1464 1510; x_wconf 86' lang='lat' dir='ltr'>Pontificum,</span> <span class='ocrx_word' id='word_1_102' title='bbox 1499 1443 1595 1498; x_wconf 92' lang='lat' dir='ltr'>sed</span> <span class='ocrx_word' id='word_1_103' title='bbox 1626 1443 1958 1516; x_wconf 89' lang='lat' dir='ltr'>simpliciter</span> 
     </span>
     <span class='ocr_line' id='line_1_15' title="bbox 78 1538 1960 1610; baseline -0.002 -14"><span class='ocrx_word' id='word_1_104' title='bbox 78 1540 299 1596; x_wconf 80' lang='lat' dir='ltr'>Romano</span> <span class='ocrx_word' id='word_1_105' title='bbox 330 1541 589 1610; x_wconf 76' lang='lat' dir='ltr'>Pontifici.</span> <span class='ocrx_word' id='word_1_106' title='bbox 625 1540 762 1594; x_wconf 90' lang='lat' dir='ltr'>Dum</span> <span class='ocrx_word' id='word_1_107' title='bbox 790 1544 975 1594; x_wconf 90' lang='lat' dir='ltr'>autem</span> <span class='ocrx_word' id='word_1_108' title='bbox 1007 1539 1115 1594; x_wconf 90' lang='lat' dir='ltr'>duo</span> <span class='ocrx_word' id='word_1_109' title='bbox 1151 1538 1247 1593; x_wconf 89' lang='lat' dir='ltr'>illa</span> <span class='ocrx_word' id='word_1_110' title='bbox 1278 1538 1513 1594; x_wconf 90' lang='lat' dir='ltr'>concilia</span> <span class='ocrx_word' id='word_1_111' title='bbox 1551 1539 1798 1595; x_wconf 83' lang='lat' dir='ltr'>Romano</span> <span class='ocrx_word' id='word_1_112' title='bbox 1823 1539 1960 1594; x_wconf 91' lang='lat' dir='ltr'>Pon-</span> 
     </span>
     <span class='ocr_line' id='line_1_16' title="bbox 82 1635 1959 1712; baseline -0.001 -19"><span class='ocrx_word' id='word_1_113' title='bbox 82 1635 208 1694; x_wconf 86' lang='lat' dir='ltr'>tifici</span> <span class='ocrx_word' id='word_1_114' title='bbox 230 1643 552 1712; x_wconf 88' lang='lat' dir='ltr'>potestatem</span> <span class='ocrx_word' id='word_1_115' title='bbox 589 1637 913 1693; x_wconf 86' lang='lat' dir='ltr'>adscribunt</span> <span class='ocrx_word' id='word_1_116' title='bbox 940 1638 1150 1709; x_wconf 80' lang='lat' dir='ltr'>plenam</span> <span class='ocrx_word' id='word_1_117' title='bbox 1181 1643 1232 1692; x_wconf 86' lang='lat' dir='ltr'>et</span> <span class='ocrx_word' id='word_1_118' title='bbox 1263 1655 1583 1710; x_wconf 79' lang='lat' dir='ltr'>supremam,</span> <span class='ocrx_word' id='word_1_119' title='bbox 1619 1639 1724 1692; x_wconf 89' lang='lat' dir='ltr'>hoc</span> <span class='ocrx_word' id='word_1_120' title='bbox 1754 1638 1874 1710; x_wconf 90' lang='lat' dir='ltr'>ipso</span> <span class='ocrx_word' id='word_1_121' title='bbox 1910 1637 1959 1692; x_wconf 92' lang='lat' dir='ltr'>ei</span> 
     </span>
     <span class='ocr_line' id='line_1_17' title="bbox 82 1732 1961 1808; baseline 0.001 -21"><span class='ocrx_word' id='word_1_122' title='bbox 82 1732 328 1790; x_wconf 88' lang='lat' dir='ltr'>tribuunt</span> <span class='ocrx_word' id='word_1_123' title='bbox 354 1739 677 1808; x_wconf 86' lang='lat' dir='ltr'>potestatem</span> <span class='ocrx_word' id='word_1_124' title='bbox 709 1734 1044 1790; x_wconf 88' lang='lat' dir='ltr'>decernendi</span> <span class='ocrx_word' id='word_1_125' title='bbox 1072 1733 1138 1789; x_wconf 90' lang='lat' dir='ltr'>de</span> <span class='ocrx_word' id='word_1_126' title='bbox 1160 1734 1289 1802; x_wconf 85' lang='lat' dir='ltr'>fide,</span> <span class='ocrx_word' id='word_1_127' title='bbox 1313 1751 1436 1806; x_wconf 84' lang='lat' dir='ltr'>quae</span> <span class='ocrx_word' id='word_1_128' title='bbox 1466 1733 1749 1807; x_wconf 62' lang='lat' dir='ltr'>praecipua</span> <span class='ocrx_word' id='word_1_129' title='bbox 1782 1738 1886 1802; x_wconf 83' lang='lat' dir='ltr'>est,</span> <span class='ocrx_word' id='word_1_130' title='bbox 1908 1739 1961 1788; x_wconf 88' lang='lat' dir='ltr'>et</span> 
     </span>
     <span class='ocr_line' id='line_1_18' title="bbox 82 1829 1962 1904; baseline 0 -19"><span class='ocrx_word' id='word_1_131' title='bbox 82 1829 198 1886; x_wconf 90' lang='lat' dir='ltr'>sine</span> <span class='ocrx_word' id='word_1_132' title='bbox 223 1849 330 1904; x_wconf 91' lang='lat' dir='ltr'>qua</span> <span class='ocrx_word' id='word_1_133' title='bbox 356 1832 634 1888; x_wconf 90' lang='lat' dir='ltr'>Romanus</span> <span class='ocrx_word' id='word_1_134' title='bbox 652 1831 904 1887; x_wconf 84' lang='lat' dir='ltr'>Pontifex</span> <span class='ocrx_word' id='word_1_135' title='bbox 937 1850 1048 1888; x_wconf 90' lang='lat' dir='ltr'>non</span> <span class='ocrx_word' id='word_1_136' title='bbox 1076 1831 1303 1887; x_wconf 86' lang='lat' dir='ltr'>haberet</span> <span class='ocrx_word' id='word_1_137' title='bbox 1331 1832 1543 1904; x_wconf 81' lang='lat' dir='ltr'><strong><em>plenam</em></strong></span> <span class='ocrx_word' id='word_1_138' title='bbox 1574 1835 1626 1886; x_wconf 90' lang='lat' dir='ltr'>et</span> <span class='ocrx_word' id='word_1_139' title='bbox 1664 1850 1962 1904; x_wconf 76' lang='lat' dir='ltr'><strong><em>supremam</em></strong></span> 
     </span>
     <span class='ocr_line' id='line_1_19' title="bbox 77 1927 1960 2005; baseline 0 -22"><span class='ocrx_word' id='word_1_140' title='bbox 77 1927 135 1983; x_wconf 91' lang='lat' dir='ltr'>in</span> <span class='ocrx_word' id='word_1_141' title='bbox 166 1929 402 1986; x_wconf 87' lang='lat' dir='ltr'>Ecclesia</span> <span class='ocrx_word' id='word_1_142' title='bbox 423 1936 773 2005; x_wconf 81' lang='lat' dir='ltr'>potestatem,</span> <span class='ocrx_word' id='word_1_143' title='bbox 801 1929 896 1985; x_wconf 92' lang='lat' dir='ltr'>sed</span> <span class='ocrx_word' id='word_1_144' title='bbox 918 1928 1238 1984; x_wconf 88' lang='lat' dir='ltr'>inferiorem</span> <span class='ocrx_word' id='word_1_145' title='bbox 1266 1934 1318 1984; x_wconf 94' lang='lat' dir='ltr'>et</span> <span class='ocrx_word' id='word_1_146' title='bbox 1351 1927 1538 1983; x_wconf 89' lang='lat' dir='ltr'>minus</span> <span class='ocrx_word' id='word_1_147' title='bbox 1566 1928 1960 2002; x_wconf 77' lang='lat' dir='ltr'>principalem.</span> 
     </span>
     <span class='ocr_line' id='line_1_20' title="bbox 74 2025 1964 2103; baseline 0.002 -23"><span class='ocrx_word' id='word_1_148' title='bbox 74 2025 279 2082; x_wconf 90' lang='lat' dir='ltr'>Dictam</span> <span class='ocrx_word' id='word_1_149' title='bbox 297 2046 421 2084; x_wconf 85' lang='lat' dir='ltr'>vero</span> <span class='ocrx_word' id='word_1_150' title='bbox 450 2034 775 2103; x_wconf 87' lang='lat' dir='ltr'>potestatem</span> <span class='ocrx_word' id='word_1_151' title='bbox 806 2027 1009 2098; x_wconf 89' lang='lat' dir='ltr'>habere</span> <span class='ocrx_word' id='word_1_152' title='bbox 1036 2026 1253 2099; x_wconf 78' lang='lat' dir='ltr'>nequit,</span> <span class='ocrx_word' id='word_1_153' title='bbox 1278 2026 1384 2082; x_wconf 88' lang='lat' dir='ltr'>nisi</span> <span class='ocrx_word' id='word_1_154' title='bbox 1413 2026 1463 2081; x_wconf 92' lang='lat' dir='ltr'>ei</span> <span class='ocrx_word' id='word_1_155' title='bbox 1491 2025 1653 2082; x_wconf 86' lang='lat' dir='ltr'>fidem</span> <span class='ocrx_word' id='word_1_156' title='bbox 1681 2027 1964 2083; x_wconf 89' lang='lat' dir='ltr'>definienti</span> 
     </span>
     <span class='ocr_line' id='line_1_21' title="bbox 75 2120 1963 2198; baseline 0.001 -21"><span class='ocrx_word' id='word_1_157' title='bbox 75 2120 261 2178; x_wconf 86' lang='lat' dir='ltr'>fideles</span> <span class='ocrx_word' id='word_1_158' title='bbox 285 2143 475 2180; x_wconf 89' lang='lat' dir='ltr'>omnes</span> <span class='ocrx_word' id='word_1_159' title='bbox 510 2126 865 2198; x_wconf 82' lang='lat' dir='ltr'>acquiescere</span> <span class='ocrx_word' id='word_1_160' title='bbox 898 2132 951 2181; x_wconf 91' lang='lat' dir='ltr'>et</span> <span class='ocrx_word' id='word_1_161' title='bbox 984 2125 1209 2180; x_wconf 90' lang='lat' dir='ltr'>obedire</span> <span class='ocrx_word' id='word_1_162' title='bbox 1240 2131 1568 2189; x_wconf 81' lang='lat' dir='ltr'>teneantur3</span> <span class='ocrx_word' id='word_1_163' title='bbox 1607 2130 1659 2180; x_wconf 94' lang='lat' dir='ltr'>et</span> <span class='ocrx_word' id='word_1_164' title='bbox 1687 2124 1881 2179; x_wconf 89' lang='lat' dir='ltr'>nullus</span> <span class='ocrx_word' id='word_1_165' title='bbox 1914 2124 1963 2179; x_wconf 89' lang='lat' dir='ltr'>ci</span> 
     </span>
     <span class='ocr_line' id='line_1_22' title="bbox 79 2201 1966 2277; baseline 0.003 -6"><span class='ocrx_word' id='word_1_166' title='bbox 79 2218 157 2272; x_wconf 94' lang='lat' dir='ltr'>sic</span> <span class='ocrx_word' id='word_1_167' title='bbox 186 2221 405 2275; x_wconf 89' lang='lat' dir='ltr'>obedire</span> <span class='ocrx_word' id='word_1_168' title='bbox 433 2201 714 2277; x_wconf 82' lang='lat' dir='ltr'>teneretur</span> <span class='ocrx_word' id='word_1_169' title='bbox 733 2223 843 2277; x_wconf 90' lang='lat' dir='ltr'>nisi</span> <span class='ocrx_word' id='word_1_170' title='bbox 863 2223 1002 2277; x_wconf 87' lang='lat' dir='ltr'>soret</span> <span class='ocrx_word' id='word_1_171' title='bbox 1020 2221 1354 2275; x_wconf 84' lang='lat' dir='ltr'>infallibilis.</span> <span class='ocrx_word' id='word_1_172' title='bbox 1372 2221 1522 2275; x_wconf 87' lang='lat' dir='ltr'>Unde</span> <span class='ocrx_word' id='word_1_173' title='bbox 1548 2221 1795 2277; x_wconf 88' lang='lat' dir='ltr'>Romano</span> <span class='ocrx_word' id='word_1_174' title='bbox 1827 2223 1966 2277; x_wconf 87' lang='lat' dir='ltr'>Pon-</span> 
     </span>
     <span class='ocr_line' id='line_1_23' title="bbox 81 2313 1961 2391; baseline 0.004 -24"><span class='ocrx_word' id='word_1_175' title='bbox 81 2313 212 2368; x_wconf 83' lang='lat' dir='ltr'>tifici</span> <span class='ocrx_word' id='word_1_176' title='bbox 241 2316 550 2370; x_wconf 78' lang='lat' dir='ltr'>adscribere</span> <span class='ocrx_word' id='word_1_177' title='bbox 572 2318 795 2388; x_wconf 88' lang='lat' dir='ltr'>plenam</span> <span class='ocrx_word' id='word_1_178' title='bbox 821 2324 873 2371; x_wconf 92' lang='lat' dir='ltr'>et</span> <span class='ocrx_word' id='word_1_179' title='bbox 898 2334 1219 2389; x_wconf 87' lang='lat' dir='ltr'>supremam</span> <span class='ocrx_word' id='word_1_180' title='bbox 1245 2317 1303 2370; x_wconf 92' lang='lat' dir='ltr'>in</span> <span class='ocrx_word' id='word_1_181' title='bbox 1331 2317 1577 2371; x_wconf 89' lang='lat' dir='ltr'>Ecclesia</span> <span class='ocrx_word' id='word_1_182' title='bbox 1607 2325 1961 2391; x_wconf 80' lang='lat' dir='ltr'>potestatem,</span> 
     </span>
     <span class='ocr_line' id='line_1_24' title="bbox 80 2409 1962 2483; baseline 0.004 -20"><span class='ocrx_word' id='word_1_183' title='bbox 80 2413 162 2463; x_wconf 90' lang='lat' dir='ltr'>est</span> <span class='ocrx_word' id='word_1_184' title='bbox 197 2409 298 2464; x_wconf 90' lang='lat' dir='ltr'>hoe</span> <span class='ocrx_word' id='word_1_185' title='bbox 325 2410 443 2482; x_wconf 91' lang='lat' dir='ltr'>ipso</span> <span class='ocrx_word' id='word_1_186' title='bbox 469 2427 597 2464; x_wconf 90' lang='lat' dir='ltr'>eum</span> <span class='ocrx_word' id='word_1_187' title='bbox 628 2409 984 2464; x_wconf 87' lang='lat' dir='ltr'>infallibilem</span> <span class='ocrx_word' id='word_1_188' title='bbox 1023 2410 1329 2465; x_wconf 87' lang='lat' dir='ltr'>declarare.</span> <span class='ocrx_word' id='word_1_189' title='bbox 1380 2410 1557 2483; x_wconf 81' lang='lat' dir='ltr'>Igitur</span> <span class='ocrx_word' id='word_1_190' title='bbox 1602 2414 1962 2471; x_wconf 84' lang='lat' dir='ltr'>oecumenicis</span> 
     </span>
     <span class='ocr_line' id='line_1_25' title="bbox 81 2504 1799 2590; baseline 0.003 -30"><span class='ocrx_word' id='word_1_191' title='bbox 81 2505 333 2560; x_wconf 90' lang='lat' dir='ltr'>conciliis</span> <span class='ocrx_word' id='word_1_192' title='bbox 365 2504 716 2578; x_wconf 87' lang='lat' dir='ltr'>apertissime</span> <span class='ocrx_word' id='word_1_193' title='bbox 746 2505 1076 2561; x_wconf 86' lang='lat' dir='ltr'>contradicit</span> <span class='ocrx_word' id='word_1_194' title='bbox 1107 2507 1465 2590; x_wconf 73' lang='lat' dir='ltr'>Bossuetiana</span> <span class='ocrx_word' id='word_1_195' title='bbox 1496 2508 1799 2565; x_wconf 88' lang='lat' dir='ltr'>distinctio.</span> 
     </span>
    </p>

    <p class='ocr_par' dir='ltr' id='par_1_4' title="bbox 80 2601 1962 2873">
     <span class='ocr_line' id='line_1_26' title="bbox 155 2601 1962 2681; baseline 0.006 -26"><span class='ocrx_word' id='word_1_196' title='bbox 155 2601 368 2668; x_wconf 78' lang='lat' dir='ltr'>Quarto.</span> <span class='ocrx_word' id='word_1_197' title='bbox 402 2603 455 2657; x_wconf 89' lang='lat' dir='ltr'>Si</span> <span class='ocrx_word' id='word_1_198' title='bbox 496 2603 700 2658; x_wconf 67' lang='lat' dir='ltr'>valeret</span> <span class='ocrx_word' id='word_1_199' title='bbox 740 2602 1024 2658; x_wconf 80' lang='lat' dir='ltr'>subtilitas</span> <span class='ocrx_word' id='word_1_200' title='bbox 1070 2605 1204 2671; x_wconf 82' lang='lat' dir='ltr'>haee,</span> <span class='ocrx_word' id='word_1_201' title='bbox 1234 2605 1355 2677; x_wconf 88' lang='lat' dir='ltr'>pari</span> <span class='ocrx_word' id='word_1_202' title='bbox 1374 2606 1503 2678; x_wconf 73' lang='lat' dir='ltr'>jure</span> <span class='ocrx_word' id='word_1_203' title='bbox 1535 2606 1644 2661; x_wconf 91' lang='lat' dir='ltr'>dici</span> <span class='ocrx_word' id='word_1_204' title='bbox 1681 2615 1863 2681; x_wconf 88' lang='lat' dir='ltr'>posset</span> <span class='ocrx_word' id='word_1_205' title='bbox 1909 2617 1962 2666; x_wconf 89' lang='lat' dir='ltr'>et</span> 
     </span>
     <span class='ocr_line' id='line_1_27' title="bbox 80 2697 1962 2776; baseline 0.005 -23"><span class='ocrx_word' id='word_1_206' title='bbox 80 2697 324 2769; x_wconf 83' lang='lat' dir='ltr'>deberet,</span> <span class='ocrx_word' id='word_1_207' title='bbox 343 2718 451 2754; x_wconf 88' lang='lat' dir='ltr'>non</span> <span class='ocrx_word' id='word_1_208' title='bbox 471 2700 647 2774; x_wconf 88' lang='lat' dir='ltr'>ipsam</span> <span class='ocrx_word' id='word_1_209' title='bbox 673 2700 1058 2756; x_wconf 87' lang='lat' dir='ltr'>collectionem</span> <span class='ocrx_word' id='word_1_210' title='bbox 1086 2701 1506 2776; x_wconf 85' lang='lat' dir='ltr'>Episcoporum,</span> <span class='ocrx_word' id='word_1_211' title='bbox 1533 2711 1810 2776; x_wconf 87' lang='lat' dir='ltr'>quatenus</span> <span class='ocrx_word' id='word_1_212' title='bbox 1828 2726 1962 2763; x_wconf 88' lang='lat' dir='ltr'>eon-</span> 
     </span>
     <span class='ocr_line' id='line_1_28' title="bbox 81 2799 1954 2873; baseline 0.005 -21"><span class='ocrx_word' id='word_1_213' title='bbox 81 2802 186 2853; x_wconf 88' lang='lat' dir='ltr'>stat</span> <span class='ocrx_word' id='word_1_214' title='bbox 215 2815 279 2852; x_wconf 87' lang='lat' dir='ltr'>cx</span> <span class='ocrx_word' id='word_1_215' title='bbox 316 2799 596 2873; x_wconf 88' lang='lat' dir='ltr'>Episcopis</span> <span class='ocrx_word' id='word_1_216' title='bbox 627 2799 714 2855; x_wconf 86' lang='lat' dir='ltr'>hic</span> <span class='ocrx_word' id='word_1_217' title='bbox 745 2807 798 2855; x_wconf 94' lang='lat' dir='ltr'>et</span> <span class='ocrx_word' id='word_1_218' title='bbox 829 2817 977 2855; x_wconf 89' lang='lat' dir='ltr'>nunc</span> <span class='ocrx_word' id='word_1_219' title='bbox 1003 2801 1390 2873; x_wconf 78' lang='lat' dir='ltr'>existe1itibUS‚</span> <span class='ocrx_word' id='word_1_220' title='bbox 1423 2820 1543 2858; x_wconf 89' lang='lat' dir='ltr'>esse</span> <span class='ocrx_word' id='word_1_221' title='bbox 1570 2803 1954 2872; x_wconf 77' lang='lat' dir='ltr'>infallibilem3</span> 
     </span>
    </p>

    <p class='ocr_par' dir='ltr' id='par_1_5' title="bbox 0 2892 1961 3069">
     <span class='ocr_line' id='line_1_29' title="bbox 86 2892 1954 2972; baseline 0.006 -26"><span class='ocrx_word' id='word_1_222' title='bbox 86 2892 180 2947; x_wconf 89' lang='lat' dir='ltr'>scd</span> <span class='ocrx_word' id='word_1_223' title='bbox 225 2894 514 2950; x_wconf 81' lang='lat' dir='ltr'>dumtaxat</span> <span class='ocrx_word' id='word_1_224' title='bbox 557 2899 742 2952; x_wconf 77' lang='lat' dir='ltr'>seriem</span> <span class='ocrx_word' id='word_1_225' title='bbox 778 2906 827 2952; x_wconf 84' lang='lat' dir='ltr'>et</span> <span class='ocrx_word' id='word_1_226' title='bbox 868 2900 1242 2954; x_wconf 77' lang='lat' dir='ltr'>successionem</span> <span class='ocrx_word' id='word_1_227' title='bbox 1277 2901 1553 2972; x_wconf 90' lang='lat' dir='ltr'>ejusmodi</span> <span class='ocrx_word' id='word_1_228' title='bbox 1591 2902 1954 2960; x_wconf 84' lang='lat' dir='ltr'>collectionis.</span> 
     </span>
     <span class='ocr_line' id='line_1_30' title="bbox 88 2987 1961 3069; baseline 0.009 -30.237"><span class='ocrx_word' id='word_1_229' title='bbox 88 2987 251 3059; x_wconf 78' lang='lat' dir='ltr'>Atqui</span> <span class='ocrx_word' id='word_1_230' title='bbox 277 2994 459 3044; x_wconf 88' lang='lat' dir='ltr'>tamen</span> <span class='ocrx_word' id='word_1_231' title='bbox 489 2991 591 3046; x_wconf 91' lang='lat' dir='ltr'>hoc</span> <span class='ocrx_word' id='word_1_232' title='bbox 621 2992 822 3048; x_wconf 83' lang='lat' dir='ltr'>falsum</span> <span class='ocrx_word' id='word_1_233' title='bbox 849 3001 951 3049; x_wconf 89' lang='lat' dir='ltr'>est.</span> <span class='ocrx_word' id='word_1_234' title='bbox 987 2994 1093 3049; x_wconf 90' lang='lat' dir='ltr'>lloc</span> <span class='ocrx_word' id='word_1_235' title='bbox 1120 2995 1239 3069; x_wconf 90' lang='lat' dir='ltr'>ipso</span> <span class='ocrx_word' id='word_1_236' title='bbox 1271 2997 1420 3051; x_wconf 87' lang='lat' dir='ltr'>enim</span> <span class='ocrx_word' id='word_1_237' title='bbox 1448 2997 1829 3054; x_wconf 85' lang='lat' dir='ltr'>destrueretur</span> <span class='ocrx_word' id='word_1_238' title='bbox 1851 3006 1961 3055; x_wconf 91' lang='lat' dir='ltr'>tota</span> 
     </span>
    </p>

    <p class='ocr_par' dir='ltr' id='par_1_6' title="bbox 10 3083 2006 3642">
     <span class='ocr_line' id='line_1_31' title="bbox 90 3083 1961 3164; baseline 0.007 -26"><span class='ocrx_word' id='word_1_239' title='bbox 90 3083 337 3138; x_wconf 70' lang='lat' dir='ltr'>Ecclesite</span> <span class='ocrx_word' id='word_1_240' title='bbox 384 3085 777 3155; x_wconf 85' lang='lat' dir='ltr'>infallibilitas;</span> <span class='ocrx_word' id='word_1_241' title='bbox 839 3090 965 3162; x_wconf 88' lang='lat' dir='ltr'>quia</span> <span class='ocrx_word' id='word_1_242' title='bbox 1012 3091 1129 3163; x_wconf 81' lang='lat' dir='ltr'>jani</span> <span class='ocrx_word' id='word_1_243' title='bbox 1187 3093 1377 3147; x_wconf 90' lang='lat' dir='ltr'>nullus</span> <span class='ocrx_word' id='word_1_244' title='bbox 1429 3093 1701 3164; x_wconf 82' lang='lat' dir='ltr'>assignari</span> <span class='ocrx_word' id='word_1_245' title='bbox 1756 3095 1961 3152; x_wconf 69' lang='lat' dir='ltr'>valeret</span> 
     </span>
     <span class='ocr_line' id='line_1_32' title="bbox 10 3167 1962 3263; baseline 0.007 -28"><span class='ocrx_word' id='word_1_246' title='bbox 10 3167 14 3179; x_wconf 56' lang='lat'><strong>¹</strong></span> <span class='ocrx_word' id='word_1_247' title='bbox 90 3180 350 3254; x_wconf 88' lang='lat' dir='ltr'>temporis</span> <span class='ocrx_word' id='word_1_248' title='bbox 376 3182 664 3254; x_wconf 85' lang='lat' dir='ltr'>articulus,</span> <span class='ocrx_word' id='word_1_249' title='bbox 694 3185 751 3239; x_wconf 92' lang='lat' dir='ltr'>in</span> <span class='ocrx_word' id='word_1_250' title='bbox 781 3204 890 3258; x_wconf 91' lang='lat' dir='ltr'>quo</span> <span class='ocrx_word' id='word_1_251' title='bbox 918 3187 1024 3242; x_wconf 91' lang='lat' dir='ltr'>dici</span> <span class='ocrx_word' id='word_1_252' title='bbox 1044 3195 1230 3261; x_wconf 89' lang='lat' dir='ltr'>posset</span> <span class='ocrx_word' id='word_1_253' title='bbox 1252 3210 1262 3242; x_wconf 91' lang='lat'>:</span> <span class='ocrx_word' id='word_1_254' title='bbox 1288 3189 1566 3260; x_wconf 72' lang='lat' dir='ltr'>Colleqiam</span> <span class='ocrx_word' id='word_1_255' title='bbox 1591 3189 1962 3263; x_wconf 80' lang='lat' dir='ltr'>Episcoporum</span> 
     </span>
     <span class='ocr_line' id='line_1_33' title="bbox 90 3279 1960 3356; baseline 0.009 -24"><span class='ocrx_word' id='word_1_256' title='bbox 90 3279 169 3333; x_wconf 81' lang='lat' dir='ltr'>hic</span> <span class='ocrx_word' id='word_1_257' title='bbox 199 3286 247 3333; x_wconf 79' lang='lat' dir='ltr'>et</span> <span class='ocrx_word' id='word_1_258' title='bbox 285 3297 416 3333; x_wconf 66' lang='lat' dir='ltr'>utine</span> <span class='ocrx_word' id='word_1_259' title='bbox 441 3282 767 3336; x_wconf 79' lang='lat' dir='ltr'>eaeistentium</span> <span class='ocrx_word' id='word_1_260' title='bbox 796 3291 870 3337; x_wconf 85' lang='lat' dir='ltr'>est</span> <span class='ocrx_word' id='word_1_261' title='bbox 910 3285 988 3338; x_wconf 80' lang='lat' dir='ltr'>hic</span> <span class='ocrx_word' id='word_1_262' title='bbox 1017 3293 1064 3340; x_wconf 86' lang='lat' dir='ltr'>et</span> <span class='ocrx_word' id='word_1_263' title='bbox 1090 3304 1221 3340; x_wconf 72' lang='lat' dir='ltr'>uarie</span> <span class='ocrx_word' id='word_1_264' title='bbox 1263 3287 1553 3356; x_wconf 81' lang='lat' dir='ltr'>infallibile.</span> <span class='ocrx_word' id='word_1_265' title='bbox 1589 3286 1650 3342; x_wconf 88' lang='lat' dir='ltr'>Et</span> <span class='ocrx_word' id='word_1_266' title='bbox 1680 3294 1864 3346; x_wconf 84' lang='lat' dir='ltr'>tamen</span> <span class='ocrx_word' id='word_1_267' title='bbox 1894 3292 1960 3348; x_wconf 91' lang='lat' dir='ltr'>de</span> 
     </span>
     <span class='ocr_line' id='line_1_34' title="bbox 89 3374 2006 3450; baseline 0.005 -20"><span class='ocrx_word' id='word_1_268' title='bbox 89 3374 197 3430; x_wconf 82' lang='lat' dir='ltr'>fide</span> <span class='ocrx_word' id='word_1_269' title='bbox 224 3382 323 3446; x_wconf 90' lang='lat' dir='ltr'>est,</span> <span class='ocrx_word' id='word_1_270' title='bbox 357 3383 771 3450; x_wconf 87' lang='lat' dir='ltr'>permanentem</span> <span class='ocrx_word' id='word_1_271' title='bbox 812 3384 866 3434; x_wconf 90' lang='lat' dir='ltr'>et</span> <span class='ocrx_word' id='word_1_272' title='bbox 898 3379 1222 3435; x_wconf 87' lang='lat' dir='ltr'>continuam</span> <span class='ocrx_word' id='word_1_273' title='bbox 1250 3379 1309 3434; x_wconf 87' lang='lat' dir='ltr'>in</span> <span class='ocrx_word' id='word_1_274' title='bbox 1346 3381 1585 3438; x_wconf 88' lang='lat' dir='ltr'>Ecclesia</span> <span class='ocrx_word' id='word_1_275' title='bbox 1616 3384 1856 3443; x_wconf 88' lang='lat' dir='ltr'>residere</span> <span class='ocrx_word' id='word_1_276' title='bbox 1879 3387 1963 3444; x_wconf 89' lang='lat' dir='ltr'>in-</span> <span class='ocrx_word' id='word_1_277' title='bbox 2002 3436 2006 3440; x_wconf 90' lang='lat'>.</span> 
     </span>
     <span class='ocr_line' id='line_1_35' title="bbox 92 3470 1957 3546; baseline 0.009 -21"><span class='ocrx_word' id='word_1_278' title='bbox 92 3470 506 3527; x_wconf 86' lang='lat' dir='ltr'>fallibilitatem.</span> <span class='ocrx_word' id='word_1_279' title='bbox 538 3472 709 3544; x_wconf 78' lang='lat' dir='ltr'>Igitur</span> <span class='ocrx_word' id='word_1_280' title='bbox 745 3471 891 3546; x_wconf 91' lang='lat' dir='ltr'>quod</span> <span class='ocrx_word' id='word_1_281' title='bbox 927 3474 1222 3529; x_wconf 82' lang='lat' dir='ltr'>somniavit</span> <span class='ocrx_word' id='word_1_282' title='bbox 1260 3474 1580 3535; x_wconf 90' lang='lat' dir='ltr'>Bossuetius</span> <span class='ocrx_word' id='word_1_283' title='bbox 1607 3479 1673 3536; x_wconf 90' lang='lat' dir='ltr'>de</span> <span class='ocrx_word' id='word_1_284' title='bbox 1710 3481 1957 3542; x_wconf 88' lang='lat' dir='ltr'>Romano</span> 
     </span>
     <span class='ocr_line' id='line_1_36' title="bbox 90 3567 1963 3642; baseline 0.009 -19"><span class='ocrx_word' id='word_1_285' title='bbox 90 3567 370 3640; x_wconf 85' lang='lat' dir='ltr'>Pontifiee,</span> <span class='ocrx_word' id='word_1_286' title='bbox 390 3568 641 3625; x_wconf 78' lang='lat' dir='ltr'>videlicet</span> <span class='ocrx_word' id='word_1_287' title='bbox 661 3586 1119 3642; x_wconf 89' lang='lat' dir='ltr'>unumquemque</span> <span class='ocrx_word' id='word_1_288' title='bbox 1145 3569 1451 3630; x_wconf 87' lang='lat' dir='ltr'>Romanum</span> <span class='ocrx_word' id='word_1_289' title='bbox 1475 3574 1791 3636; x_wconf 83' lang='lat' dir='ltr'>Pontificem</span> <span class='ocrx_word' id='word_1_290' title='bbox 1817 3599 1963 3639; x_wconf 85' lang='lat' dir='ltr'>seor-</span> 
     </span>
    </p>
   </div>
   <div class='ocr_carea' id='block_1_3' title="bbox 0 1066 82 4010">
    <p class='ocr_par' dir='ltr' id='par_1_7' title="bbox 0 1066 82 4010">
     <span class='ocr_line' id='line_1_37' title="bbox 0 1066 82 4010; baseline 0 0"><span class='ocrx_word' id='word_1_291' title='bbox 0 1066 82 4010; x_wconf 95' lang='lat' dir='ltr'> </span> 
     </span>
    </p>
   </div>
  </div>
 </body>
</html>
