2262 3990
792 189 917 238 PARS
949 186 1189 236 SECUNDA.
1843 181 1932 230 409

55 301 188 360 adeo
220 297 507 374 gravitatis
549 295 947 370 dignitatisque
980 311 1095 351 suae
1141 292 1354 350 obitum
1391 291 1587 362 fuisse,
1627 295 1690 347 ut
1722 290 1931 365 prima-

56 399 202 455 rium
223 397 418 453 Africae
441 394 758 452 Antistitem
777 393 1131 469 cyprianum,
1154 390 1211 446 in
1239 389 1584 447 defendendo
1613 393 1809 445 contra'
1830 388 1934 446 No-

55 499 242 550 vatum
274 492 525 549 Cornelio
555 492 722 564 Papa,
745 490 814 546 de
834 489 971 546 Sede
996 486 1298 563 apostolica
1329 492 1442 542 tam
1465 485 1607 542 bene
1641 484 1932 557 meritum,

57 590 336 664 probrosis
382 571 819 664 pseudo-Christi,
866 578 1316 664 pseudo-'apostoli
1373 591 1426 640 et
1473 583 1643 639 dolosi
1711 585 1936 658 operarii

58 687 604 746 denominationibus
631 683 923 742 notaverit.
972 683 1122 737 Nihil
1166 682 1275 738 tale
1316 681 1459 756 apud
1500 680 1739 754 genuina
1777 681 1935 739 Sedis

58 783 366 858 apostolicae
398 787 540 852 acta,
568 778 875 855 praesertim
902 778 1006 833 hoc
1033 794 1167 845 aevn,
1193 776 1524 851 reperietur.
1547 777 1713 849 Magis
1748 784 1934 833 autem

56 883 322 952 repugnat
348 877 403 932 id
433 891 744 950 supponere
761 874 828 928 de
853 878 1042 928 sancto
1067 873 1341 945 Stephano
1375 878 1638 949 martyre.
1669 873 1932 929 Putidum

56 974 226 1046 igitur
262 977 636 1029 commentum
685 969 1026 1026 censendum
1060 975 1164 1037 est,
1216 969 1474 1024 haeretica
1520 971 1933 1027 Donatistarum

53 1086 219 1125 manu
244 1067 579 1123 mendaciter
603 1073 913 1122 exaratum.

130 1164 322 1233 Terti0,
363 1163 409 1218 si
452 1163 695 1236 genuina
740 1164 880 1219 foret
921 1162 1154 1237 epistola
1185 1163 1320 1230 haec,
1363 1162 1659 1219 dicendum
1701 1174 1844 1222 esset
1880 1167 1935 1220 in

51 1260 410 1316 manifestum
442 1260 684 1316 schisma
712 1260 949 1334 turpiter
983 1260 1167 1335 lapsos
1195 1278 1336 1331 esse,
1380 1267 1501 1317 tum
1544 1260 1935 1318 Firmilianum

52 1358 147 1431 qui
174 1375 294 1414 eam
321 1357 658 1431 scripsisset,
686 1363 804 1413 tum
828 1365 879 1413 et
903 1358 1231 1432 Cyprianum
1255 1358 1351 1431 qui
1378 1358 1550 1414 latine
1574 1359 1932 1432 publicasset.

49 1454 421 1528 Multipliciter
462 1455 611 1510 enim
653 1455 730 1510 ibi
765 1456 1035 1511 asseritur
1072 1457 1415 1530 Stephanum
1441 1457 1641 1529 Papam
1692 1457 1937 1530 seipsum

53 1552 563 1608 excommunicasse
590 1559 641 1608 ct
674 1553 740 1607 ab
771 1552 1025 1607 Ecclesiae
1054 1553 1268 1609 unitate
1296 1570 1604 1627 separasse,
1643 1553 1941 1628 ipsumque

53 1651 296 1704 haeretico
327 1651 559 1722 pejorem
587 1667 726 1705 esse.
751 1649 903 1705 Unde
927 1655 1119 1705 auctor
1145 1650 1389 1724 epistolae
1411 1651 1657 1707 vicissim
1693 1669 1811 1707 sese
1839 1653 1943 1706 hoc

56 1747 174 1820 ipso
208 1746 448 1802 declarat
489 1765 518 1801 a
558 1746 832 1819 Stephano
866 1746 1007 1819 Papa
1032 1750 1375 1819 separatum,
1407 1747 1635 1820 ejusque
1671 1745 1940 1802 decisioni

54 1862 114 1899 ac
149 1851 422 1918 praecepto
448 1844 823 1911 resistentem;
861 1844 1009 1915 quod
1045 1852 1125 1899 est
1164 1844 1513 1917 ipsissimum
1538 1844 1783 1900 schisma
1817 1863 1942 1918 pro-

54 1939 216 1995 fiteri.
245 1941 338 1994 Cui
366 1941 684 1996 adhaesisset
722 1940 1023 2015 Cyprianus
1065 1941 1359 2016 epistolam
1392 1943 1746 2016 approbando
1775 1951 1829 1999 et
1861 1944 1939 1997 la-

59 2035 166 2092 tine
199 2037 551 2110 publicando.
581 2037 814 2093 Proinde
843 2056 952 2093 non
982 2057 1081 2112 pro
1123 2046 1343 2109 sanctO,
1379 2039 1474 2094 sed
1503 2057 1603 2112 pro
1636 2040 1941 2097 furibundo

58 2133 405 2188 schismatico
445 2134 730 2188 habendus
773 2135 912 2190 foret
943 2135 1270 2211 Cyprianus.
1317 2136 1443 2202 Nec,
1486 2138 1699 2208 absque
1739 2138 1940 2211 praevia

59 2227 381 2298 poenitentia
415 2235 468 2282 et
501 2229 915 2297 retractatione,
952 2230 1230 2284 maculam
1267 2231 1578 2302 abstergere
1608 2235 1940 2306 martyrium

61 2322 178 2394 ejus
210 2323 496 2395 potuisset.
542 2310 698 2392 Nam,
748 2332 910 2396 prout
945 2325 1060 2398 ipse
1098 2326 1229 2380 dicit
1274 2327 1329 2380 in
1374 2345 1474 2381 sua
1520 2328 1586 2382 ad
1627 2330 1941 2386 Cornelium

63 2418 310 2492 epistola,
346 2420 576 2491 loquens
613 2421 679 2475 de
707 2421 1018 2476 Novatianis
1057 2407 1355 2493 haereticis,
1386 2427 1482 2479 etsi
1521 2426 1706 2497 aliquis
1733 2445 1797 2481 ex
1830 2429 1943 2483 tali-

58 2516 149 2570 bus
188 2519 349 2587 fuerit
389 2518 758 2588 apprehensus,
800 2537 901 2572 non
943 2527 1019 2573 est
1058 2520 1193 2590 quod
1231 2523 1327 2576 sibi
1358 2524 1507 2593 quasi
1539 2525 1589 2577 in
1620 2525 1943 2595 confessione

57 2614 278 2666 nominis
314 2613 634 2683 blandiatur,
679 2633 791 2668 cum
832 2622 1050 2679 constet,
1089 2619 1132 2670 si
1167 2620 1319 2672 occisi
1355 2620 1608 2690 ejusmodi
1651 2629 1804 2675 eaetra
1844 2622 1942 2677 Ec-

57 2707 263 2762 clesia-m
295 2711 512 2779 suerint,
541 2712 661 2780 fidei
699 2729 942 2767 coronam
971 2730 1073 2766 non
1111 2732 1242 2782 esse,
1272 2715 1367 2770 sed
1396 2734 1601 2788 poenam
1630 2721 1801 2789 potius
1827 2737 1941 2774 esse

53 2805 316 2874 perfidiae,
359 2824 450 2860 nec
490 2809 542 2861 in
575 2808 726 2862 domo
780 2808 874 2863 Det
924 2811 1057 2864 inter
1110 2813 1378 2866 unanimes
1432 2814 1754 2868 habitaturos
1806 2834 1937 2884 esse,

56 2915 180 2969 quos
219 2900 447 2956 videmus
490 2903 552 2957 de
577 2907 796 2976 pacifica
832 2914 881 2960 et
927 2908 1102 2962 divina
1139 2909 1292 2963 domo
1318 2912 1500 2981 furore
1538 2911 1814 2964 cliscordiae
1854 2928 1936 2964 re-

58 2995 269 3048 cessisse
293 2995 543 3079 (epistola
575 2999 663 3052 77³
691 2999 745 3053 in
772 3001 1112 3058 editionibus
1142 3003 1346 3058 Baluzii
1381 3011 1434 3059 et
1459 3004 1731 3074 Pamelii).
1765 3007 1941 3075 Atque

59 3089 201 3144 idem
251 3089 433 3144 docuit
474 3099 699 3149 sanctus
734 3097 1074 3167 Augustinus
1113 3121 1122 3151 :
1175 3100 1326 3155 Foris
1362 3103 1425 3154 ab
1469 3101 1696 3155 Ecclesia
1745 3105 1935 3156 eonsti-

59 3194 195 3239 tutus
223 3194 270 3239 et
298 3196 571 3256 separatus
608 3208 638 3242 a
665 3207 904 3262 compuye
932 3197 1169 3249 veritatis
1199 3204 1248 3250 et
1284 3197 1488 3251 vinculo
1527 3199 1783 3268 caritatis,
1815 3218 1937 3272 sup-

53 3281 208 3353 plicio
235 3291 421 3336 aeterno
457 3286 712 3355 punieris,
740 3288 939 3341 etiamsi
966 3307 1062 3359 pro
1102 3291 1294 3347 Christi
1334 3295 1543 3347 nomine
1582 3295 1724 3349 vivus
1761 3297 1933 3352 incen-

59 3380 254 3433 dereris
305 3379 555 3452 (epistola
602 3380 667 3434 ad
710 3380 1001 3452 Donatum,
1051 3404 1281 3459 operum
1328 3395 1482 3443 tomo
1525 3390 1590 3460 11,
1642 3391 1744 3449 col.
1800 3394 1926 3465 614,

57 3475 309 3530 editionis
341 3476 865 3551 Benedictinorum).
894 3481 1034 3544 Quid
1059 3484 1375 3555 cogitaverit
1409 3504 1472 3543 ac
1497 3487 1746 3547 docuerit
1773 3510 1928 3550 sanc-

60 3576 148 3627 tus
177 3573 476 3648 ,Cyprianus
505 3576 571 3633 dc
605 3577 672 3632 iis
713 3578 807 3651 qui
848 3578 1091 3636 Romano
1134 3582 1379 3642 Pontifici
1421 3587 1800 3664 obtemperare
1843 3609 1927 3649 re-

1973 359 1997 370 e

1964 3123 1989 3140 Ο
