2306 4010
830 187 957 235 PARS
987 186 1225 235 SECUNDA.
1883 187 1972 236 169

93 303 322 377 riqorose
350 300 572 373 probant
611 296 902 354 Romanum
925 295 1229 365 Pontificem
1269 309 1380 349 esse
1415 294 1470 348 in
1509 291 1838 348 decernenda
1870 292 1976 363 fide

95 397 442 470 infallibilem.
465 428 533 438 -
553 395 827 452 Probatur
855 392 910 448 1⁰
937 408 1001 447 ex
1027 390 1148 464 ipso
1170 398 1338 463 petrae
1362 389 1651 456 vocabule,
1688 406 1798 462 quo
1833 405 1974 444 usus

97 503 180 554 est
216 494 487 551 Christus.
521 526 590 534 —
628 493 788 563 Nam,
830 509 894 548 ex
927 487 1303 564 propositione
1343 487 1432 558 lv,
1455 504 1554 563 per
1588 505 1778 544 vocem
1810 486 1974 543 istam

102 591 406 663 designavit
431 590 700 658 Christus,
731 604 843 644 non
884 584 1063 641 solum
1094 582 1339 654 Petrum,
1373 583 1468 639 sed
1507 584 1808 657 quemlibet
1842 583 1978 657 legi-

110 688 313 742 timum
362 686 480 759 ejus
528 697 924 749 successorem,
978 694 1074 734 seu
1127 679 1430 749 quemlibet
1468 698 1648 753 usque
1698 681 1767 736 ad
1809 679 1976 737 finem

106 784 301 841 mundi
345 786 653 840 Romanum
692 777 1028 835 Pontificem.
1069 775 1241 848 Igitur
1286 777 1519 849 quilibet
1562 779 1846 852 legitimus
1880 779 1983 835 Ro-

112 900 315 938 manus
337 878 578 937 Pontifex
602 895 632 932 a
656 874 871 931 Christo
892 873 1208 929 declaratus
1232 878 1315 928 est
1343 883 1515 946 petra,
1551 881 1602 930 et
1634 876 1802 932 simul
1828 883 1982 951 petra

120 981 234 1035 haee
255 978 322 1033 ab
351 975 536 1032 eodem
570 972 782 1029 Christo
813 969 1090 1028 declarata
1119 975 1200 1026 est
1235 970 1486 1025 Ecclesiae
1526 971 1980 1031 fundamentum.

116 1074 234 1130 Jam
261 1087 386 1126 vero
409 1068 656 1124 Christus
681 1066 1110 1123 fundamentum
1144 1065 1294 1121 istud
1326 1064 1667 1138 designando
1691 1076 1856 1139 petrae
1883 1087 1981 1123 no-

104 1166 272 1236 mine,
317 1168 419 1222 hoc
460 1166 577 1240 ipso
618 1173 805 1240 aperte
854 1163 1151 1221 declaravit
1191 1163 1585 1219 inconcussam
1641 1163 1759 1219 fore
1802 1164 1983 1238 ipsius

100 1261 418 1318 firmitatem
439 1268 492 1317 et
516 1261 875 1318 soliditatem.
900 1261 1046 1317 Hanc
1077 1259 1225 1316 enim
1250 1259 1570 1316 firmitatem
1596 1278 1696 1334 per
1721 1279 1779 1316 se
1803 1259 1985 1334 expri-

107 1357 207 1414 mit
241 1377 335 1414 vox
372 1368 548 1432 petra,
579 1377 699 1431 quae
737 1358 881 1414 idem
922 1339 1098 1432 graec⁸e
1132 1366 1183 1414 et
1211 1358 1472 1415 hebraice
1507 1366 1669 1414 sonat
1708 1377 1770 1414 ac
1805 1378 1982 1431 rupea.

109 1452 172 1509 Et
212 1453 354 1509 sicut
399 1454 454 1508 in
507 1455 700 1527 lingua
744 1455 946 1511 Gallica
986 1455 1185 1511 fortius
1231 1454 1467 1527 exprimi
1512 1455 1707 1527 nequit
1749 1454 1986 1510 firmitas

104 1568 269 1623 quam
296 1551 573 1608 locutione
601 1553 725 1623 hac,
766 1556 934 1625 ferme
970 1571 1163 1608 comme
1191 1571 1261 1608 un
1289 1571 1397 1621 roc,
1428 1552 1502 1607 ita
1529 1552 1783 1608 Christus
1809 1553 1986 1607 omni-

100 1646 317 1702 modam
344 1647 658 1704 firmitatem
684 1648 954 1722 expressit
980 1647 1113 1702 dum
1138 1648 1419 1703 Simonem
1448 1646 1858 1720 cognominavit
1883 1647 1983 1702 Pe-

104 1749 259 1811 trum,
289 1742 342 1797 id
376 1749 478 1814 est,
518 1761 736 1818 rupem,
782 1749 833 1799 et
865 1745 998 1799 dum
1034 1744 1084 1799 ei
1114 1743 1284 1798 dixit:
1321 1744 1399 1798 Tu
1438 1760 1496 1798 es
1528 1759 1698 1816 rupes
1738 1747 1791 1797 et
1818 1759 1985 1815 super

102 1839 244 1895 hane
282 1858 480 1914 rupem
527 1842 803 1898 aedificabo
843 1841 1143 1897 Ecclesiam
1183 1859 1385 1896 meam.
1429 1841 1603 1905 Quem
1641 1839 1982 1911 caeteroquin

101 1952 324 1993 sensum
366 1939 601 2013 ipsemet
639 1940 887 1996 Christus
930 1939 1290 1996 manifestum
1324 1939 1453 1995 fecit
1486 1939 1632 2013 apud
1667 1940 1982 1994 Matthaeum

105 2035 207 2105 (vu,
253 2035 344 2107 24)
388 2043 439 2092 et
481 2037 626 2111 apud
666 2038 864 2094 Lucam
902 2040 994 2112 (v1,
1024 2038 1116 2106 48,
1154 2038 1192 2110 ),
1229 2037 1324 2093 uhi
1351 2037 1651 2094 Ecclesiam
1692 2055 1852 2093 suam
1892 2037 1984 2093 de-

104 2129 327 2201 signans
353 2134 456 2188 sub
482 2141 608 2207 typo
644 2135 863 2206 domus,
898 2136 1031 2191 dicit
1057 2153 1177 2192 eam
1204 2124 1434 2190 domum
1468 2135 1692 2208 pluviae,
1724 2135 1903 2191 ventis
1932 2140 1987 2189 et

106 2223 435 2282 fluminibus
464 2230 755 2299 restitisse,
796 2234 917 2302 quia
958 2234 1180 2302 fundata
1220 2241 1328 2286 erat
1359 2250 1515 2302 super
1553 2241 1783 2303 petram.
1818 2233 1985 2287 Porro

112 2316 494 2375 inconcussam
525 2323 675 2377 illam
703 2326 1048 2380 fundamenti
1074 2325 1342 2380 rationem
1372 2326 1573 2379 habere
1606 2327 1798 2398 nequit
1825 2327 1987 2380 Sum-

31 2423 46 2437 ·
114 2429 237 2468 mus
276 2414 539 2485 Pontifex,
582 2419 687 2474 nisi
731 2420 803 2476 sit
847 2422 902 2475 in
939 2421 1282 2477 decernenda
1325 2421 1430 2476 fide
1472 2421 1802 2477 infallibilis.
1849 2423 1985 2478 Nam

112 2508 348 2566 Ecclesia
380 2521 460 2569 est
486 2516 715 2573 societas
742 2536 862 2590 quae
885 2510 982 2593 per
1003 2519 1272 2574 unitatem
1298 2537 1437 2574 verae
1470 2519 1596 2574 fidei
1620 2520 1898 2589 coalescit,
1932 2527 1985 2576 et

110 2622 231 2677 quae
263 2606 318 2660 in
358 2609 460 2663 hac
493 2612 707 2668 unitate
737 2621 790 2669 et
827 2633 924 2687 per
958 2617 1100 2671 hanc
1126 2616 1396 2671 unitatem
1429 2621 1556 2671 stat.
1593 2615 1767 2688 Igitur
1807 2616 1854 2671 si
1882 2616 1987 2672 Ro·

109 2718 306 2757 manus
345 2703 589 2762 Pontifex
619 2708 814 2765 falsam
852 2710 1016 2767 fidem
1063 2712 1258 2768 docere
1296 2731 1357 2768 ac
1393 2713 1750 2787 praescribere
1782 2697 1978 2787 possit,

106 2812 215 2852 non
254 2805 333 2854 est
367 2799 755 2860 inconcussum
798 2806 1053 2863 Ecclesiae
1091 2808 1542 2879 fundamentum,
1583 2815 1636 2865 et
1673 2809 1811 2865 falso
1851 2827 1980 2865 eum

108 2893 349 2953 Christus
374 2909 616 2958 vocasset
636 2913 842 2976 petram
877 2906 966 2962 cui
995 2913 1171 2963 totum
1199 2908 1452 2964 Ecclesiae
1484 2908 1783 2964 aedificium
1818 2908 1983 2963 inniti

110 2987 348 3062 deberet,
375 2997 511 3054 falso
533 3017 730 3076 nempe
759 3004 864 3077 ipsi
896 3005 1181 3062 tribuisset
1207 3006 1601 3063 inconcussam
1630 3006 1982 3062 fundamenti

117 3085 454 3162 firmitatem,
480 3114 643 3168 quam
667 3118 768 3155 vox
789 3110 940 3174 petra
966 3122 1065 3177 per
1095 3122 1152 3159 se
1183 3105 1356 3160 solam
1385 3106 1664 3179 exprimit.

184 3181 451 3242 Probatur
483 3189 537 3243 2⁰
566 3209 629 3247 ex
651 3211 713 3249 eo
739 3197 885 3267 quod
907 3198 1051 3253 dieta
1076 3207 1230 3272 petra
1259 3201 1534 3256 declarata
1562 3199 1631 3254 sit
1655 3198 1983 3255 fundamen⁴

114 3286 231 3335 tum
258 3282 530 3342 Ecclesiae.
560 3320 628 3329 —
651 3290 863 3349 Etenim
894 3313 958 3351 ex
989 3298 1366 3371 propositione
1386 3298 1468 3366 IV,
1504 3315 1601 3371 per
1639 3298 1803 3354 verba
1828 3316 1983 3372 super

108 3375 241 3431 hane
260 3388 469 3450 petram
495 3400 602 3438 non
629 3390 839 3444 tantum
879 3390 1182 3463 designavit
1204 3394 1454 3449 Christus
1478 3394 1699 3449 Petrum
1730 3399 1783 3450 et
1811 3394 1978 3451 fidem

116 3473 185 3528 ab
213 3491 277 3530 eo
309 3479 734 3551 praedicandam,
763 3487 858 3541 sed
888 3487 1052 3542 etiam
1084 3489 1203 3561 ejus
1241 3507 1584 3547 successores
1621 3498 1673 3548 et
1711 3491 1877 3548 fidem
1908 3493 1977 3549 ab

115 3568 195 3625 eis
214 3571 550 3632 edocendam
569 3586 619 3635 ct
649 3581 1130 3653 praescribendam.
1154 3584 1303 3642 Unde
1320 3585 1599 3644 Romanus
1618 3588 1865 3645 Pontifex
1889 3589 1977 3644 his
