2262 3990
882 175 1007 223 PARS
1035 174 1278 222 SECUNDA.
1930 173 2025 220 ⁴59

146 285 347 345 tantia.
375 283 657 350 Quomodo
691 283 1084 341 scandalosum
1115 279 1266 338 istud
1314 278 1612 338 dissidium
1647 277 2024 354 compositum

143 383 312 441 tuerit
343 381 570 439 omnino
598 380 871 455 ignoravit
893 379 1260 454 Augustinus.
1289 377 1352 434 In
1375 377 1670 454 hypothesi
1694 376 1848 452 quod
1891 394 2023 434 eone

143 481 327 537 ssictus
352 497 539 536 revera
565 478 878 552 eontigerit,
901 477 1321 553 supponendam
1357 475 1494 533 dicit
1525 474 1787 551 Cypriani
1818 481 2024 532 retrac-

144 575 431 631 tationem.
463 574 563 631 Sed
590 574 762 630 simul
782 572 1012 630 adnotat
1035 572 1264 628 nullum
1291 574 1478 629 extare
1501 570 1740 644 hujusne
1756 575 2026 627 retracta-

145 670 310 727 tionis
344 669 661 754 vestigium.
704 670 868 726 Porro
910 667 1050 724 illud
1086 673 1583 725 monumentorum
1615 666 1685 722 de
1711 671 1883 724 tantae
1906 666 2026 724 litis

144 768 292 825 exitu
320 767 626 837 silentium,
664 772 831 839 atque
867 764 1214 835 omnimoda,
1242 764 1543 837 Augustini
1569 771 1843 840 tempore,
1874 765 2026 840 igno-

142 865 345 935 rantia,
392 862 832 919 commentitiam
883 862 1081 936 probat
1122 866 1298 917 totam
1354 861 1649 918 conflictus
1706 862 2023 920 historiam.

141 960 377 1029 Etenim,
421 958 733 1015 obscuratis
757 955 883 1014 aliis
925 956 1391 1026 circumstantiiS,
1429 959 1788 1015 remansisset
1823 960 2023 1016 saltem

142 1055 394 1124 deexitn,
415 1055 531 1111 sive
556 1053 777 1127 scriptis
795 1053 911 1110 sive
930 1053 1334 1118 extraditione‚
1368 1059 1519 1110 certa
1550 1054 1775 1126 notitia,
1793 1073 1859 1112 eo
1886 1063 2024 1112 tem-

136 1169 270 1227 pore
303 1169 414 1224 quo
454 1169 574 1208 rem
601 1152 940 1227 expendebat
982 1152 1345 1226 Augustinus·

218 1265 346 1320 VIII.
378 1266 599 1321 Scmctus
630 1265 975 1339 Hietonymus
1008 1283 1186 1321 terum
1224 1266 1431 1337 quidem
1462 1265 1677 1320 credidit
1707 1267 2018 1340 conflictum.

134 1362 230 1419 Ast
255 1364 307 1417 in
339 1380 570 1417 errorem
599 1381 713 1417 eum
746 1363 1014 1419 inductum
1042 1381 1150 1418 esse
1179 1362 1447 1418 dicendum
1474 1366 1601 1418 est¹.

209 1458 464 1514 Fatemur
514 1459 799 1516 sententiae
841 1465 1045 1516 nostrae
1085 1458 1368 1515 adversari
1414 1458 1806 1531 gravissimam
1833 1459 2019 1515 Hiero-

140 1554 292 1628 nymi
341 1554 745 1611 auctoritatem.
800 1556 970 1611 Natus
1018 1555 1385 1630 Hieronymus
1434 1572 1577 1612 anno
1621 1554 1753 1624 540,
1809 1560 1861 1611 et
1909 1555 2019 1612 vita

135 1651 363 1707 functus
391 1670 533 1707 anno
555 1651 684 1708 420.
709 1653 863 1709 Illam
890 1653 957 1710 de
988 1671 1099 1726 qua
1133 1653 1485 1721 disserimus,
1517 1652 1855 1727 Cyprianum
1875 1653 2021 1710 inter

132 1752 187 1803 et
210 1747 548 1822 Stephanum
578 1751 800 1824 Papam,
829 1750 1239 1806 contentionem
1276 1767 1466 1806 revera
1491 1749 1787 1822 contigisse
1815 1766 2019 1823 suppo-

132 1842 234 1899 nit.
255 1843 499 1900 Tertium
517 1844 948 1918 Carthaginense
972 1845 1273 1902 concilium
1299 1845 2018 1920 commemorat,Cypriani-

132 1962 240 2019 que
266 1946 334 2002 de
362 1948 632 2022 baptismo
658 1949 938 2024 epistolas,
969 1968 1032 2005 ae
1053 1967 1144 2006 eas
1170 1949 1501 2006 nominatim
1532 1968 1672 2024 quos
1690 1951 1760 2006 ad
1783 1949 2016 2026 Stepha-

131 2059 266 2099 num
292 2062 354 2100 ac
384 2045 716 2103 Jubaianum
744 2047 967 2104 direxit.

206 2139 335 2202 Quae
358 2142 474 2198 loca
505 2146 744 2218 reperies
763 2146 820 2200 in
849 2147 1067 2217 Dialoqo
1095 2155 1282 2201 contra
1300 2147 1683 2218 LuciferianOS,
1705 2166 1763 2202 n.
1789 2147 1883 2216 25,
1913 2147 2008 2218 25,

136 2238 185 2288 et
212 2233 308 2303 27,
338 2235 397 2289 in
429 2238 726 2311 Patroloyia
744 2241 946 2313 Migne,
969 2247 1011 2296 t.
1041 2241 1214 2311 XXIII,
1238 2242 1342 2297 col.
1375 2242 1505 2309 177,
1538 2242 1666 2310 179,
1693 2242 1831 2308 1803
1878 2249 1930 2299 et
1955 2243 2013 2297 in

136 2326 278 2384 libro
301 2331 363 2384 de
380 2331 515 2387 Viris
536 2333 842 2406 illustribuS,
865 2353 986 2410 cap.
1011 2355 1143 2408 unx,
1161 2337 1218 2391 in
1238 2338 1539 2410 Patroloqia
1555 2337 1753 2410 Migne,
1771 2343 1813 2392 t.
1835 2338 2009 2407 XXIII,

136 2425 239 2481 col.
285 2426 414 2483 677.

209 2521 287 2577 Ex
314 2524 400 2579 his
429 2525 739 2603 Hieronymi
775 2529 936 2587 dictis
979 2530 1290 2604 colligimus
1337 2538 1464 2588 nota
1502 2532 1608 2607 ipsi
1640 2532 1816 2589 fuisse
1841 2533 2009 2590 docu-

132 2625 316 2675 menta
360 2622 564 2693 quibus
591 2630 701 2681 tota
738 2627 934 2683 nititur
975 2629 1207 2685 celebris
1238 2630 1526 2685 conflictus
1567 2629 1826 2701 historia,
1857 2637 1909 2687 et
1941 2632 2009 2688 ab

129 2711 248 2787 ipso
278 2735 377 2790 pro
423 2720 678 2792 genuinis
718 2724 906 2781 habita
934 2725 1126 2783 fuisse.
1161 2727 1523 2783 Concedimus
1566 2727 1800 2803 insuper
1838 2728 1897 2784 in
1936 2729 2008 2786 iis

131 2806 560 2874 circumstantiis
602 2818 994 2896 Hieronymum
1027 2829 1310 2879 versatum
1360 2841 1501 2892 esse,
1538 2841 1660 2896 quae
1692 2824 2001 2880 faciliorem

134 2902 239 2977 ipsi
268 2908 558 2967 redderent
589 2914 859 2986 ejusmodi
884 2918 1355 2990 ,documentorum
1398 2925 1717 2975 accuratam
1760 2920 2009 2992 explora-

134 2998 361 3057 tionem.
405 3004 617 3063 Damasi
662 3011 818 3086 Papae
859 3016 1218 3071 secretarium
1251 3016 1383 3088 egit.
1424 3015 1502 3070 lta
1536 3021 1598 3070 ut
1641 3032 1706 3070 cx
1757 3015 2004 3071 archivio

134 3095 389 3154 Romanae
414 3100 663 3159 Ecclesiae
702 3106 1028 3165 documenta
1061 3110 1167 3183 ipsi
1198 3118 1399 3186 praesto
1435 3110 1668 3166 fuerint.
1714 3111 2002 3168 Nihilomi-

137 3209 242 3249 nus
263 3211 391 3251 eum
417 3203 468 3251 et
487 3215 671 3257 errare
696 3205 965 3276 potuisse,
988 3224 1050 3262 ac
1079 3207 1148 3263 de
1169 3208 1309 3264 facto
1338 3226 1556 3265 errasse
1585 3208 1881 3266 dicendum
1900 3217 2002 3268 est.

192 3323 243 3375 (1)
272 3322 330 3364 De
352 3326 547 3377 opeiibus
572 3329 699 3369 sancti
724 3330 972 3384 11v==e10n3mi
993 3333 1094 3374 dixit
1112 3335 1360 3377 Bollandista
1385 3335 1605 3387 Stiltingus
1634 3336 1691 3390 (in
1710 3338 1808 3380 actis
1829 3338 1869 3380 S.
1891 3339 2005 3382 Libe·

132 3389 188 3431 rii
216 3391 364 3444 papae),
385 3394 498 3434 nulla
522 3395 651 3447 magis
678 3395 922 3450 interpolata
945 3399 1089 3442 fuisse.
1115 3401 1174 3441 An
1192 3401 1315 3442 etiam
1338 3402 1551 3453 probabile
1578 3401 1631 3444 sit
1648 3407 1797 3452 textus,
1823 3406 1874 3448 de
1890 3419 2004 3459 prae-

131 3456 243 3498 dicto
262 3459 455 3501 conflictu
477 3467 661 3513 agentes,
687 3464 821 3506 atiena
844 3477 972 3508 manu
994 3467 1195 3519 operibus
1214 3469 1258 3510 S.
1283 3468 1530 3521 ltyeronymi
1557 3469 1716 3512 additos
1742 3471 1883 3525 fuisse,
1903 3485 2003 3516 eru·-

132 3523 229 3566 ditis
252 3527 563 3579 expendendum
581 3531 876 3584 relinquimus.
897 3533 945 3576 ln
964 3535 1158 3588 praesenti
1178 3540 1317 3579 autem
1341 3537 1638 3592 disceptatione
1654 3541 1847 3594 praet’atos
1865 3547 2002 3586 textus

132 3593 332 3644 genuinos
356 3597 641 3647 supponimus
