2262 3990
208 120 296 165 556
884 108 1172 156 TRACTATUS
1201 108 1268 156 DE
1298 108 1445 156 PAPA.

208 218 740 281 communicationis
758 215 1050 273 damnavit
1061 215 1194 273 Pius
1209 216 1254 272 ΙΙ
1265 216 1420 273 bulla
1435 217 1771 290 execrabilia,
1789 235 1938 275 anno
1955 219 2120 277 1459.

203 356 280 365 —-
294 323 395 376 Eas
419 317 630 392 pariter
645 315 752 371 sub
771 315 1126 372 anathemate
1144 314 1433 372 damnavit
1451 315 1640 372 Sixtus
1660 315 1680 370 Ι
1689 316 1748 386 V,
1765 317 1928 388 cuius
1946 315 2121 388 hulla,

211 424 351 473 teste
378 414 668 490 Raynaldo
709 414 786 487 (in
814 414 1118 471 annalibus
1147 414 1563 487 ecclesiasticiS,
1589 415 1659 471 ad
1684 433 1898 471 annum
1929 414 2121 489 1485),

196 518 365 591 jussu
392 515 662 572 Ludovici
702 515 770 570 XI
797 515 856 571 in
884 514 1096 572 -Galliis
1141 515 1472 572 solemniter
1506 515 1612 573 fuit
1642 515 2020 592 promulgata.
2052 549 2126 560 -

200 618 339 672 Item
368 633 463 672 eas
492 614 780 671 damnavit
810 614 1001 671 Julius
1028 615 1095 685 ΙΙ,
1131 614 1230 689 qui
1267 615 1324 671 in
1353 615 1761 672 constitutione
1791 615 2017 688 suscepti
2042 633 2124 672 re·
2175 631 2178 634 ’

199 718 406 787 {liminis
436 714 757 789 approbans
800 718 854 769 et
885 713 1166 790 amplians
1209 714 1533 790 praedictam
1571 714 1651 770 Pii
1684 713 1728 768 11
1763 713 2003 785 bullam,
2033 713 2132 771 tle-⁶

198 811 375 868 clarat
403 818 457 868 et
487 811 762 883 decernit,
795 814 938 886 ipsos
966 812 1368 887 (appellantes)
1408 820 1457 869 et
1485 831 1667 868 eorum
1710 810 1989 885 quemlibet
2022 813 2120 885 pro

197 914 336 968 veris
370 921 418 968 et
446 912 761 968 indubitatis
803 913 1150 968 schismaticis
1191 931 1252 968 ac
1283 913 1346 968 cle·
1386 913 1642 969 catholica
1680 913 1784 985 fule
1830 911 1970 967 male
2006 930 2120 969 sen-

199 1011 448 1067 tientibus
468 1011 730 1067 habendos
758 1030 871 1067 esse
890 1019 940 1067 et
957 1012 1301 1084 reputando&
1337 1018 1391 1068 ct
1415 1012 1776 1085 gravissimas
1803 1011 1860 1067 in
1887 1029 1981 1068 eos
2008 1029 2120 1087 poe-

195 1129 295 1167 nas
321 1110 590 1168 decernit.
612 1126 687 1152 -’-
708 1111 813 1166 Eas
843 1110 1129 1166 damnavit
1151 1110 1253 1166 Leo
1279 1110 1341 1166 X.
1361 1110 1995 1184 ConstitutioncEaeurye
2018 1110 2121 1167 Do-

192 1214 332 1267 mine
363 1211 473 1284 (cui
501 1218 553 1267 et
575 1211 747 1267 totius
775 1210 1034 1266 Ecclesiae
1067 1228 1336 1267 assensus
1361 1216 1411 1266 et
1435 1211 1743 1286 acceptatio
1775 1209 2117 1285 supervenit)

194 1318 498 1384 utramque
521 1310 844 1386 praedictam
877 1309 957 1365 Pii
984 1309 1028 1364 ΙΙ
1059 1316 1111 1366 et
1143 1309 1275 1366 Julii
1309 1311 1350 1366 Il
1379 1310 1593 1366 bullam
1617 1316 1894 1366 memorat
1919 1315 1971 1366 et
1991 1328 2119 1367 con·
2195 1357 2198 1395 t

195 1411 379 1467 firmat
408 1434 417 1476 3
452 1429 515 1466 ac
548 1410 783 1486 insuper
821 1411 1133 1467 Lutherum
1176 1410 1524 1483 redarguens
1573 1409 1722 1483 quod
1752 1415 1947 1466 contra
1975 1409 2120 1483 ejus-

194 1509 346 1566 modi
378 1510 845 1567 constitutionum
872 1517 1124 1568 tenorem
1149 1529 1323 1567 ausus
1354 1515 1500 1567 esset
1530 1509 1599 1566 ad
1621 1508 1927 1566 concilium
1952 1526 2122 1583 gene-

194 1610 311 1667 rale
343 1611 653 1687 appellare,
695 1612 862 1667 verba
901 1613 1019 1668 haec
1065 1611 1391 1686 subjungit:
1416 1613 1678 1685 potuisset
1716 1610 1975 1667 Lutherus
2007 1610 2118 1683 jam

189 1713 311 1767 inde
335 1714 514 1768 habere&
540 1721 792 1786 tanquam
817 1714 1092 1769 haereticns
1119 1720 1277 1786 utque
1300 1712 1426 1770 talis
1444 1715 1649 1787 puniri.
1669 1746 1738 1754 —
1757 1710 2004 1768 Tandem
2026 1729 2118 1767 eas

193 1810 482 1866 damnavit
513 1811 848 1868 Benedictus
869 1813 996 1882 xlv,
1024 1813 1431 1869 constitutione
1463 1831 1563 1869 sua
1582 1812 1664 1869 Ea:
1692 1812 1928 1868 omnibus
1954 1811 2114 1867 chris-

193 1912 320 1965 tiani
345 1912 504 1978 omia,
529 1929 639 1983 qua
667 1911 1061 1983 denegandum
1101 1913 1351 1970 decernit
1380 1898 1810 1970 sanctissimum
1843 1911 2107 1968 viaticum

187 2010 255 2065 iis
284 2010 554 2066 omnibus
590 2010 687 2083 qui
718 2011 887 2067 bullae
925 2010 1229 2084 Uniqenitus
1258 2013 1645 2083 adversantes,
1683 2014 1752 2068 ab
1788 2031 1850 2068 ea
1879 2010 2106 2086 publice

187 2109 542 2183 appellabant
572 2109 639 2164 ad
671 2110 927 2166 futurum
966 2110 1295 2167 concilium.
1340 2111 1519 2184 Igitur
1552 2110 1853 2186 appellatio
1896 2128 1925 2165 a
1966 2109 2111 2182 Papa

185 2208 253 2263 ad
276 2208 580 2291 concilium
611 2226 864 2282 expresse
884 2228 913 2264 a
942 2209 1080 2265 Sede
1107 2210 1407 2284 apostolica
1435 2210 1649 2284 pluries
1682 2209 1954 2264 damnata
1988 2214 2101 2277 est;

185 2309 420 2364 accessit
454 2309 702 2366 conditio
735 2328 765 2365 a
794 2315 1096 2385 systemate
1137 2309 1422 2366 Gallicano
1477 2309 1752 2384 requisita
1791 2315 1850 2365 ut
1883 2308 1991 2365 ista
2018 2308 2108 2365 de-

183 2414 334 2464 creta
352 2409 643 2467 Pontificia
664 2410 1110 2483 irrefragabilem
1135 2409 1245 2466 vim
1276 2410 1542 2480 habeant,
1569 2408 1843 2465 nimirum
1869 2408 1937 2464 ab
1957 2406 2110 2482 Epis-

182 2511 336 2585 copis
365 2530 463 2567 seu
494 2513 562 2568 ab
588 2511 836 2568 Ecclesia
867 2511 1121 2587 dispersa
1142 2529 1258 2567 non
1285 2511 1659 2567 reclamatum
1691 2515 1806 2578 est;
1843 2509 1957 2565 imo
1980 2506 2105 2564 uni-

181 2610 474 2667 versaliter
513 2630 542 2667 a
571 2610 872 2667 catholicis
915 2610 1160 2686 praefatae
1209 2611 1377 2667 bullae
1414 2616 1650 2685 receptae
1681 2615 1833 2665 sunt.
1877 2590 2099 2665 Certum

182 2708 418 2784 proinde
448 2729 562 2765 non
596 2710 715 2766 dari
749 2710 1184 2785 appellationem
1215 2727 1244 2765 a
1278 2709 1418 2784 Papa
1448 2709 1516 2765 ad
1543 2708 1870 2764 concilium.

261 2809 313 2863 5ο
340 2808 668 2882 Illegitimas
701 2808 1108 2883 appellationes
1151 2827 1178 2864 a
1228 2809 1369 2884 Papa
1402 2808 1469 2864 ad
1509 2807 1814 2863 concilium
1847 2806 2134 2873 demonsa

180 2912 329 2963 trant
369 2906 606 2982 insuper
632 2907 825 2982 plures
853 2906 1100 2963 rationes
1128 2907 1476 2980 theologicfe,
1501 2906 1780 2963 videlicet.
1811 2906 2101 2970 -Prim0‚

178 3007 501 3063 communis
541 3006 836 3062 doctorum
875 3006 1280 3063 catholicorum
1329 3007 1627 3063 sententia.
1664 3005 1917 3081 Exceptis
1953 3003 2101 3060 enim

177 3102 374 3178 paucis
407 3103 790 3160 recentiorum
818 3108 1139 3178 temporum
1175 3103 1497 3176 Gallicanis,
1543 3122 1738 3160 omnes
1769 3102 2116 3178 generaliter¹

175 3203 234 3258 in
262 3203 364 3259 hac
391 3221 452 3259 re
484 3203 870 3262 consentiunt.
892 3237 960 3245 —-
979 3203 1245 3277 Secundo,
1271 3203 1339 3260 de
1367 3203 1476 3261 fide
1506 3210 1588 3262 est
1606 3205 1811 3279 Papam
1839 3221 1960 3260 esse
1985 3221 2117 3266 om-,

177 3303 338 3359 nium
362 3303 617 3360 fidelium
643 3310 863 3379 patrem
897 3310 950 3360 et
979 3303 1287 3377 doctorem,
1317 3323 1651 3381 supremum
1680 3305 1940 3362 omnium
1969 3322 2095 3380 pas·
2175 3362 2178 3364 ,

175 3408 378 3474 torem,
410 3409 462 3460 et
491 3404 947 3481 confirmatorem
982 3405 1246 3462 fratrum.
1286 3405 1456 3462 Porro
1483 3405 1616 3463 talis
1646 3424 1759 3462 non
1787 3406 1929 3463 foret
1952 3403 1998 3460 si
2025 3402 2094 3459 ab

178 3497 298 3571 ipso
330 3501 398 3555 ad
435 3502 590 3558 aliud
618 3503 872 3560 tribunal
901 3504 1174 3579 appellari
1203 3511 1501 3580 posset.—
1530 3505 1573 3562 T
1572 3507 1731 3575 erti0,
1767 3505 1834 3562 de
1864 3503 1968 3559 fide
2010 3507 2091 3559 est
2120 3575 2122 3577 v

171 3594 498 3684 ,institutam
534 3620 564 3658 a
594 3602 808 3662 Christo
837 3603 1141 3662 Ecclesiam
1173 3623 1304 3661 cum
1343 3605 1523 3661 forma
1558 3604 1941 3672 monarchica,
1979 3618 2090 3658 non
