2262 3990
0 1038 7 1074 l

845 163 969 211 PARS
995 160 1196 210 mam.
1872 153 1961 202 2.ae

820 473 1070 535 CAPUT
1113 473 1230 534 VII

276 683 704 720 Atellanarum!
723 682 808 719 Ex
832 681 1236 719 NROESSHAUB
1260 680 1764 718 Arruntanum!

151 760 282 798 PE·
318 761 551 807 ΡΔΡΛΙ,
587 761 666 796 111·
694 758 1027 797 vencnum!
1062 759 1164 804 §1⁹1⁸
1198 758 1626 796 oecumnmcuu
1663 759 1744 796 ΕΙ·
1780 760 1896 797 vn!

558 833 821 871 conclu!
844 831 1194 868 ΜΙΙΠΙΞΠΙΟΙ
1219 831 1481 866 ΙΙΑΙΙΒΔΪ.

161 1033 531 1092 Praenotanda.
558 1033 706 1088 --1ο
740 1030 947 1105 Duplex
971 1028 1303 1084 intervenire
1339 1033 1516 1102 potest
1548 1028 1785 1084 Romani
1824 1030 1965 1086 Pon·

0 1159 2 1189 :
86 1132 246 1190 tificis
273 1129 594 1206 approbatio
626 1150 635 1182 :
669 1129 781 1183 Una
813 1146 921 1201 qua
950 1125 1187 1181 decretis
1227 1126 1453 1200 quidem
1504 1126 1726 1181 concilii
1777 1146 1966 1185 assen-

87 1249 211 1286 sum
252 1247 419 1285 suum
457 1228 547 1282 det
581 1234 633 1283 et
670 1225 1010 1282 sufficienter
1040 1224 1378 1291 manifestet,
1410 1224 1504 1280 sed
1536 1225 1747 1297 absque
1787 1225 1967 1281 decla-

86 1327 293 1383 ratione
321 1325 537 1399 publica
563 1330 613 1380 et
634 1324 889 1392 solemni,
919 1323 986 1379 ad
1007 1322 1305 1378 Ecclesiam
1326 1323 1699 1379 universalem
1728 1323 1964 1394 directa,

88 1440 193 1496 qua
243 1422 381 1477 hanc
428 1439 587 1476 suam
629 1421 1078 1495 approbationem
1123 1426 1356 1476 testetur
1394 1427 1445 1476 et
1482 1420 1748 1476 intimet:
1796 1421 1968 1477 altera

87 1537 213 1574 vero
237 1518 541 1575 consistens
569 1518 626 1573 in
655 1517 929 1591 ejusmodi
956 1517 1175 1592 publica
1225 1517 1622 1587 declaratione,
1659 1524 1783 1591 post
1810 1519 1971 1574 abso-

85 1616 265 1671 lutum
291 1616 611 1682 concilium,
642 1633 739 1689 per
757 1616 967 1671 litteras
993 1615 1317 1689 encyclicas,
1342 1615 1516 1671 aliove
1536 1615 1662 1670 mod
1679 1633 1732 1684 o,
1760 1617 1829 1671 ad
1848 1634 1968 1671 om-

85 1730 182 1768 nes
214 1712 483 1768 Ecclesias
507 1714 851 1769 transmissa.
883 1712 1039 1767 Prior
1065 1718 1144 1768 est
1170 1712 1405 1786 simplex
1437 1712 1765 1786 approbatio
1799 1733 1809 1764 z
1838 1713 1966 1767 Pos-

82 1808 252 1887 terior
304 1811 705 1880 confirmationis
746 1809 972 1864 nomine
1014 1809 1288 1880 designari
1341 1809 1496 1865 solet.
1543 1810 1724 1864 Potest
1771 1814 1965 1865 tamen

82 1905 233 1980 prior
279 1907 444 1962 etiam
474 1907 655 1962 vocari
704 1905 1071 1975 confirmatiO,
1115 1906 1418 1961 dummodo
1454 1907 1798 1979 intelligatur
1822 1925 1966 1962 non·

82 2003 216 2060 dum
243 2004 631 2064 universaliter
662 2003 919 2060 Ecclesiis
949 2004 1287 2076 significata,
1322 2004 1465 2060 sicut
1501 2010 1552 2060 et
1572 2005 1848 2079 posterior
1872 2024 1966 2061 vo-

6 2123 9 2134 ²
81 2102 191 2159 cari
219 2110 391 2178 potest
425 2103 764 2178 approbatiO,
791 2103 1097 2159 dummodo
1131 2103 1476 2175 intelligatur
1502 2103 1891 2161 universaliter
1912 2112 1964 2163 et

0 2249 1 2254 ,
80 2202 299 2276 publice
335 2201 640 2257 notificata.

159 2299 214 2354 2⁰
236 2298 407 2367 Prior,
448 2303 508 2352 ut
537 2316 662 2353 mox
688 2298 1035 2373 probabitur,
1064 2299 1293 2354 omnino
1314 2299 1629 2354 necessaria
1651 2307 1733 2356 est
1754 2307 1813 2355 ut
1834 2319 1962 2357 eon·

86 2396 277 2452 cilium
300 2395 370 2451 sit
401 2395 832 2463 oecumenicum,
869 2401 921 2450 et
964 2395 1083 2468 ejus
1112 2395 1326 2452 decreta
1363 2396 1473 2452 vim
1503 2398 1843 2453 intrinsecam
1870 2398 1964 2452 ha-

87 2494 248 2550 beant
299 2492 686 2548 universaliter
735 2491 1033 2564 obligandi.
1069 2493 1340 2550 Posterior
1380 2511 1529 2563 vero,
1558 2494 1660 2549 etsi
1698 2496 1966 2552 ordinarie

88 2591 158 2647 sit
204 2590 536 2659 necessaria,
580 2590 835 2646 videlicet
884 2596 946 2646 ut
980 2590 1200 2646 decreta
1241 2591 1353 2647 vim
1402 2592 1568 2647 etiam
1615 2595 1966 2650 extrinsecam

89 2687 365 2759 obligandi
393 2688 650 2756 habeant,
677 2706 788 2744 non
814 2694 999 2744 tamen
1024 2688 1253 2743 absolute
1278 2706 1375 2744 seu
1400 2707 1620 2763 semper
1654 2692 1965 2747 necessaria

91 2788 192 2836 est.
227 2782 434 2838 Dicitur
482 2801 602 2839 eam
658 2802 776 2840 esse
816 2785 1081 2840 ordinarie
1131 2787 1523 2857 necessariam,
1562 2787 1693 2859 quia
1735 2787 1967 2844 Romani

92 2879 364 2936 Pontificis
389 2883 729 2955 approbatiO,
747 2884 855 2939 nisi
875 2885 1224 2941 notorietatis
1245 2887 1480 2959 publicae
1500 2886 1589 2942 fiat
1614 2904 1714 2959 per
1734 2887 1966 2942 authen-

95 2976 256 3031 ticam
288 2976 439 3032 illam
465 2978 532 3033 ad
559 2997 749 3037 omnes
780 2983 1045 3038 Ecclesias
1071 2983 1338 3041 directam
1366 2984 1824 3052 declarationem,
1841 3002 1968 3057 pos-

96 3081 175 3130 set
206 3073 534 3147 quandoque
574 3078 767 3134 multis
792 3079 976 3151 ignota
1005 3081 1089 3135 vel
1125 3081 1294 3139 dubia
1330 3099 1640 3138 remanere.
1693 3081 1810 3144 Quo
1835 3098 1966 3137 casu

96 3170 191 3242 qui
234 3170 383 3225 illam
428 3172 764 3244 ignorabunt
810 3175 1042 3231 decretis
1080 3178 1299 3233 concilii
1340 3197 1453 3234 non
1486 3178 1962 3249 constringentur.

94 3268 211 3323 Non
238 3268 462 3339 quidem
490 3271 636 3342 quod
665 3289 763 3344 per
795 3289 854 3327 se
879 3272 1094 3329 decreta
1122 3274 1215 3329 illa
1243 3276 1357 3347 jam
1388 3293 1498 3331 non
1526 3275 1758 3331 habeant
1782 3277 1967 3331 intrin-

95 3383 265 3420 secam
288 3366 563 3437 obligandi
591 3367 722 3435 vim,
764 3374 952 3442 utpote
975 3386 1003 3425 a
1034 3369 1295 3426 Pontifiee
1328 3372 1625 3445 approbata
1648 3378 1700 3428 et
1732 3374 1964 3444 firmata,

97 3461 190 3516 sed
218 3462 346 3534 quia
369 3463 478 3517 vim
503 3463 654 3519 illam
684 3464 741 3519 in
768 3464 1085 3538 ignorantes
1112 3483 1332 3524 exerere
1353 3476 1656 3540 nequeunt,
1685 3469 1963 3541 siquidem

98 3557 182 3612 lex
226 3558 411 3630 ignota
445 3577 551 3615 non
586 3562 811 3633 obligat.
853 3563 956 3618 Sed
999 3564 1255 3620 addimus
1295 3566 1597 3624 solemnem
1637 3567 1798 3624 istam
1834 3585 1964 3625 con-
