2306 4010
877 158 1008 205 PARS
1039 157 1262 207 SECUNDA
1272 195 1282 205 .
1969 158 2028 204 95

144 272 361 347 regaliae
370 270 464 346 jus
489 270 731 328 extendit
747 270 815 326 ad
841 269 1103 327 dioeceses
1128 286 1252 343 quae
1271 266 1403 325 huic
1413 266 1530 342 juri
1548 267 1873 324 nullatenus
1895 264 2026 320 sub-

136 371 415 446 jacebant,
447 387 511 426 ex
555 367 817 424 omnibus
856 385 1047 424 earum
1071 367 1376 424 dioeceseon
1416 364 1702 442 Episcopis
1722 363 1833 419 duo
1859 362 2027 418 dum-

142 473 291 524 taxat
330 466 686 535 obstiterunt,
717 464 1018 522 Alectensis
1065 471 1231 538 atque
1261 467 1646 541 Apamiensis;
1691 465 1930 535 caeteris,
1957 481 2027 520 ne

143 565 261 638 regi
298 564 672 638 displicerent,
703 563 906 619 misere
941 562 1456 636 praevaricantibus.
1497 565 1810 621 Notandum
1838 568 2023 619 autem

144 667 227 717 est
251 661 594 717 Alectensem
619 658 912 734 praesulem
940 657 1018 711 Du
1056 657 1326 728 Pavillon,
1353 677 1416 715 eo
1439 660 1665 716 nomine
1700 663 2023 733 suspectum

144 757 318 813 fuisse
358 756 506 830 quod
551 753 878 810 Jansenistis
920 752 1152 819 faveret:
1202 752 1531 828 editumque
1567 757 1635 812 ab
1670 756 1791 830 ipso
1815 755 2025 811 librum

143 855 403 911 Ritualem
445 855 750 909 Romanam
812 869 1108 907 censuram
1156 869 1267 906 non
1331 853 1591 909 evasisse.
1639 854 1897 910 Alienum
1947 859 2027 908 ta-

145 972 271 1009 men
305 952 480 1028 ipsius
520 951 775 1006 animum
805 968 835 1005 a
869 949 1189 1022 deneganda
1216 949 1529 1005 obedientia
1562 950 1687 1006 Sedi
1715 951 2027 1023 apostolicae

143 1049 448 1120 debitassic
466 1048 582 1123 ipse
599 1054 835 1104 testatur
861 1047 918 1102 in
943 1047 1198 1122 epistola,
1220 1065 1390 1119 quam
1418 1046 1585 1103 morti
1603 1048 1718 1120 jam
1736 1046 2027 1121 proximus

141 1149 207 1204 ad
232 1148 540 1204 Romanum
569 1147 882 1203 Pontificem
925 1146 1127 1202 direxit
1151 1145 1241 1202 die
1277 1145 1345 1201 25
1371 1145 1612 1202 octobris
1645 1145 1789 1201 1677
1821 1167 1832 1200 :

219 1268 246 1300 α
280 1247 373 1302 Est
411 1252 464 1302 et
497 1245 650 1301 aliud
682 1263 844 1318 grave
869 1245 1030 1314 mihi,
1065 1244 1383 1301 beatissime
1414 1245 1593 1314 Pater,
1640 1244 1846 1318 quippe
1879 1243 2027 1316 quod

142 1364 276 1402 meae
306 1364 434 1402 cum
463 1344 762 1419 apostolica
786 1345 921 1400 Sede
947 1343 1328 1400 communioni
1367 1343 1628 1399 umbram
1661 1343 1910 1415 aliquam
1948 1343 2028 1398 of-

141 1444 369 1500 fundere
395 1444 676 1510 videatur;
722 1461 958 1499 censura
995 1442 1207 1499 scilicet
1243 1460 1271 1497 a
1299 1442 1563 1497 Romanis
1594 1440 2027 1513 inquisitoribus

141 1538 344 1594 Rituali
370 1539 535 1604 libro,
574 1537 668 1611 qui
718 1556 747 1593 a
791 1556 880 1593 me
909 1537 977 1592 ad
1004 1556 1171 1593 usum
1199 1544 1402 1593 nostrae
1424 1536 1674 1592 dioecesis
1703 1536 1887 1592 editus
1919 1542 2023 1606 est,

142 1637 345 1693 inusta.
384 1637 530 1692 Libri
574 1637 796 1692 illius...
835 1656 1038 1693 novum
1079 1655 1306 1693 examen
1355 1635 1545 1692 subire
1587 1654 1699 1691 non
1741 1636 2022 1701 detrect03

141 1735 253 1791 imo
280 1742 527 1810 peroptO,
553 1736 599 1791 si
636 1736 799 1791 modo
816 1735 1087 1791 Sanctitas
1110 1741 1288 1791 vestra
1316 1753 1415 1809 per
1435 1752 1493 1790 se
1520 1753 1618 1808 pro
1649 1751 1749 1788 sua
1781 1732 2030 1805 benigni-

139 1841 252 1891 tate
281 1835 468 1890 oculos
503 1840 555 1889 et
580 1834 831 1890 animum
869 1834 1154 1890 advertere
1181 1833 1403 1906 dignata
1431 1832 1620 1888 fuerit.
1660 1831 1941 1904 Quidquid
1968 1832 2026 1886 in

142 1949 204 1988 eo
230 1932 636 1988 emendandum
665 1951 763 2007 pro
790 1950 889 1987 sua
916 1931 1188 2006 sapientia
1206 1931 1451 2001 duxerit,
1475 1932 1578 1986 hoc
1600 1949 1699 2004 pro
1719 1929 2028 1986 reverentia

143 2046 263 2087 mea
281 2031 687 2087 emendandum
714 2031 927 2087 ducO...
957 2052 984 2083 »
1012 2031 1182 2105 (apud
1202 2029 1547 2085 Cardinalem
1574 2028 1881 2096 Sfondrat.,
1910 2027 2031 2084 Gal-

148 2126 216 2181 lia
263 2129 544 2197 vindicata,
591 2128 787 2203 pagina
842 2128 951 2183 256
1001 2127 1263 2182 editionis
1314 2126 1605 2195 secundae,
1644 2124 2029 2195 Sancti-Galli,

149 2223 339 2293 1702).
1677 2220 1680 2228 ’

223 2319 358 2372 Item
383 2320 721 2392 Apamiensis
748 2321 1071 2394 Episcopus,
1099 2321 1247 2392 quod
1277 2320 1618 2374 Jesuitarum
1643 2320 1710 2374 de
1742 2337 1801 2374 re
1830 2321 2029 2374 morali

152 2413 455 2470 doctrinam
489 2416 741 2471 acerbius
782 2417 1171 2483 insectaretur,
1222 2416 1456 2471 faventis
1493 2415 1836 2470 Jansenianae
1870 2421 2030 2470 sectae

151 2510 320 2564 animi
353 2511 721 2584 suspicionem
752 2520 1015 2569 moverat.
1046 2513 1328 2568 Immerito
1355 2519 1565 2582 tamen,
1596 2519 1656 2567 ut
1679 2529 1743 2566 ex
1772 2512 1909 2566 mihi
1933 2531 2030 2568 no-

148 2607 219 2662 tis
245 2608 591 2665 documentis
624 2611 999 2682 colligendum
1035 2611 1311 2666 existimo.
1342 2610 1623 2682 Quidquid
1646 2617 1833 2665 autem
1872 2610 1943 2665 sit
1962 2610 2029 2667 de

148 2701 386 2760 sinistris
412 2705 704 2778 ejusmodi,
738 2708 918 2779 quoad
953 2707 1293 2763 Jansenismi
1332 2708 1716 2780 quaestionem,
1750 2708 2023 2781 suspicio-

149 2800 332 2873 nibus,
366 2802 523 2874 queis
576 2804 737 2860 ambo
783 2803 916 2860 dicti
964 2805 1231 2877 praesules
1262 2804 1501 2878 impetiti
1533 2810 1683 2870 sunt,
1718 2803 1773 2858 id
1801 2804 2028 2859 omnino

149 2906 359 2955 certum
391 2908 473 2957 est
503 2920 595 2958 eos
623 2903 678 2958 in
709 2921 875 2959 causa
899 2905 1139 2976 regaliae,
1170 2923 1269 2978 pro
1310 2904 1540 2959 veritate
1570 2921 1632 2958 ac
1664 2903 1879 2976 justitia
1920 2910 2030 2959 ste-

151 2996 322 3062 tisse3
372 2999 619 3072 dumque
664 3002 846 3057 caeteri
897 3020 1089 3058 omnes
1130 3002 1365 3074 lugenda
1414 3000 1866 3074 praevaricatione
1902 3001 2027 3073 jura

149 3090 401 3150 Ecclesiae
431 3097 748 3168 proderent,
793 3117 884 3154 eos
917 3101 986 3155 ad
1042 3107 1277 3155 mortem
1308 3116 1484 3170 usque
1525 3097 1651 3152 Sedi
1701 3094 2029 3169 Apostolicae

150 3189 467 3260 adhaesisse,
501 3209 562 3246 ac
588 3210 715 3248 cum
743 3212 806 3250 ea
835 3195 1051 3250 fortiter
1098 3195 1427 3250 decertasse.
1459 3193 1603 3247 Sileo
1636 3191 1702 3245 dc
1735 3189 2027 3245 Alectensi.
2060 3209 2063 3211 ’

150 3288 214 3342 At
264 3306 373 3343 non
409 3307 658 3362 possum,
693 3294 992 3367 perspectis
1041 3293 1413 3357 documentiS‚
1466 3290 1603 3362 quin
1649 3288 2030 3361 Apamiensem

149 3385 502 3460 Episcopum,
539 3395 600 3443 ut
628 3396 903 3462 sanctum,
934 3391 1413 3461 orthodoxumque
1433 3407 1494 3443 ac
1520 3385 1885 3442 fortissimum
1906 3405 2029 3461 pas-

150 3486 326 3538 torem
355 3502 570 3540 summa
593 3486 942 3542 veneratione
960 3504 1289 3560 prosequar,
1309 3485 1652 3557 dignumque
1670 3484 1831 3558 plane
1844 3484 2033 3541 existi-

154 3597 300 3636 mem
327 3581 419 3637 cui
460 3582 782 3656 ignoscatur
825 3601 888 3639 ac
934 3590 1095 3639 rectae
1139 3582 1435 3639 intentioni
1461 3581 1764 3652 tribuatur,
1816 3581 1862 3638 si
1895 3582 2031 3654 quid
