2306 4010
356 189 444 238 298
1031 183 1331 232 TRACTATUS
1363 183 1427 229 DE
1458 183 1604 231 PAPA.

355 306 638 375 quatenus
673 293 1000 370 hujusmodi
1038 290 1360 368 epistolam,
1387 297 1453 349 ut
1483 294 1582 365 ait,
1611 293 1869 352 ostendat
1895 296 2006 367 his,
2045 299 2144 372 qui
2166 300 2273 357 for-

325 399 505 456 sitan
559 397 913 467 interrogare
985 409 1115 448 eum
1172 391 1241 448 de
1294 391 1557 466 praedicta
1601 394 1915 465 quaestione
1971 394 2270 470 voluerint,

354 494 504 568 quod
541 498 595 549 et
627 491 891 549 alacriter
936 488 1176 566 egimus
1223 490 1283 547 Et
1318 489 1413 547 ille
1457 489 1690 565 quidem
1732 491 1790 547 in
1829 492 1918 549 his
1940 492 2074 551 hinc
2095 497 2275 554 enavi-

353 590 520 664 gavit.
555 611 582 643 »
928 587 934 593 ¹
2033 660 2042 667 ο

430 689 484 744 6⁰
534 688 840 764 Epistolam
898 706 1061 746 suam
1119 686 1334 745 claudit
1395 687 1625 764 Sergius
1678 689 1784 745 hoe
1840 688 2004 746 modo
2053 711 2065 744 ε
2129 691 2304 752 «His,

351 789 528 864 igitur
587 788 877 860 omnibUS,
932 787 1214 864 principio
1269 787 1346 844 ita
1409 787 1896 864 provenientibus,
1949 788 2276 851 rationabile

352 887 525 945 simul
555 892 608 945 et
643 889 1028 946 necessarium
1071 887 1475 963 judicavimuS,
1514 887 1582 945 de
1618 886 1706 944 his
1738 905 1864 962 quae
1909 889 2119 965 partim
2163 908 2306 973 meg.

352 993 569 1044 inorata
601 993 766 1062 sunt,
803 987 1186 1062 cognitionem
1227 987 1361 1045 dare
1394 994 1591 1045 vestrae
1627 987 1894 1044 fraternae
1938 995 2108 1064 atque
2139 1007 2276 1049 una-

353 1088 495 1146 nimi
530 1087 893 1161 heatitudini,
931 1107 1029 1165 per
1070 1090 1416 1166 exemplaria
1452 1106 1580 1164 quae
1617 1107 1647 1145 a
1675 1089 1839 1146 nobis
1874 1088 2085 1147 directa.
2116 1097 2270 1160 sunt3

351 1195 406 1246 et
439 1189 811 1246 adhortamur
836 1208 953 1263 voS,
985 1190 1383 1261 sacratissimi,
1417 1191 1533 1246 haec
1576 1190 1769 1246 omnia
1816 1189 2031 1263 legere;
2069 1195 2123 1247 et
2174 1191 2276 1248 Deo

354 1290 619 1366 placitam
650 1309 713 1347 ac
758 1291 1152 1367 plenissimam
1196 1291 1492 1347 caritatem
1530 1308 1655 1364 quae
1688 1290 1747 1347 in
1793 1290 1952 1348 vobis
1996 1295 2079 1347 est
2130 1308 2276 1348 nunc

352 1409 581 1465 quoque
609 1398 931 1464 sequentes,
971 1391 1019 1447 si
1051 1391 1189 1465 quid
1221 1389 1468 1466 amplius
1503 1389 1764 1448 minusve
1796 1389 2149 1461 inveneritiS,
2180 1389 2277 1448 hoc

351 1508 451 1567 per
481 1490 670 1548 datam
701 1491 859 1548 vobis
890 1511 921 1550 a
957 1493 1067 1549 Deo
1101 1476 1346 1566 gratiam
1378 1491 1710 1567 adimplere,
1742 1497 1912 1564 atque
1939 1508 2037 1566 per
2056 1494 2276 1549 sanctas

351 1590 598 1666 syllabas
627 1599 842 1650 vestras
879 1611 992 1650 una
1021 1612 1150 1650 cum
1205 1598 1389 1651 vestra
1433 1592 1667 1669 optabili
1714 1592 2005 1668 sospitate,
2045 1575 2303 1667 quaeque¹

354 1711 527 1769 super
548 1692 635 1750 his
662 1695 816 1752 vobis
844 1696 1059 1753 fuerint
1095 1696 1328 1770 placita,
1361 1695 1701 1771 significare.
1731 1714 1762 1749 ι)
2288 1695 2306 1768 J

428 1792 758 1850 Documsnrmx
796 1795 860 1851 Π.
890 1830 966 1837 ——
995 1796 1153 1853 Prior
1193 1795 1420 1871 epistola
1459 1794 1679 1852 Honorii
1728 1794 1894 1870 Papae
1933 1795 2002 1851 ad
2041 1793 2273 1867 Seryium

355 1892 885 1969 Constantinopoleos
959 1897 1351 1954 Patriarcham.
1421 1931 1491 1939 -
1564 1918 1592 1950 α
1633 1895 1851 1970 Scripta
1911 1893 2274 1952 fraternitatis

351 2000 546 2052 vestrae
572 1996 948 2071 suscepimuS,
979 2016 1079 2073 per
1118 2017 1243 2072 quae
1269 1998 1657 2055 contentiones
1685 1996 1986 2071 quasdam,
2021 2000 2074 2052 et
2103 2013 2272 2052 novas

353 2112 551 2150 vocum
593 2094 936 2170 quaestiones
970 2097 1334 2170 cognovimus
1373 2095 1725 2152 introductas
1767 2113 1867 2169 per
1897 2094 2272 2170 Sophronium
2305 2154 2306 2157 Ἴ

357 2194 682 2266 quemdam,
723 2200 862 2251 tunc
890 2197 1255 2268 monachum,
1303 2213 1457 2252 nunc
1493 2212 1645 2262 ver0,
1678 2211 1744 2250 ex
1785 2193 2002 2264 audito,
2051 2192 2299 2274 Episco-¹

357 2311 492 2367 pum
534 2291 1049 2369 Hierosolymitanae
1088 2293 1250 2350 urbis
1293 2292 1689 2361 constitutum,
1733 2291 2001 2348 adversus
2042 2290 2272 2348 fratrem

359 2396 618 2448 nostrum
651 2391 853 2468 Cyrum
889 2392 1243 2450 Alexandriae
1294 2391 1631 2462 antistitem,
1677 2408 1851 2447 unam
1892 2389 2272 2466 operationem

356 2492 574 2548 Domini
602 2494 782 2550 nostri
815 2493 944 2550 Jesu
977 2493 1179 2551 Christi
1211 2493 1495 2551 conversis
1527 2512 1591 2550 ex
1620 2491 1817 2549 haeresi
1853 2490 2268 2567 praedicantem.

355 2591 459 2655 Qui
499 2591 745 2667 denique
791 2593 859 2650 ad
900 2600 1144 2651 vestram
1185 2593 1597 2650 fraternitatem
1632 2590 1982 2668 Sophronius
2026 2589 2270 2663 veniens,

358 2693 758 2767 querelamque
802 2694 1132 2768 hujusmodi
1170 2686 1476 2771 deponens',
1523 2691 1952 2750 multiformiter
1997 2691 2292 2764 erudituS,'

358 2790 518 2865 petiit
558 2791 625 2848 de
665 2793 754 2849 his
787 2813 911 2868 quae
939 2814 969 2851 a
1004 2795 1162 2851 vobis
1200 2795 1380 2851 suerat
1423 2794 1740 2850 instructus
1784 2791 2144 2868 paginalibus
2171 2788 2295 2848 sihi

357 2891 586 2967 syllabis
640 2894 903 2951 reserari.
952 2895 1199 2960 Quarum
1248 2893 1571 2951 litterarum
1619 2893 1687 2949 ad
1729 2892 1993 2950 eumdem
2035 2887 2299 2967 Sophro-²ss

356 2990 516 3048 nium
551 2991 893 3050 directarum
941 2994 1318 3070 suscipientes
1359 2994 1664 3070 exemplar,
1714 3000 1767 3051 et
1809 2993 2097 3050 intuentes
2138 2989 2282 3048 satiss

356 3092 588 3167 provide
629 3092 1154 3170 circumspecteque
1199 3095 1349 3167 (μετά
1377 3100 1574 3166 πολλῆς
1615 3100 1837 3169 προνοίας
1875 3118 1927 3150 τε
1968 3098 2046 3150 καὶ
2090 3098 2270 3150 ἐπίσκε-

354 3193 506 3263 ψεως)
538 3192 955 3250 fraternitatem
1001 3199 1247 3251 vestram
1279 3194 1596 3270 scripsisse,
1638 3193 1938 3251 laudamus
1971 3192 2265 3250 novitatem

353 3291 609 3348 vocabuli
636 3293 1011 3365 auferentem,
1043 3294 1193 3367 quod
1222 3299 1408 3369 posset
1437 3294 1771 3351 scandalum
1804 3292 2158 3368 simplicibus
2181 3304 2267 3363 ge-

356 3408 573 3449 nerare.
604 3393 712 3451 Nos
739 3395 888 3454 enim
933 3395 991 3452 in
1021 3414 1134 3470 quo
1173 3396 1450 3473 coepimus
1483 3401 1701 3473 oportet
1742 3394 2053 3451 ambulare.
2084 3390 2264 3447 Enim-

355 3508 482 3546 vero
516 3493 655 3550 duce
688 3495 792 3552 Deo
821 3496 1215 3571 perveniemus
1246 3516 1429 3572 usque
1460 3496 1528 3553 ad
1565 3513 1892 3553 mensuram
1921 3498 2086 3550 rectae
2115 3486 2261 3558 fidei,
2287 3478 2292 3482 ⁵

358 3603 529 3657 quam
574 3591 825 3665 Apostoli
865 3595 1142 3669 veritatiS,
1182 3595 1604 3672 Scripturarum
1652 3599 1979 3651 sanctarum
2020 3584 2265 3646 funiculo

360 3686 755 3761 extenderunt,
790 3695 1120 3754 confitentes
1156 3694 1455 3752 Dominum
1484 3695 1676 3751 Jesum
1716 3690 2024 3759 Christum,
2067 3683 2268 3750 media-
