2306 4010
806 197 934 244 PARS
964 197 1208 270 SECUNDA„
1762 219 1778 234 ·
1862 198 1943 246 191

65 307 196 363 rosis
231 302 437 361 sentire
462 309 657 360 contra
705 302 762 358 id
782 303 928 375 quod
960 304 1130 360 sentit
1151 305 1297 379 Papa
1323 321 1439 360 cum
1458 321 1648 378 maana
1667 311 1825 377 parte
1850 303 1949 360 Ee-

66 403 259 469 elesiae;
287 405 453 473 atque
479 398 535 454 id
554 398 882 454 damnatum
908 405 1012 456 est.
1047 400 1183 474 Ergo
1210 406 1292 456 est
1315 406 1606 476 peccatum
1638 405 1691 457 et
1723 400 1950 458 haeresis

66 497 269 557 sentire
296 502 488 554 contra
515 495 569 551 id
597 495 744 568 quod
768 495 937 551 sentit
954 496 1095 570 Papa
1113 515 1244 552 cum
1267 514 1467 570 magna
1491 496 1748 554 Ecclesiae
1763 501 1945 573 parte.

65 594 201 668 Ergo
234 595 374 669 Papa
411 610 540 648 cum
587 609 774 664 maana
811 572 1101 646 dumtaxat
1128 597 1286 665 parte
1316 593 1571 649 Ecclesiae
1597 592 1845 650 sentiens
1863 598 1948 650 est

67 690 388 748 infallibilis.
445 690 610 746 Porro
654 687 782 744 inde
835 686 1319 760 sequitur-ipsum
1384 707 1511 746 esse
1566 690 1947 761 infallibilem,

71 788 237 845 etiam
262 804 356 862 per
395 805 452 844 se
487 787 669 845 solum
704 791 760 843 et
795 786 1008 858 absque
1058 802 1259 858 magna
1308 785 1568 843 Ecclesiae
1605 794 1781 864 parte.
1811 787 1948 846 Nam

74 873 430 943 infallibilitas
449 886 602 960 Papae
637 902 768 941 cum
797 901 1001 958 magna
1022 889 1179 957 parte
1203 883 1462 939 Ecclesiae
1484 886 1779 942 sentientis
1796 929 1812 958 ‚
1839 904 1951 943 non

73 986 248 1056 potest
286 981 416 1038 oriri
441 998 504 1038 cx
524 980 618 1036 illa
643 984 821 1056 parte,
848 978 1104 1052 quamvis
1134 983 1484 1053 supponatur
1506 996 1731 1052 magna.
1762 980 1951 1036 Enim-

71 1094 196 1134 vero
218 1094 345 1152 pars
375 1076 502 1149 ista,
522 1077 651 1134 licet
667 1095 791 1135 vere
823 1082 1237 1152 maqna,posset
1267 1093 1389 1134 esse
1413 1076 1601 1132 minor
1619 1095 1792 1151 quam
1822 1096 1951 1153 pars

70 1176 384 1250 oppositum
408 1177 686 1243 sentiens;
713 1183 766 1238 et
803 1176 1058 1250 quamvis
1091 1183 1337 1249 aequaret
1361 1176 1444 1233 vel
1472 1175 1639 1256 etiam
1673 1175 1951 1250 tantisper

67 1280 350 1348 superaret
400 1274 688 1331 dimidiam
722 1274 889 1331 totius
922 1274 1176 1330 Ecclesiae
1205 1281 1442 1348 partem,
1471 1291 1586 1331 non
1617 1274 1800 1331 adhuc
1821 1286 1951 1330 con-

70 1372 319 1430 stitueret
350 1390 450 1428 nec
473 1376 892 1445 repraesentaret
916 1371 1070 1425 illam
1107 1371 1377 1426 moraliter
1403 1372 1748 1426 universalem
1770 1371 1953 1427 Eccle-

72 1469 231 1539 siam,
268 1470 426 1543 cujus
458 1469 686 1526 omnino
715 1485 940 1524 necesse
986 1473 1067 1523 est
1093 1467 1266 1540 (juxta
1301 1466 1949 1541 Gallicanumsyslema)

74 1581 403 1621 consensum
431 1564 707 1632 accedere,
746 1569 811 1619 ut
843 1563 1090 1619 delinitio
1111 1563 1267 1638 Papae
1288 1563 1715 1619 irreformabilis
1736 1582 1834 1620 seu
1866 1564 1951 1619 in-

72 1661 316 1719 fallibilis
338 1663 548 1719 evadat.
580 1662 718 1734 Ergo
741 1661 1109 1718 infallibilitas
1131 1661 1287 1734 Papae
1313 1679 1442 1717 cum
1473 1679 1673 1734 magna
1699 1663 1951 1718 Ecclesiae¹

71 1764 226 1830 parte
247 1759 556 1827 sentientis,
574 1757 707 1813 oriri
725 1757 940 1828 nequit,
958 1758 1127 1813 etiam
1138 1758 1297 1830 juxta
1320 1758 1663 1813 Gallicanum
1685 1762 1947 1831 systema,

65 1869 130 1908 ex
160 1851 263 1907 ista
299 1871 482 1925 maana
506 1861 660 1926 parte
703 1870 832 1910 cum
869 1854 1009 1925 Papa
1047 1853 1338 1909 sentiente.
1370 1853 1511 1926 Ergo
1546 1870 1623 1909 ex
1658 1853 1772 1910 solo
1804 1854 1950 1928 Papa

67 1947 262 2004 oritur.
295 1948 431 2020 Ergo
453 1967 518 2004 ex
546 1967 607 2006 eo
626 1950 775 2022 quod
800 1955 1014 2005 certum
1045 1950 1139 2020 sit,
1166 1968 1232 2006 cx
1258 1950 1426 2007 citata
1457 1952 1943 2021 condemnatione,

66 2043 262 2119 Papam
301 2063 429 2101 cum
472 2064 671 2119 magna
696 2053 852 2121 parte
878 2047 1133 2130 Ecclesiae
1169 2049 1502 2106 sentientem
1523 2067 1646 2106 esse
1683 2050 1950 2106 infallibi-

66 2139 197 2210 lem,
227 2142 478 2213 sequitur
509 2143 717 2217 ipsum,
747 2144 916 2200 etiam
944 2163 1042 2220 per
1079 2164 1139 2201 se
1170 2147 1351 2202 solum
1393 2153 1444 2202 ct
1479 2154 1607 2202 ante
1643 2148 1950 2219 quemlibet

68 2234 325 2290 Ecclesiae
351 2237 580 2308 reliquae
603 2257 960 2309 consensum,
997 2240 1185 2296 eadem
1214 2242 1577 2314 praerogativa
1609 2243 1872 2314 gaudere.

145 2331 427 2387 Psorosmo
463 2333 571 2387 111⁸.
613 2366 681 2375 —
722 2336 1051 2406 Infallibilem
1097 2356 1207 2393 esse
1249 2340 1302 2392 in
1342 2339 1670 2394 decernenda
1711 2341 1815 2410 sicle
1846 2339 1949 2396 Ro-

74 2445 278 2483 manam
302 2428 628 2501 Pontificem,
661 2433 893 2503 riqorose
916 2436 1148 2504 sequitur
1171 2452 1235 2489 ea:
1260 2452 1319 2490 eo
1347 2435 1483 2506 qaod
1513 2435 1763 2491 damnata
1792 2439 1953 2509 suerit

76 2523 348 2596 appellatio
380 2543 410 2579 a
442 2525 651 2582 Sammo
677 2528 932 2600 Pontifice
966 2532 1037 2585 acl
1070 2533 1339 2587 concilium
1361 2534 1672 2593 universale.
1700 2534 1949 2607 —Ejus-

73 2618 216 2675 modi
254 2621 681 2694 appellationem
723 2625 1046 2682 solemniter
1073 2628 1411 2684 damnarunt
1439 2651 1450 2684 :
1497 2630 1550 2684 1Ο
1581 2630 1710 2686 Pius
1743 2631 1808 2700 II,
1852 2633 1949 2705 qui

70 2714 126 2771 in
150 2715 298 2773 bulla
331 2718 650 2776 Eaeeerabilis
682 2722 1106 2796 appellationem
1142 2725 1304 2781 istam
1342 2726 1640 2783 declaravit
1675 2747 1949 2785 erroneam

70 2828 131 2868 ac
159 2812 527 2880 detestabilem,-
557 2815 612 2871 2⁰
637 2816 819 2874 Julius
855 2819 919 2889 ΙΙ,
957 2819 1055 2892 qui
1086 2820 1144 2875 in
1178 2822 1581 2880 constitutione
1614 2828 1840 2898 suscepti
1868 2845 1949 2882 re-

72 2902 269 2980 qimiais
294 2914 603 2987 approbans
638 2922 690 2972 et
723 2917 1001 2992 amplians
1031 2919 1349 2994 praedictam
1386 2922 1466 2977 Pii
1498 2922 1542 2978 ΙΙ
1582 2922 1818 2990 bullam,
1858 2924 1949 2979 de-

73 3003 241 3061 clarat
263 3014 313 3064 et
342 3010 608 3083 decernit,
635 3015 775 3086 ipsos
811 3015 1196 3089 (appellantes)
1222 3026 1472 3074 eteorum
1506 3019 1782 3091 quemlibet
1814 3022 1948 3075 veris

73 3109 122 3157 et
148 3103 440 3163 indubitatis
464 3110 795 3168 schismaticis
822 3131 882 3169 ae
916 3114 980 3169 cle
1014 3115 1271 3170 catholiea
1305 3116 1410 3186 fide
1435 3117 1570 3171 'inale
1609 3118 1948 3173 sentientibus

73 3197 326 3256 habendos
364 3221 471 3260 esse
508 3214 557 3262 et
593 3210 912 3282 reputandas
939 3216 991 3266 et
1023 3211 1381 3283 gravissimas
1407 3217 1599 3273 contra
1629 3229 1720 3267 eos
1757 3231 1945 3286 poenas

72 3293 332 3365 decernit;
357 3301 409 3357 5⁰
450 3301 551 3359 Leo
574 3305 634 3375 X,
675 3306 771 3379 qui
801 3307 1034 3362 solemni
1071 3307 1467 3363 constitutione
1493 3307 1700 3381 Eaeurye
1731 3309 1947 3367 Domine

73 3393 183 3466 (cui
208 3400 258 3450 et
284 3398 452 3455 totius
469 3399 718 3459 Ecclesiae
754 3403 1075 3477 approbatio
1113 3403 1450 3478 supervenit)
1481 3410 1779 3480 utramque
1805 3426 1947 3483 prae-

70 3486 268 3547 dictam
287 3494 364 3550 Pii
378 3496 419 3550 11
437 3502 488 3553 et
500 3498 631 3554 Julii
648 3499 692 3553 ΙΙ
710 3500 920 3555 bullam
944 3507 1213 3556 memorat
1232 3506 1283 3556 et
1299 3500 1604 3568 confirmat3
1630 3521 1693 3561 ac
1710 3504 1943 3581 insuper

69 3581 359 3646 Lutherum
395 3593 732 3667 redarguens
766 3595 914 3668 quod
940 3603 1132 3653 contra
1165 3596 1436 3669 ejusmodi
1474 3602 1938 3660 constitutionum
