2262 3990
850 208 976 255 PARS
1006 209 1205 258 TERTIA.
1807 269 1809 272 .
1875 226 1963 274 689

102 311 271 369 ferior
306 324 405 374 est.
451 320 571 377 Ideo
612 339 808 399 nempe
831 327 962 400 quia
989 328 1367 391 definitionum
1398 335 1522 395 fidei
1548 356 1612 397 ea
1633 347 1718 399 est
1741 349 1958 419 natura,

103 411 163 461 ut
187 409 423 483 primam
465 415 628 472 etiam
670 424 724 475 et
751 421 1008 480 omnibus
1048 428 1389 501 superiorem
1431 432 1687 494 Ecclesiae
1724 442 1959 498 auctori-

96 509 262 561 tatem
289 511 691 586 constringant.
736 516 796 573 Ut
824 519 1051 592 proinde
1077 523 1335 598 obligatio
1365 546 1484 587 sese
1510 532 1597 589 his
1623 534 1957 596 definitioni-

94 599 198 657 bus
224 604 554 678 subjiciendi
580 612 898 672 nullatenus
927 618 1349 681 inferioritatem
1382 637 1598 701 arguat.

164 695 441 759 Pnorosmo
463 704 563 762 lv·.
597 741 661 750 -
697 709 986 769 Canonib'us
1023 717 1313 792 disciplinas
1357 742 1390 779 a
1429 729 1962 811 concilio-cam-Papa

88 791 239 847 editis
275 813 375 851 non
416 799 603 871 liqatur
640 803 782 877 Papa
812 809 861 861 vi
904 813 1230 869 auctoritatis
1274 816 1483 889 hujusce
1518 825 1744 879 concilii.
1775 859 1844 868 —
1868 827 1967 884 Vel

90 887 272 959 agitur
313 892 380 949 de
425 894 656 969 ipsomet
692 900 935 959 Romano
973 904 1231 965 Pontifice
1277 914 1371 984 qui
1409 915 1619 975 dictum
1660 923 1958 981 concilium

92 985 454 1060 confirmavit,
481 993 562 1048 vel
593 994 660 1050 de
688 996 872 1070 aliquo
903 999 1079 1074 ipsius
1107 1022 1442 1068 successore.
1470 1045 1538 1054 —
1568 1015 1622 1071 1⁰
1648 1018 1959 1079 Canonibus

96 1079 396 1157 disciplinae
429 1106 458 1143 a
485 1091 1037 1173 concilio—cum-Papa
1071 1103 1253 1175 editis,
1292 1125 1400 1164 non
1438 1110 1644 1184 ligatur
1674 1116 1958 1179 Romanus
1990 1195 1993 1199 Ι

93 1177 333 1237 Pontifex
359 1185 589 1258 hujusce
620 1193 840 1249 concilii
866 1198 1237 1271 confirmator,
1263 1205 1315 1260 vi
1341 1211 1685 1269 auctoritatis
1709 1215 1956 1288 ejusdem

95 1277 332 1335 concilii.
363 1282 519 1354 Nam,
549 1305 611 1343 ex
638 1293 1006 1364 propositione
1033 1302 1293 1371 secunda,
1325 1305 1491 1379 hujus
1518 1309 1798 1370 Pontificis
1831 1334 1957 1373 auc-

94 1374 280 1431 toritas
323 1378 588 1440 intensive
634 1394 750 1460 (seu
789 1394 966 1464 quoad
1010 1395 1118 1451 vim
1155 1399 1455 1477 obligandi)
1496 1407 1679 1465 minor
1721 1430 1830 1468 non
1875 1423 1957 1473 est

93 1472 414 1531 auctoritate
451 1480 1050 1564 concilii—oum-Papa,
1097 1495 1192 1550 sed
1232 1515 1458 1570 prorsus
1498 1506 1744 1576 aequalis.
1789 1510 1956 1568 Porro

90 1567 284 1635 aequali
326 1570 381 1625 in
412 1577 673 1647 aequalem
713 1582 866 1639 nulla
907 1597 1218 1662 competere
1245 1602 1422 1667 potest
1458 1598 1807 1673 jurisdicti03
1859 1609 1952 1664 sed

89 1662 268 1719 omnis
305 1665 618 1738 jurisdictio
667 1683 747 1732 est
792 1685 1102 1741 necessario
1154 1692 1457 1764 superioris
1506 1696 1561 1751 in
1607 1698 1951 1760 inferiorem.

86 1756 237 1820 Quod
287 1771 468 1823 autem
512 1773 739 1831 concilio
788 1776 917 1834 insit
967 1785 1266 1843 auctoritas
1312 1791 1489 1864 major
1542 1800 1806 1854 eaetensive
1856 1819 1952 1857 seu

84 1860 258 1927 quoad
289 1880 582 1923 numerum
609 1876 1011 1946 exercentium,
1056 1881 1194 1937 nihil
1225 1884 1293 1939 ad
1322 1904 1440 1943 rem
1473 1890 1620 1947 facit.
1674 1895 1809 1959 Quia
1839 1898 1949 1956 nisi

82 1947 151 2003 sit
169 1951 336 2008 simul
361 1961 535 2032 maj0r
556 1964 809 2021 intensive
829 1985 924 2024 seu
949 1974 1131 2042 quoad
1157 1976 1267 2031 vim
1294 1980 1599 2056 obligandi,
1628 2007 1739 2044 non
1766 1998 1948 2064 potest

79 2042 275 2119 Papam
317 2050 506 2126 ligare,
552 2063 611 2112 ut
642 2067 807 2133 patet.
856 2065 1026 2137 Igitur
1053 2069 1299 2130 Pontifex
1327 2078 1422 2149 qui
1453 2083 1749 2141 concilium
1783 2107 1944 2161 gene·

82 2141 190 2198 mle
226 2149 593 2225 confirmavit,
645 2157 801 2229 ligari
843 2180 952 2217 non
988 2173 1164 2237 potest
1209 2172 1268 2225 ob
1311 2181 1676 2237 auctoritatem
1720 2187 1949 2258 ejusdem

81 2242 296 2311 concilii,
324 2250 624 2308 canonibus
654 2255 955 2329 disciplinae
990 2262 1044 2316 in
1075 2281 1136 2319 co
1171 2270 1403 2327 concilio
1438 2275 1622 2332 editis.
1651 2313 1724 2320 —-
1756 2283 1810 2336 2⁰
1843 2285 1943 2340 Sed

79 2351 255 2407 neque
282 2341 428 2398 ullus
449 2345 565 2417 ejus
597 2367 897 2409 successor.
937 2357 1070 2414 Nam
1095 2362 1263 2436 hujus
1298 2372 1596 2430 auctoritas
1628 2377 1810 2435 minor
1829 2399 1939 2438 non

76 2436 155 2484 est
180 2450 344 2503 quam
386 2425 818 2510 praedecessoris.
871 2452 1003 2525 Ergo
1039 2455 1182 2513 idem
1215 2460 1507 2522 dicendum
1539 2470 1605 2527 de
1627 2491 1946 2536 successore

72 2542 135 2579 ac
155 2527 222 2582 de
243 2533 658 2602 praedecessore.
689 2543 827 2617 Ergo
856 2566 1035 2622 neque
1059 2572 1343 2615 successor
1368 2562 1528 2636 ligari
1567 2578 1746 2642 potest
1779 2593 1943 2632 cano-

72 2621 234 2680 nibus
279 2628 579 2705 disciplina}
609 2638 661 2693 in
689 2645 1243 2728 concilio—cum-Papa
1279 2659 1462 2732 editis,
1505 2665 1555 2719 vi
1599 2672 1942 2731 auctoritatis

68 2713 311 2786 ejusdem
338 2728 577 2786 concilii.
617 2732 857 2795 Dicimus
884 2746 931 2798 vi
963 2753 1289 2808 auctoritatis
1317 2759 1545 2813 concilii.

1574 2761 1706 2818 Nam
1737 2784 1801 2821 ex
1819 2771 1943 2841 jare

69 2818 300 2872 ηαιιιναίἱ
330 2820 488 2880 dictis
518 2834 818 2894 canonibus

854 2839 1084 2902 Romani
1112 2848 1398 2909 Pontifices
1440 2875 1626 2914 revera
1660 2867 1936 2923 constrin-

67 2917 278 2979 guntur
305 2925 452 2974 certo
481 2926 659 3000 mode,
689 2941 849 3004 prout
873 2945 1123 3012 sequenti
1149 2951 1527 3023 propositione
1554 2956 1782 3016 dicitur.

1103 3045 1272 3116 iplinae
1292 3091 1306 3118 ,
1345 3068 1377 3104 a
1410 3054 1938 3136 covasilio-cum-Papa

961 3134 1203 3212 Pontifex
1239 3146 1314 3200 ita
1347 3146 1557 3222 liyatur,
1592 3162 1649 3209 ut
1679 3156 1816 3214 licite
1843 3179 1935 3217 ne-

65 3210 218 3269 queat
244 3204 432 3277 absque
451 3211 595 3281 justa
632 3235 784 3276 causa
810 3241 897 3280 eos
936 3235 1248 3307 traizsyredi,
1287 3250 1375 3296 aut
1417 3246 1692 3320 abroqare‚
1720 3254 1774 3308 in
1798 3257 1935 3314 eisve

65 3294 369 3368 dispensare
383 3327 401 3368 ;
423 3314 586 3379 possit
603 3332 722 3372 vero
736 3320 882 3389 justa
907 3326 1270 3390 interveniente
1296 3356 1551 3397 caasa.——
1574 3346 1626 3401 1⁰
1644 3347 1822 3424 Exigit
1835 3353 1929 3427 jus

62 3393 318 3450 naturale
358 3417 416 3453 ac
440 3401 686 3464 divinum
726 3420 782 3469 ut
827 3434 1118 3492 supremus
1154 3429 1388 3506 alicujus
1432 3439 1712 3500 societatis
1750 3455 1928 3506 rector

61 3483 225 3542 abiis
255 3500 577 3567 peragendis
618 3517 822 3580 caveat,
865 3532 986 3587 quae
1014 3518 1193 3578 eidem
1237 3529 1483 3589 societati
1530 3537 1923 3603 detrimentum

61 3581 346 3646 inferrent.
374 3595 542 3670 Atque
567 3601 619 3656 id
648 3603 925 3680 imprimis
950 3633 1139 3675 verum
1174 3631 1254 3680 est
1289 3628 1356 3684 de
1383 3648 1642 3707 supremo
1667 3638 1923 3702 Ecclesiae

297 3708 343 3740 Ιι.
1595 3745 1676 3789 44*
