2306 4010
242 125 301 173 54
908 119 1203 171 ΤΒΑΟΤΑΤΗδ
1234 118 1300 164 DE
1329 116 1476 164 PAPA.

239 235 532 290 causae‘P...
561 231 850 303 Dolemus,
901 227 1225 287 Beatissime
1281 226 1463 297 Pater,
1510 225 1882 287 nihilominus
1922 245 1989 286 ex
2023 247 2144 286 ves-

235 332 341 390 tris
373 333 574 391 litteris
609 333 669 390 in
698 331 944 390 Ecclesia
977 328 1086 386 seri
1127 325 1455 384 discordias,
1492 327 1741 403 Cumque
1779 329 1839 387 in
1881 329 2002 387 dies
2026 347 2147 386 ma-

236 430 356 487 lum
380 430 811 506 ingravesceret,
842 427 976 484 huic
1025 425 1254 484 tandem
1282 423 1502 482 obviam
1533 424 1618 482 ire
1643 427 1946 502 coepimus;
1991 427 2149 485 hahi-

235 535 404 605 toque
448 529 692 605 generali
746 527 1006 585 Ecclesiae
1058 526 1354 584 Gallicanae
1405 531 1684 583 conventu
1741 526 1801 582 in
1842 546 2147 586 commune

233 630 543 704 providere,
579 647 650 685 ne
685 628 822 703 quid
852 628 1179 686 detrimenti
1215 627 1524 685 christiana
1554 646 1645 685 res
1685 632 1930 703 caperet.
1961 627 2147 684 Adivi-

232 746 359 785 mus
394 728 589 803 itaque
624 746 812 802 regem
857 727 1432 794 christianissimum;
1462 724 1542 784 'et
1592 726 2002 802 qualegatione
2043 746 2145 803 pro

228 826 445 884 Christo
478 827 773 901 fungimur
797 832 1073 901 tanquam
1105 827 1210 884 Deo
1236 827 1564 882 exhortante
1591 843 1691 900 per
1734 845 1862 895 nos,
1889 826 2143 883 obsecra-

227 927 437 996 vimuS,
472 945 543 983 ne
570 947 636 983 ex
678 927 852 984 unius
878 926 1086 999 negotii
1122 945 1292 983 causa
1330 925 1754 982 aedificationem
1790 924 1883 981 Dei
1916 924 2144 982 dissolvi

229 1026 459 1083 sineret.
488 1026 627 1082 Eum
659 1045 810 1097 vem,
846 1025 1174 1083 Beatissime
1206 1026 1383 1097 Pater,
1427 1024 1524 1099 qui
1563 1023 1797 1100 pacandi
1822 1023 1974 1081 orbis
2017 1042 2142 1097 gra-

224 1123 327 1195 tia,
351 1124 543 1199 gloriae
570 1132 620 1182 et
648 1124 1026 1199 magnitudini
1056 1142 1194 1196 suae,
1235 1123 1444 1198 quibus
1473 1123 1615 1179 nihil
1649 1122 1961 1179 fortissimo
1987 1122 2143 1198 prin-

224 1223 335 1299 cipi
363 1224 666 1300 pretiosius
701 1231 806 1297 est,
832 1225 983 1282 ultro
1016 1225 1249 1281 modum
1274 1225 1425 1299 fecit,
1454 1223 1857 1299 tranquillitati
1888 1221 2144 1288 Ecclesiae

219 1326 270 1377 et
303 1322 555 1380 felicitati
588 1325 943 1381 sacerdotum
984 1324 1128 1380 nihil
1166 1343 1279 1380 non
1319 1325 1774 1381 condonaturum
1818 1341 1960 1393 esse,
1990 1341 2144 1396 roga—

218 1419 391 1477 tionis
422 1428 630 1478 nostrae
660 1430 890 1479 eventus
925 1422 1327 1497 comprobavit.

298 1544 326 1576 «
359 1520 636 1585 Quoniam
660 1540 789 1579 vero
810 1522 933 1598 paci
952 1528 1004 1579 et
1020 1521 1473 1596 quietiEcclesiae
1490 1523 1810 1592 Gallicanae,
1830 1540 1944 1578 non
1971 1521 2139 1576 modo

219 1622 278 1677 in
309 1622 766 1697 praesentiarum,
798 1623 896 1679 sed
924 1622 1095 1679 etiam
1139 1622 1199 1677 in
1227 1629 1518 1698 posterum
1555 1621 2021 1698 prospiciendum
2049 1625 2133 1676 est

219 1721 375 1795 (talia
401 1740 604 1798 nempe
627 1730 1057 1798 praecesserunt,
1079 1730 1142 1779 ut
1172 1723 1379 1779 similia
1401 1724 1487 1780 vel
1516 1723 1686 1780 etiam
1707 1722 1964 1796 graviora
1994 1739 2135 1796 prae-

217 1822 401 1880 caveri
455 1828 754 1899 oporteat),
812 1823 1102 1899 praemisso
1153 1842 1279 1897 erga
1326 1824 1526 1881 Sedem
1552 1823 1951 1899 Apostolicam,
1983 1819 2133 1896 quod

216 1920 396 1992 decet,
426 1921 750 1979 reverentiae
780 1929 834 1979 et
879 1921 1210 1979 obedientiae
1251 1921 1458 1994 offici0,
1515 1922 1830 1998 impensius
1869 1921 2131 1996 depreca-

215 2038 346 2076 mur
373 2020 732 2078 sanctitatem
758 2026 1024 2092 vestram,
1057 2040 1126 2078 ne
1142 2021 1295 2095 jura,
1324 2020 1637 2096 privilegia,
1669 2038 1855 2077 mores
1888 2026 1940 2076 et
1968 2019 2130 2076 insti-

212 2125 336 2178 tuta
364 2121 642 2195 majorum
669 2121 904 2179 convelli
926 2127 1020 2178 aut
1048 2122 1232 2178 minui
1258 2122 1542 2197 patiatur3
1571 2140 1635 2178 ea
1664 2120 1981 2197 praesertim
2005 2137 2132 2193 quae

212 2219 386 2276 sacris
413 2220 728 2277 canonibus
763 2225 816 2276 et
843 2221 1071 2277 Patrum
1105 2220 1345 2277 decretis
1374 2220 1598 2277 stabilia
1628 2220 1791 2277 nobis
1817 2237 2037 2293 semper
2072 2218 2132 2273 in

214 2317 423 2375 honore
465 2324 519 2374 et
552 2338 663 2375 usu
712 2319 968 2390 fuerunt,
1014 2326 1068 2376 et
1121 2337 1496 2393 quaecumque
1541 2319 1791 2376 Ecclesia
1847 2318 2131 2374 Gallicana

212 2417 545 2474 auctoritate
576 2418 1003 2475 consuetudinis
1031 2424 1084 2474 et
1121 2419 1414 2476 vetustatis
1449 2418 1809 2494 possessione
1851 2415 2122 2473 defendit.

212 2515 383 2588 quue
417 2533 480 2571 eo
516 2515 937 2571 ardentioribus
983 2517 1127 2572 votis
1168 2517 1550 2591 exposcimus,
1585 2536 1694 2589 quo
1729 2516 1886 2571 nulla
1911 2522 2128 2589 tempo-

212 2631 339 2668 rum
371 2612 809 2688 interruptione,
860 2614 1127 2689 nullaque
1173 2614 1499 2671 definitione
1529 2615 1759 2672 Patrum
1802 2616 1906 2671 hac
1958 2614 2014 2670 in
2060 2626 2131 2669 're

212 2711 471 2768 Ecclesiae
491 2702 1141 2787 Gallicanae‘derogatum
1168 2720 1270 2770 est.
1296 2714 1587 2788 Ejusmodi
1605 2721 1795 2771 autern
1822 2720 1953 2772 sunt
1975 2714 2131 2790 Epis-

212 2829 482 2887 coporum
501 2811 741 2886 judicia,
766 2831 889 2887 quae
923 2832 989 2870 ex
1017 2820 1246 2890 patruni
1275 2814 1516 2872 decretis
1543 2822 1598 2873 et
1618 2834 1683 2872 ex
1719 2816 1978 2874 moribus
2001 2834 2129 2872 nos-

212 2909 316 2966 tris
343 2909 401 2966 in
426 2898 515 2967 his
537 2911 791 2985 partibus
811 2931 841 2968 a
874 2913 1037 2970 nohis
1065 2914 1321 2984 tractari,
1350 2914 1488 2989 quin
1514 2915 1684 2973 etiam
1716 2915 2029 2990 interjectis
2057 2915 2126 2971 ad

211 3007 409 3066 Sedem
431 3010 807 3085 Apostolicam
836 3013 1315 3088 appellationibus
1343 3014 1495 3070 finiri
1522 3014 1728 3072 dehent
1754 3039 1764 3082 ;
1791 3033 1854 3071 ea
1876 3031 2126 3088 quoque,

211 3126 334 3182 quae
368 3108 436 3166 ad
464 3108 917 3183 jurisdictionem
946 3112 1500 3188 Metropolitanorum
1522 3120 1575 3171 et
1606 3114 2012 3189 Episcoporum
2043 3118 2146 3169 at-'

210 3207 411 3279 tinent,
437 3208 569 3283 jura
599 3211 780 3284 regni,
822 3212 1109 3269 libertates
1139 3212 1541 3282 Ecclesiarum,
1573 3212 1798 3286 negotia
1835 3211 2127 3269 ecclesias-

125 3370 128 3374 ,
211 3306 342 3376 tica,
371 3327 493 3382 quae
518 3311 704 3367 omnia
733 3312 883 3369 intra
910 3312 1121 3369 limites
1154 3313 1461 3370 dioeceseos
1493 3314 1801 3369 Galliarum
1828 3310 2122 3380 aestimari,

214 3407 411 3482 agitari
444 3415 496 3465 et
515 3410 753 3484 judicari
779 3412 1102 3468 condictum
1133 3403 1244 3470 est.⁴
1269 3413 1718 3470 Prudentissime
1743 3410 1894 3466 enim
1929 3416 1982 3465 et
2004 3410 2126 3483 jus-

211 3506 449 3578 tissime,
492 3515 556 3564 ut
585 3510 643 3564 in
672 3512 846 3568 simili
870 3530 1043 3588 prope
1073 3514 1296 3588 negotio
1333 3522 1522 3591 patres
1554 3510 1803 3570 Africani
1831 3509 1900 3565 ad
1928 3509 2128 3566 Coeles-

211 3605 398 3662 tinum
448 3607 652 3682 Papam
700 3611 1040 3682 scribebant,
1093 3612 1299 3670 Nicaeni
1330 3615 1521 3671 Patres
1546 3609 1934 3688 providerunt,
1979 3626 2129 3683 quae-

2292 3148 2306 3205 >nufi-
