2262 3990
251 176 338 223 620
926 163 1219 216 TRACTATUS
1251 166 1317 216 DE
1347 167 1492 216 ΡΑΡΑ.

250 277 481 350 valoris,
515 278 614 336 sed
642 292 877 334 erronea
898 292 1135 351 prorsus
1157 276 1439 335 censenda
1477 278 1642 337 foret.
1667 279 1787 338 Jam
1819 299 1948 341 vero
1973 301 2003 343 e
2020 285 2153 347 duo-

251 385 361 439 bus
391 378 828 436 auctoritatibus
854 376 914 434 in
953 377 1189 435 materia
1220 377 1372 448 fidei,
1400 378 1498 436 illa
1524 380 1774 456 profecto
1806 382 2029 455 inferior
2053 395 2153 463 est,

248 496 371 555 quae
413 479 481 536 ab
527 478 762 536 alterius
802 496 1038 536 assensu
1071 478 1371 556 dependet,
1400 486 1462 538 ut
1494 481 1800 540 auctoritas
1836 483 1908 542 sit
1939 490 1992 542 ct
2025 489 2158 547 obli·
2167 519 2170 522 ·

172 591 174 593 ’
247 595 380 652 gare
412 576 612 634 valeat.
640 576 783 652 Ergo
812 577 982 636 etiam
1007 578 1066 635 in
1099 596 1232 636 casu
1263 597 1374 654 quo
1400 579 1558 636 nulla
1577 581 1863 657 praecessit
1882 584 2156 660 pontificia

246 677 523 751 definitio,
558 679 741 755 major
784 686 864 737 est
904 680 1063 757 Papae
1109 680 1435 739 auctoritas.
1470 681 1708 740 Aliunde
1737 683 1870 741 etin
1893 703 2025 744 casu
2053 705 2156 790 quo

246 778 530 837 Pontificis
566 779 816 841 definitio
848 781 1086 857 praeivit.
1125 782 1264 856 Ergo
1292 800 1516 860 semper
1541 786 1596 840 et
1622 783 1894 843 absolute.

1033 1114 1282 1178 CAPUT
1332 1116 1393 1178 II

424 1325 813 1364 Avc'ronl'rAs
839 1325 1020 1362 PAPAE
1045 1324 1253 1362 smum
1278 1324 1996 1375 comcluttM-smE-PAPA‚

687 1390 696 1398 ⁶
813 1395 882 1432 ΙΝ
906 1397 1199 1434 aurnum
1225 1396 1611 1434 Dlscll'bllwffln

322 1584 690 1663 Apertissime
708 1591 929 1645 constat
951 1586 1305 1662 argumentis
1324 1587 1579 1646 deductis
1601 1587 1879 1664 superiori
1901 1588 2160 1662 sectione,

248 1684 530 1763 capitibus
552 1706 590 1758 1,
622 1705 676 1755 11,
707 1705 779 1756 111,
808 1705 876 1758 w,
907 1704 975 1756 v1,
1010 1704 1097 1756 vn,
1136 1704 1239 1755 v111,
1278 1705 1332 1758 x,
1377 1706 1447 1758 x1,
1476 1706 1564 1757 x11,
1594 1707 1700 1758 xm,
1731 1707 1814 1742 x1v
1844 1694 1896 1745 et
1926 1707 2010 1745 xv.
2041 1686 2162 1745 Inu-

247 1787 346 1844 tile
394 1787 536 1844 foret
586 1786 779 1843 omnia
823 1787 941 1843 haec
972 1792 1309 1862 argumenta
1344 1786 1530 1844 denuo
1558 1806 1852 1864 exponere.
1891 1788 2163 1846 Nonnulla

251 1886 576 1957 dumtaxat,
606 1886 889 1961 praecipue
928 1886 1290 1959 attendenda,
1322 1888 1413 1944 hic
1448 1887 1899 1962 indigitabimUS.

330 1986 383 2042 1Ο
424 1985 581 2042 Gesta
633 1985 1101 2043 Chalcedonensis
1138 1987 1384 2043 concilii.
1425 2020 1495 2030 —
1525 1987 1702 2062 Hujus
1734 1988 1958 2045 concilii
1983 1989 2168 2046 Patres

250 2086 562 2162 disciplinae
604 2104 878 2142 canonem
923 2086 1215 2144 ediderant
1260 2106 1371 2161 quo
1409 2087 1723 2144 secundum
1763 2088 2048 2162 dignitatis
2090 2089 2169 2145 lo-

248 2204 378 2240 cum
414 2183 531 2239 sedi
574 2183 1212 2259 Constantinopolitanae
1248 2183 1685 2260 adscripserant.
1740 2185 2162 2245 Contradicebat

246 2283 477 2358 quidem
518 2281 814 2358 dispositio
854 2282 970 2339 haec
1018 2281 1398 2339 anterioribus
1437 2281 1676 2339 Nicaenis
1702 2283 2037 2358 canonibus,
2075 2284 2166 2360 qui

246 2383 562 2441 secundum
626 2383 815 2439 locum
866 2381 1224 2439 Antiochenae
1278 2382 1423 2454 sedi,
1475 2384 1708 2440 tertium
1761 2383 2162 2456 Alexandrinae,

245 2490 514 2560 quartum
556 2482 1076 2559 Hierosolymitanae
1121 2482 1510 2557 assignabant,
1540 2482 2164 2559 Constantinopolitanae

248 2593 437 2643 autem
503 2583 752 2641 nullum.
807 2582 1190 2640 Nihilominus
1232 2582 1488 2639 validum
1530 2582 1731 2641 fuisset
1778 2582 1930 2640 istud
1982 2583 2164 2640 decre-

247 2693 392 2756 tum,
423 2684 470 2740 si
503 2684 554 2740 ei
589 2683 970 2756 consensisset
1007 2683 1298 2740 Romanus
1333 2681 1609 2740 Pontifex.
1639 2682 1777 2739 Nam
1813 2686 2160 2750 caeterarum,

249 2789 450 2858 praeter
497 2782 834 2853 Romanam,
884 2782 1103 2839 sedium
1149 2782 1396 2858 dignitas
1429 2789 1481 2840 et
1503 2781 1827 2855 jurisdictio
1864 2788 1997 2839 sunt
2021 2780 2163 2856 juris

249 2901 402 2940 mere
429 2881 797 2940 ecclesiastici
827 2888 878 2939 et
915 2883 983 2939 ad
1022 2883 1381 2959 disciplinam
1421 2882 1725 2958 pertinent.
1760 2882 1997 2940 Proinde
2023 2880 2167 2957 quod

248 2986 314 3042 dc
345 2985 414 3041 iis
446 2984 643 3042 statuit
678 3002 859 3041 unum
901 2982 1212 3039 concilium
1245 2982 1683 3056 oecumenicum,
1722 2988 1959 3058 possunt
1988 2981 2166 3039 valide
2203 3029 2207 3033 .

249 3087 318 3142 ab
351 3086 459 3142 alio
499 3085 753 3160 ejusdem
779 3084 1132 3142 auctoritatis
1166 3084 1404 3141 concilio
1441 3083 1670 3141 mutari.
1700 3081 2164 3142 Chalcedonensis

249 3193 439 3242 tamen
478 3204 681 3257 canon,
727 3203 897 3260 quem
931 3191 1158 3242 sanctus
1184 3184 1286 3243 Leo
1327 3185 1470 3260 Papa
1519 3185 1711 3260 rejecit
1752 3191 1806 3242 et
1853 3182 2162 3254 annulavit,

251 3287 445 3343 nullus
473 3291 524 3343 et
563 3287 760 3344 irritus
806 3286 1111 3353 remansit;
1157 3292 1209 3343 et
1256 3285 1502 3362 synodus
1548 3286 1644 3343 illa
1685 3284 2035 3342 oecumenica
2065 3282 2166 3340 fuit

252 3388 437 3459 quoad
460 3394 683 3460 caetera,
714 3407 829 3445 non
868 3389 1054 3462 quoad
1093 3387 1257 3444 illum
1284 3405 1583 3444 canonem.
1620 3387 1700 3443 Ad
1737 3388 1987 3445 valorem
2017 3383 2162 3442 scili·
2251 3420 2258 3430 ·

255 3492 339 3540 cet
382 3487 537 3543 illius
590 3488 821 3546 canonis
862 3487 1009 3543 nihil
1057 3486 1212 3544 aliud
1255 3486 1440 3543 defuit
1491 3505 1661 3561 quam
1705 3504 2012 3544 consensus
2062 3483 2164 3539 Ro-

256 3582 407 3635 mani
437 3585 744 3643 PontificiS.
779 3587 919 3660 Ergo
955 3585 1307 3643 necessarius
1340 3591 1425 3644 est
1461 3603 1771 3643 consensus
1798 3587 1956 3660 Papae
1987 3590 2049 3640 ut
2073 3599 2162 3638 va-

254 3676 403 3734 leant
458 3679 609 3751 leges
653 3684 970 3759 disciplinae
1011 3705 1043 3742 a
1082 3685 1340 3742 conciliis
1387 3685 1744 3760 generalibus
1787 3683 1968 3741 editae.
2026 3681 2164 3753 Ergo
2217 3674 2224 3682 ”
