2262 3990
267 118 356 166 472
949 104 1242 177 TRAGTATUS
1273 106 1339 153 DE
1370 106 1517 154 PAPA.

269 222 386 286 Quo
414 221 620 296 posito,
651 218 933 288 repugnat
968 229 1131 286 posse
1171 212 1418 286 delegari
1457 212 1640 269 ullum
1679 213 1936 271 tribunal
1970 215 2041 272 ad
2062 235 2193 292 pro·
2260 216 2262 267 ζ

269 314 651 375 nuntiandum
677 309 1058 368 infallibiliter
1083 316 1138 368 et
1162 329 1230 368 ex
1257 311 1548 370 cathedra.
2260 301 2262 308 ’

343 413 410 466 At
440 426 571 465 vero
597 408 743 465 bene
768 413 952 484 potest
978 409 1126 485 Papa
1158 408 1548 468 Cardinalibus
1577 410 1836 486 delegare
1866 416 2219 488 potestatem?

268 504 546 563 condendi
593 505 819 562 decreta
867 505 1210 579 dogmatica,
1257 525 1383 581 quae
1419 507 1644 565 valeant
1683 513 1957 582 tanquam
1988 508 2198 583 judicia

269 604 567 661 doctorum
613 602 1105 678 gravissimorum,
1145 610 1340 681 utpote
1378 606 1447 663 ab
1486 605 1612 682 ipso
1656 605 1725 662 ad
1769 605 1826 662 id
1870 605 2203 666 electorum.

265 703 382 760 Imo
433 708 613 779 potest
658 703 1050 762 Cardinalibus
1101 705 1359 780 delegare
1404 711 1741 783 potestatem
1783 705 2070 780 obligandi.
2107 725 2203 783 per

266 805 548 879 ejusmodi
601 805 823 863 decreta
871 807 1048 879 quoad
1083 814 1359 863 externam
1408 808 1603 882 agendi
1641 809 1926 864 rationem.
1965 806 2120 864 Unde
2157 806 2203 866 si

267 904 717 980 propositionem
752 905 1004 980 aliquam
1053 906 1456 982 proscripserit
1501 906 1667 964 Sacra
1707 906 2071 981 Congregatio
2116 906 2204 963 In-

268 1003 616 1079 quisitioniS‚
651 1012 706 1063 et
734 1006 1092 1082 prohibuerit
1131 1025 1202 1064 ne
1227 1012 1620 1083 propugnetur
1648 1007 1707 1063 in
1735 1007 1986 1082 scriptis,
2012 1006 2203 1064 lectio-

266 1106 510 1163 nibusve
536 1112 634 1163 aut
661 1106 1047 1176 sermonibuS,
1075 1106 1193 1180 jam
1220 1126 1335 1163 non
1358 1107 1550 1164 licebit
1572 1106 2016 1183 propositionem
2043 1106 2205 1161 illam

269 1204 351 1260 sic
382 1204 628 1262 externis
660 1205 878 1261 aclibus
917 1221 1296 1279 propugnare.
1339 1205 1627 1278 Ejusmodi
1666 1205 1819 1262 enim
1859 1208 2204 1279 praeceptum

269 1304 631 1380 disciplinam
684 1302 938 1379 respicit3
985 1310 1038 1360 et
1085 1310 1268 1378 potest
1313 1304 1459 1379 Papa
1516 1303 1909 1360 Cardinalibus
1949 1283 2238 1376 delegare*

272 1423 434 1461 suam
476 1408 810 1479 potestatem
859 1403 1148 1478 obligandi
1201 1422 1301 1480 per
1342 1404 1738 1480 disciplinares
1779 1404 1930 1478 leges
1970 1410 2019 1460 et
2067 1421 2204 1478 prae-

270 1507 450 1577 cepta.
488 1503 614 1578 Ipsa
647 1508 836 1560 autem
876 1503 1185 1579 propositio
1220 1521 1392 1577 quam
1420 1502 1810 1559 Cardinalium
1847 1501 2204 1575 congregatio

274 1603 609 1678 proscripsit
639 1611 915 1678 tanquam
959 1623 1255 1662 erroneam
1280 1603 1366 1660 vcl
1399 1604 1745 1674 haereticam,
1786 1605 1838 1660 vi
1864 1605 2014 1677 hujus
2046 1601 2207 1658 solius

275 1704 469 1758 decreti
495 1722 609 1760 non
638 1704 745 1760 erit
777 1706 1095 1762 necessario
1123 1710 1177 1762 ct
1207 1723 1272 1761 ex
1298 1703 1643 1778 obligatione
1669 1707 1731 1767 ut
1755 1701 1883 1759 talis
1908 1700 2204 1771 credenda,

277 1801 453 1859 donec
491 1803 659 1860 hocce
697 1803 981 1877 judicium
1013 1823 1184 1861 suum
1236 1804 1430 1861 fecerit
1473 1820 1735 1860 summus
1775 1800 2030 1863 Pontifex
2068 1782 2205 1855 illud

279 1900 668 1958 confirmando
705 1908 758 1958 et
786 1903 1067 1976 publicari
1102 1903 1508 1979 praecipiendo,

280 2185 303 2233 5·
334 2181 372 2219 3.
402 2204 454 2210 —
488 2179 888 2221 Condemnationem
920 2181 1081 2222 Galilaei
1114 2187 1156 2223 et
1189 2181 1465 2234 Copernicani
1488 2181 1726 2233 systematis
1750 2191 1774 2220 a
1800 2178 2093 2220 Cardinalibus
2118 2186 2219 2229 pro-

335 2248 586 2298 nuntiatam,
608 2249 754 2290 nullus
776 2249 887 2301 Papa
915 2262 1035 2291 suam
1059 2251 1171 2301 fecit,
1202 2252 1290 2293 sive
1314 2263 1390 2304 per
1415 2251 1578 2292 litteras
1604 2249 1878 2303 Apostolicas‚
1905 2247 1994 2290 sive
2014 2257 2091 2300 per
2115 2256 2218 2287 con-

336 2314 634 2366 firmationem,
663 2315 750 2356 sive
770 2328 848 2368 per
873 2316 1053 2368 speciale
1077 2318 1341 2359 mandatum.

359 2504 674 2561 Pnonmnl
740 2524 804 2563 ea:
857 2525 917 2563 eo
973 2508 1112 2581 quod
1160 2508 1364 2563 nullum
1409 2514 1551 2563 eoetet
1588 2507 1988 2574 documentmn,
2048 2503 2212 2557 dictas

282 2603 488 2660 litteras
515 2606 849 2681 Pontifici-aa,
881 2616 974 2664 aut
999 2608 1195 2664 dictam
1233 2610 1713 2681 confirmationem,
1752 2612 1845 2661 aut
1877 2605 2074 2660 dictum
2099 2617 2211 2674 spe-

284 2705 417 2773 ciale
448 2709 761 2764 mandatum
788 2709 1058 2765 exhibens,
1077 2741 1147 2748 —
1173 2708 1315 2767 Sane
1343 2709 1388 2766 si
1410 2710 1698 2766 Romanus
1721 2704 1974 2762 Pontifex
2002 2702 2204 2758 dictam

286 2801 821 2860 condemnationem
853 2802 1245 2862 confirmasset
1273 2823 1374 2879 per
1405 2803 1633 2880 aliquod
1659 2803 1850 2871 Breve,
1889 2808 1987 2858 aut
2017 2800 2209 2857 saltem

286 2900 511 2959 decreto
547 2902 959 2976 Cardinalium‚
988 2907 1180 2964 addita
1221 2904 1422 2962 fuisset
1460 2904 1623 2961 solita
1667 2903 1948 2975 clausula,
1986 2899 2209 2959 Pontifi-

285 3001 430 3059 ciam
455 3006 910 3077 confirmationem
936 3013 1035 3064 aut
1060 3005 1291 3083 speciale
1324 3005 1659 3082 publicandi
1696 3006 2005 3062 inundatum
2032 2999 2211 3078 expri-

286 3119 471 3176 mem,
526 3104 638 3162 tale
676 3105 1104 3180 documentum,
1141 3125 1255 3164 non
1285 3125 1400 3163 una
1436 3107 1574 3178 vice,
1618 3105 1716 3163 sed
1746 3105 1952 3161 millies
1978 3101 2212 3178 produc-

286 3209 411 3260 tum
461 3204 698 3275 fuisset;
756 3213 926 3281 atque
983 3207 1128 3264 illud
1175 3206 1578 3284 reperiremuS,
1630 3224 1746 3263 non
1797 3210 2018 3262 tantum
2068 3197 2211 3276 apud

286 3303 543 3379 Riccioli‚
574 3306 671 3381 qui
713 3306 1050 3365 documenta
1072 3307 1288 3379 retulit,
1317 3307 1414 3365 sed
1437 3307 1496 3363 in
1520 3312 1611 3382 ¹tot
1637 3306 1754 3362 illis
1781 3304 2211 3362 acatholicorum

288 3403 475 3477 libris,
526 3407 622 3482 qui
665 3408 771 3464 hac
822 3407 889 3464 de
933 3425 995 3465 re
1026 3407 1528 3464 disserunt.Porro
1572 3404 1849 3481 ejusmodi
1896 3394 2212 3461 documenti

291 3504 519 3561 nullum
546 3507 779 3566 omnino
806 3508 1111 3583 vestigium
1138 3507 1388 3584 reperire
1414 3513 1497 3564 est
1529 3528 1541 3560 ε

371 3600 426 3654 1⁰
468 3603 629 3662 Nulla
672 3607 1008 3682 producitur
1047 3608 1228 3679 bulla,
1270 3607 1498 3666 nullum
1539 3605 1732 3678 Breve,
1779 3602 1949 3659 nullae
1985 3600 2212 3657 demum
