2262 3990
850 170 979 218 PARS
1006 169 1207 218 TERTIA.
1878 168 1969 216 555

93 283 466 342 distinctionem
491 278 664 352 aliquo
690 281 899 352 antiqno
931 285 1074 335 textu
1094 278 1343 351 probare.
1374 275 1531 333 Vetus
1557 282 1695 331 certe
1718 274 1967 332 Ecclesiae

93 379 306 437 traditio
343 377 609 433 contraria
634 384 709 431 est
740 374 829 448 (de
856 374 1124 431 Potestate
1155 372 1557 441 ecclesiastica,
1589 389 1714 447 cap.
1741 390 1810 443 ιν,
1851 373 1877 443 ἓ
1909 373 1966 442 5,

91 495 150 534 n.
186 477 263 549 7).

163 573 395 646 Insuper
436 571 569 627 adeo
608 570 902 627 manifeste
942 570 1148 626 absona
1185 576 1288 639 est,
1331 574 1392 624 ut
1434 569 1580 625 inter
1619 568 1768 643 ipsos
1799 568 1967 625 etiam

92 650 448 724 heterodoxos
487 685 597 722 non
625 666 802 723 desint
832 665 928 738 qui
954 683 1076 721 eam
1111 671 1374 737 tanquam
1409 665 1545 738 quid
1584 665 1889 722 absurdum
1916 673 1970 723 et

90 765 390 822 ridiculum
432 763 863 837 suggillaverint.
913 762 1023 831 Sic,
1069 761 1220 816 verbi
1261 762 1464 834 gratia,
1506 763 1865 836 MosbemiuS‚
1911 765 1968 821 in

91 860 477 919 dissertatione
505 862 568 916 de
586 860 838 932 pullorum
864 857 1302 931 appellationibus
1323 859 1388 912 acl
1413 859 1689 916 concilium
1713 864 1970 918 mziversae

91 959 355 1025 Ecclesiae,
393 960 643 1013 unitatem
673 956 910 1013 Ecclesiae
946 954 1197 1011 visibilem
1227 953 1521 1011 tollentibus
1545 979 1560 1010 .·
1606 979 1633 1010 «
1665 958 1819 1021 Quod
1857 963 1969 1016 uni-

93 1074 120 1106 «
147 1055 304 1110 versis
330 1053 443 1109 sive
467 1053 680 1126 sinyulis
712 1051 954 1107 Ecclesiis
980 1067 1216 1125 praeesse
1253 1050 1573 1106 Pontificem
1614 1051 1829 1124 dicunt,
1858 1073 1967 1110 non

90 1172 116 1204 α
142 1155 397 1207 universae
425 1151 694 1220 Ecclesiae,
739 1150 792 1205 id
826 1156 938 1205 tam
977 1149 1115 1204 mihi
1157 1149 1360 1206 scitum
1399 1148 1618 1206 videtur
1660 1168 1722 1206 ac
1764 1152 1809 1207 si
1840 1153 1967 1226 quis

92 1268 119 1300 α
148 1246 470 1314 affirmaret,
513 1246 760 1302 membra
789 1246 1015 1319 quidem
1059 1264 1089 1301 a
1130 1245 1307 1320 capite
1339 1245 1475 1318 regi,
1521 1263 1630 1301 non
1662 1263 1790 1301 vero
1819 1248 1965 1320 quod

95 1363 120 1394 «
150 1360 215 1397 ex
267 1343 531 1399 membris
573 1349 785 1400 constat
831 1362 1057 1418 corpus;
1113 1348 1207 1398 aut
1252 1343 1419 1398 urbes
1472 1343 1697 1415 quidem
1746 1361 1961 1413 omneS‚

94 1459 122 1490 α
148 1438 304 1494 villas
336 1446 388 1495 et
419 1440 621 1514 praedia
648 1442 873 1498 subesse
899 1442 1034 1514 regi,
1075 1460 1185 1497 non
1225 1459 1351 1497 vero
1378 1459 1498 1515 quae
1533 1441 1620 1496 his
1650 1443 1966 1499 continetur

93 1558 119 1588 α
148 1537 542 1611 provinciam»
588 1539 753 1613 (inter
798 1539 1079 1595 Moshemii
1137 1541 1528 1595 dissertationes
1571 1541 1641 1594 acl
1694 1540 1963 1596 historiam

88 1636 483 1693 ecclesiasticam
507 1640 843 1709 pertinentes,
869 1637 1000 1693 edit.
1036 1637 1350 1705 Altonaviae,
1381 1637 1547 1706 1755,
1574 1642 1616 1691 t.
1648 1637 1687 1706 Ι,
1722 1658 1774 1711 p.
1803 1638 1959 1710 612).

83 1731 347 1789 Similiter
371 1734 589 1789 Samuel
618 1734 1022 1790 Pusendorflius
1052 1736 1137 1807 (tle
1164 1736 1331 1790 habitu
1364 1735 1628 1805 religionis
1663 1735 1962 1790 christianae

83 1829 153 1883 ad
171 1831 328 1885 vitam
354 1831 570 1901 civilem)
597 1851 607 1882 :
651 1852 678 1883 «
700 1831 1000 1887 Concilium
1029 1849 1147 1886 esse
1173 1849 1337 1905 supra
1366 1831 1566 1904 Papam
1594 1831 1768 1886 thesis
1802 1838 1956 1887 est...

85 1943 111 1975 α
137 1922 237 1978 Sed
270 1925 416 1996 quod
447 1926 538 1981 isti
576 1944 797 2003 quoque
830 1928 971 1980 hanc
1002 1926 1436 2000 propositionem
1473 1944 1718 1982 asserere
1758 1927 1953 1999 velint,

85 2018 235 2090 «qui
272 2019 466 2075 Sedem
515 2020 817 2076 Romanam
867 2021 1119 2076 omnium
1163 2020 1531 2077 Ecclesiarum
1572 2029 1854 2093 centrum,
1896 2042 1958 2079 ac

86 2135 111 2165 «
139 2114 339 2189 Papam
389 2118 791 2174 oecumenicum
838 2119 1170 2192 Episcopum
1225 2125 1560 2190 agnoscunt,
1621 2119 1675 2173 id
1731 2119 1956 2192 quidem

85 2230 112 2263 α
141 2229 251 2266 ῐιοῐι
296 2231 492 2285 parum
535 2215 896 2270 absurditatis
942 2216 1127 2284 habet,
1164 2233 1291 2270 cum
1339 2221 1517 2271 status
1559 2216 1811 2271 Ecclesiae
1854 2217 1956 2271 Ro-

84 2327 111 2357 «
139 2326 314 2363 manae
337 2311 723 2366 monarchicus
750 2312 843 2382 sit,
875 2312 967 2368 illa
1001 2319 1189 2368 autem
1222 2312 1396 2368 thesis
1428 2330 1638 2369 meram
1663 2313 1954 2369 aristocra-

83 2404 268 2459 «tiam
300 2405 514 2462 oleat.»

150 2499 353 2557 Revera
385 2502 674 2559 manifeste
707 2504 973 2561 absonam
1013 2524 1133 2563 esse
1169 2506 1323 2562 illam
1355 2506 1766 2563 Gallicanorum
1797 2508 1949 2565 theo-

78 2596 325 2670 logorum
353 2599 688 2673 opinionem,

151 2694 408 2751 Probatur
439 2697 482 2752 I.
512 2730 579 2738 —
605 2698 678 2752 Ex
711 2700 1085 2774 metaphysica
1118 2700 1586 2775 impossibilitate,
1620 2703 1767 2776 quod
1793 2704 1949 2779 Epis-

77 2790 198 2860 copi
222 2797 283 2846 ut
310 2793 512 2864 singuli
545 2796 696 2870 Papae
732 2798 1100 2870 subjiciantur
1125 2817 1188 2855 ac
1213 2800 1436 2857 obedire
1477 2801 1730 2873 debeant,
1775 2810 1829 2858 et
1872 2804 1946 2858 si··

77 2886 193 2939 mul
227 2894 497 2958 quatenus
529 2893 806 2951 collective
836 2898 1045 2971 sumpti
1088 2898 1478 2955 auctoritatem
1518 2899 1575 2953 in
1614 2899 1813 2972 Papam
1847 2902 1946 2955 ha-

74 2978 258 3037 beant.
284 3014 360 3023 —
384 2984 434 3039 1⁰
467 2986 753 3045 Enimvero
779 2992 842 3046 de
876 2994 978 3063 {ide
1008 3002 1084 3048 est
1115 2996 1346 3066 sinqulos
1383 2995 1678 3068 Episcopos
1717 2996 1944 3053 subesse

73 3076 317 3133 Romano
351 3079 598 3138 Pontifici
630 3101 692 3139 ac
728 3086 779 3140 ei
816 3087 1186 3145 obedientiam
1229 3091 1428 3147 debere
1457 3112 1468 3144 ε
1501 3091 1701 3163 Doyma
1733 3093 1943 3148 catholi-

73 3192 185 3229 cum
228 3184 320 3244 est,
368 3177 443 3232 ait
483 3179 609 3235 Pius
649 3181 776 3237 vl...
811 3185 1019 3240 subesse
1058 3186 1366 3258 plenitudini
1399 3190 1675 3262 potestatis
1719 3189 1941 3246 Romani

73 3270 338 3342 Pontifici-s
368 3290 542 3329 omnes
574 3276 851 3349 Episcopos
880 3279 959 3352 (in
988 3283 1343 3355 responsione
1370 3302 1536 3358 super
1566 3284 1932 3354 Nuntiaturis,

71 3383 189 3439 cap.
233 3387 301 3435 111,
346 3375 476 3423 sect.
507 3370 569 3439 1).
607 3371 806 3428 Veritas
843 3392 871 3428 e
895 3376 1152 3449 doymatis
1182 3379 1328 3449 sonte
1361 3382 1622 3453 profecta,
1651 3385 1937 3454 primatum

66 3466 251 3518 summi
270 3464 536 3535 Ponti-ficis
558 3468 802 3524 divinitus
829 3472 1189 3532 institutum...
1221 3479 1577 3533 auctoritatem
1600 3497 1772 3535 secum
1791 3482 1933 3553 ferre

67 3559 321 3627 stabilem,
362 3572 687 3634 perpetuam,
715 3570 943 3623 numeris
968 3573 1201 3628 onnzibus
1231 3574 1518 3631 absolutam
1542 3577 1817 3650 pascendi,
1843 3596 1928 3633 re-
