2262 3990
811 145 956 216 <PARS
983 134 1212 190 muru:
1691 98 1696 102 ’
1857 122 1942 169 657

82 265 326 326 noluisse
359 262 527 336 hujus
554 255 747 335 synodi
786 254 971 311 Patres
1010 263 1223 307 casuum
1257 254 1527 300 vumsmuu
1561 252 1722 294 causa
1761 232 1946 288 lacessi

82 365 404 435 pontificiam
447 360 788 432 majestatem,
837 365 1118 426 pacemque
1157 344 1401 403 Ecclesiae
1444 334 1771 412 perturbari3
1812 329 1946 416 quod

83 469 216 518 esset
249 475 432 516 revera
462 451 959 529 impudentissimam
992 442 1287 520 (Desensio,
1324 438 1470 494 libro
1507 434 1569 501 Χ,
1602 428 1780 504 capite
1817 426 1942 499 xxi).
2029 450 2032 454 ·

83 561 272 615 Postea
311 559 425 612 haec
460 550 784 627 subjungit:
815 547 919 604 Nec
958 546 1072 600 ideo
1108 540 1304 614 synodo
1342 533 1659 592 oeciimenicae
1690 526 1952 583 silentium

84 658 374 727 imponunt,
402 653 447 707 si
477 651 615 722 forte
657 645 939 702 inciderent
969 638 1220 714 ejusmodi
1253 651 1492 692 caasae...
1528 645 1644 702 quae
1685 643 1715 681 a
1740 620 1951 680 concilio

86 749 467 807 Constantiensi
499 748 870 801 memorantur.
913 738 1110 794 Scitum
1147 735 1284 789 enim
1327 728 1457 785 illud
1497 733 1595 793 est,
1634 720 1954 796 yeneralibus

83 846 273 917 leqibas
303 862 403 898 non
427 837 785 914 comprehendi
805 851 952 890 casus
978 844 1443 892 nxrnsonnmAmoS,
1481 839 1630 878 eosve
1659 826 1806 876 actus
1832 833 1955 890 quos

42 933 54 947 ’
84 943 137 995 in
162 957 219 995 re
249 939 526 1011 improvisa
560 937 672 1007 ipsa
699 932 977 986 necessitas
1004 923 1315 997 expresserit
1348 921 1489 991 (loco
1515 917 1725 988 citato).

157 1037 302 1092 Idem
349 1031 715 1105 colligendum
755 1027 974 1084 videtur
1015 1042 1079 1080 ex
1119 1021 1227 1077 alio
1266 1017 1391 1074 libri
1438 1015 1765 1087 Defensionis
1812 1012 1949 1067 loco.

80 1133 189 1189 Sibi
238 1130 424 1203 objicit
467 1125 784 1183 Bossuetius
825 1123 1091 1196 rejectum
1140 1123 1192 1174 et
1215 1121 1498 1172 cassatum
1543 1131 1572 1167 a
1601 1111 1775 1166 Leone
1815 1108 1954 1181 Papa

84 1244 343 1284 canonem
361 1224 688 1297 vigesimum
714 1226 965 1276 octarum
990 1212 1318 1272 oecumenici
1342 1205 1805 1265 Chalcedonensis
1827 1209 1955 1258 con'-

87 1325 220 1392 ciiii,
253 1342 361 1396 quo
390 1340 587 1395 nempe
620 1318 1086 1375 Chalcedonenses
1118 1314 1298 1367 Patres
1331 1307 1640 1365 secundum
1674 1300 1955 1375 dignitatis

88 1423 268 1476 locum
305 1418 429 1474 Scdi
472 1392 1081 1487 Constantinopolitanae
1110 1406 1515 1464 adscribebant.
1549 1402 1636 1458 Sic
1660 1398 1958 1472 respondet

89 1518 402 1574 Bossuelius
437 1538 448 1568 :
504 1537 530 1566 «
556 1515 674 1568 llaec
717 1511 810 1584 qui
855 1509 1143 1584 objiciunt,
1169 1506 1348 1579 primo
1389 1521 1457 1558 ne
1497 1507 1698 1557 statum
1733 1496 1955 1570 quidem

89 1615 406 1688 quaestionis
439 1612 771 1684 intelligunt.
810 1608 1162 1664 Defendimus
1190 1605 1336 1661 enim
1377 1600 1789 1658 Constantiense
1828 1615 1956 1653 con-

90 1715 301 1783 cilium,
342 1732 449 1786 quo
494 1730 691 1785 nempe
734 1707 951 1765 concilii
987 1706 1163 1780 potior
1207 1704 1500 1759 auctoritas
1542 1703 1872 1773 agnoscatur
1905 1698 1959 1750 in

87 1812 210 1881 fide,
253 1813 302 1865 in
345 1810 635 1874 schismate,
682 1809 729 1860 in
772 1804 1144 1869 reformatione
1180 1800 1410 1874 =qenerali
1452 1799 1847 1872 promovenda.
1892 1798 1959 1851 At

84 1908 386 1963 Orientales
419 1903 664 1978 Episcopi
704 1902 808 1957 isto
839 1917 1118 1955 canone...
1152 1916 1262 1952 non
1294 1896 1442 1963 fidei,
1487 1913 1598 1950 non
1644 1894 1953 1964 schismati,

87 2021 194 2058 non
221 1999 598 2057 reformationi
624 1996 861 2070 generali
893 1994 1322 2069 providebant...
1350 1991 1583 2047 Proinde
1609 1992 1689 2046 ad'
1706 1999 1956 2048 nostram

87 2097 443 2169 quaestionem
476 2111 584 2149 non
626 2092 861 2166 pertinet
889 2089 1163 2162 quidquid
1199 2090 1287 2143 hic
1323 2093 1505 2144 actum
1546 2089 1613 2142 ab
1652 2087 1765 2144 illis
1794 2088 1899 2144 suit
1926 2110 1953 2141 »

91 2193 378 2265 (Defensi0‚
411 2192 547 2245 libro
568 2190 698 2256 vul,
728 2188 906 2261 capite
930 2190 1057 2257 vm).

162 2289 284 2342 ideo
309 2287 376 2342 ad
409 2293 521 2341 tres
555 2285 687 2339 istos
717 2301 878 2338 casus
914 2282 1178 2354 restringi
1205 2299 1233 2336 a
1262 2260 1546 2336 Bossuetio
1572 2280 1956 2337 auctoritatem

92 2383 312 2439 concilii
340 2401 505 2456 supra
543 2382 738 2454 Papam
769 2379 1044 2435 existimat
1075 2378 1423 2448 Ballerinius‚
1452 2395 1545 2449 ne,
1593 2378 1638 2432 si
1664 2379 1732 2433 ad
1770 2397 1963 2435 01111105

90 2500 251 2540 casus
277 2480 628 2548 extendisset,
653 2478 819 2533 nimis
846 2485 1030 2551 aperte
1053 2476 1375 2532 Jansenistis
1406 2475 1812 2549 appellantibus
1838 2496 1965 2533 con-

91 2580 276 2634 nivere
300 2577 448 2632 visus
473 2577 683 2631 suisset,
712 2575 1118 2631 Contendebant
1141 2574 1463 2630 Jansenistae
1491 2592 1521 2629 a
1547 2573 1788 2646 quolibet
1813 2575 1964 2647 Papae

87 2675 293 2748 judicio
322 2674 583 2748 appellari
604 2692 762 2748 posse
781 2674 846 2728 ad
870 2673 1165 2729 concilium
1184 2673 1461 2744 generale,
1482 2689 1543 2727 eo
1565 2672 1709 2744 quod
1729 2673 1964 2728 concilio

97 2790 189 2826 seu
221 2773 607 2845 Episcoporum
642 2771 892 2843 collegio,
930 2789 1038 2826 non
1079 2772 1323 2826 Romano
1362 2770 1630 2838 Pontifici,
1670 2789 1964 2844 supremam

97 2868 342 2923 Christus
374 2870 751 2925 auctoritatem
777 2869 1119 2925 contulisset.
1156 2869 1211 2922 Id
1239 2867 1448 2941 pluries
1475 2866 1637 2922 Sedes
1663 2867 1963 2940 apostolica

102 2965 471 3020 damnaverat.
515 2966 573 3019 Id
612 2973 797 3038 aperte
828 2983 1176 3040 propugnare
1199 2955 1518 3020 Bossuetius
1557 2981 1666 3018 non
1704 2963 1962 3032 audebat,

104 3081 171 3117 110
203 3061 524 3116 Janscnistis
555 3062 962 3117 adcenseretur.
999 3047 1206 3118 Idcirco
1230 3079 1384 3118 suam
1413 3061 1707 3116 inducebat
1734 3078 1964 3115 casuum

102 3159 481 3214 ordinariorum
514 3163 566 3212 et
606 3159 1146 3213 extraordinariornm
1183 3158 1620 3226 distinctionem,
1655 3163 1707 3213 et
1752 3157 1966 3212 dicebat

104 3254 319 3309 defendi
356 3272 382 3309 a
415 3272 473 3309 se
499 3253 765 3327 potiorem
792 3253 1011 3309 concilii
1041 3255 1418 3310 auctoritatem
1451 3257 1638 3310 saltem
1664 3254 1722 3310 in
1746 3254 1964 3311 casibus

105 3347 547 3403 extraordinariis
581 3367 608 3402 a
643 3347 848 3422 synodo
888 3347 1286 3403 Constantiensi
1324 3349 1660 3406 memoratis
1699 3349 1961 3406 Caeterum

104 3463 213 3500 non
246 3445 475 3517 negabat
502 3445 596 3500 sed
631 3450 851 3499 econtra
888 3449 970 3499 sat
1011 3451 1196 3518 aperto
1229 3445 1514 3516 innuebat,
1557 3447 1760 3522 synodo
1796 3466 1959 3521 gene-

104 3541 205 3596 rali
230 3541 482 3596 collatam
523 3539 839 3596 immediate
872 3559 901 3595 a
930 3539 1145 3596 Christo
1172 3541 1346 3598 fuisse
1387 3543 1766 3600 auctoritatem
1793 3563 1959 3620 supra
