2306 4010
836 211 962 259 PARS
990 210 1230 260 SECUNDA.
1885 209 1976 258 285

102 329 405 389 continent.
436 326 501 379 At
531 319 730 379 veroin
748 317 929 392 prima
955 315 1348 374 nihilomnino
1373 314 1648 391 reperitur
1678 314 1790 372 nisi
1811 315 1975 391 plane

102 427 458 486 catholicum.
492 422 706 478 Constat
737 433 935 490 nempe
960 417 1214 473 articulis
1245 417 1338 489 26,
1374 414 1579 489 quihus
1604 414 1776 472 illaesa
1813 414 1919 472 fide
1945 433 1975 471 a

105 525 446 601 quibuslibet
469 513 746 577 catholicis
776 513 1060 588 Episcopis
1097 513 1373 571 subscribi
1399 514 1600 590 potuit.
1643 513 1703 569 In
1727 530 1791 570 eo
1818 513 1976 570 dum-

107 632 253 683 taxat
279 613 653 696 vituperanda,
690 610 838 684 quod
863 628 1048 666 vocem
1092 613 1550 668 consubstantialis
1589 629 1702 668 non
1732 611 1978 669 contine-

110 728 213 778 ret.
254 720 359 775 lloc
400 713 601 787 scilicet
627 707 956 765 vocabulum
1000 707 1057 762 in
1096 708 1324 763 texenda
1361 708 1455 765 illa
1493 709 1734 766 formula
1776 708 1977 766 semia-

109 818 253 876 riani
297 816 361 871 de
398 805 658 870 industria
697 804 1019 875 omiserant,
1058 810 1120 860 ut
1163 804 1241 859 sic
1288 805 1591 863 arianismo
1628 807 1979 882 aliquatenus

108 915 374 971 indirecte
396 909 649 966 faverent.

185 1012 300 1066 Jam
327 1020 447 1062 vero
479 998 621 1073 quod
646 997 895 1055 Liberius
919 999 1059 1074 Papa
1091 998 1161 1075 (si
1191 998 1283 1055 cui
1314 1015 1504 1054 revera
1533 998 1788 1057 formulae
1821 1002 1977 1058 subs-

114 1106 330 1180 cripisse
357 1096 617 1154 dicendus
648 1096 739 1166 sit)
787 1096 915 1152 huic
949 1100 1162 1170 primae,
1204 1114 1315 1152 non
1348 1100 1546 1152 ,autem
1590 1097 1848 1154 secundae
1883 1105 1979 1154 aut

106 1200 305 1268 tertiae‚
363 1195 798 1270 subscripserit,
863 1196 1142 1270 explorata
1205 1213 1292 1251 res
1354 1200 1436 1250 est
1494 1195 1644 1269 apud
1707 1196 1975 1252 eruditos

105 1295 326 1362 «Quoad
366 1293 832 1368 subscriptionem
880 1312 1009 1350 vero
1046 1294 1297 1350 formulae
1326 1292 1670 1364 Sirmiensis‚
1705 1294 1781 1350 ait
1809 1293 1982 1350 Balle-

103 1394 300 1463 riniuS‚
328 1394 438 1467 jam
486 1392 740 1448 convenit
787 1392 901 1448 fere
948 1392 1094 1448 inter
1139 1410 1333 1448 omnes
1373 1391 1644 1459 eruditOS,
1692 1394 1850 1447 etiam
1889 1392 1981 1446 ad-

108 1493 370 1557 versarios,
393 1489 544 1545 illam
568 1489 740 1546 fuisse
766 1491 1003 1564 primam
1031 1491 1331 1546 formulam
1349 1489 1535 1545 Sirmii
1561 1489 1766 1545 editam
1789 1494 1980 1545 contra

107 1586 412 1654 Photinum;
469 1605 637 1659 quam
676 1588 733 1642 in
773 1587 915 1643 libro
952 1589 1014 1643 (le
1060 1588 1285 1660 Synoclis
1317 1587 1436 1662 ipse
1474 1592 1702 1642 sanctus
1736 1587 1981 1643 Hilarius

107 1685 182 1742 uti
213 1684 535 1740 catholicam
574 1692 854 1742 excusat»
888 1685 1264 1759 (BalleriniuS,
1309 1686 1372 1741 de
1419 1685 1476 1742 Vz'
1520 1703 1580 1740 ac
1609 1684 1826 1740 Ratione
1864 1689 1976 1757 pri-

101 1788 282 1849 matuS,
327 1796 446 1855 cap.
484 1802 568 1853 xv,
601 1785 625 1854 ἓ
653 1783 707 1853 8,
746 1802 803 1838 n.
842 1782 958 1855 50).
995 1782 1146 1838 Unde
1179 1782 1257 1838 sic
1299 1782 1624 1855 arguimus:
1664 1799 1775 1836 uon
1800 1782 1978 1856 potuit

102 1880 342 1936 Liberius
379 1898 565 1937 errare
594 1882 650 1936 in
697 1881 801 1936 fide
841 1899 942 1957 per
974 1900 1133 1936 suam
1171 1880 1493 1936 Sirmiensis
1519 1879 1776 1936 formulae
1818 1880 1977 1936 subs-

99 1977 439 2052 criptionem,
483 1979 528 2034 si
574 1979 815 2035 formula
857 1979 968 2035 haec
1015 1980 1237 2034 nullum
1279 1979 1338 2034 in
1373 1978 1480 2035 fide
1517 1995 1763 2035 errorem
1803 1979 1978 2036 conti-

98 2082 220 2132 neat
247 2098 257 2130 z
292 2078 443 2152 atqui
476 2078 695 2134 nullum
731 2078 961 2135 omnino
991 2078 1255 2135 continet.

169 2173 380 2247 Objicies
423 2177 496 2231 ¹1⁰.
524 2210 597 2216 —-
630 2176 871 2232 Peccavit
914 2176 1317 2232 subscribendo
1361 2176 1612 2232 formulae
1654 2193 1764 2248 qua
1804 2177 1975 2232 haerc-

96 2268 206 2340 tici,
234 2272 302 2327 ob
334 2272 596 2328 omissam
623 2291 812 2333 vocem
853 2273 1327 2345 consubstantialia,
1362 2273 1515 2329 abuti
1547 2278 1820 2346 poterant.

170 2367 470 2442 Respondeo
500 2391 514 2422 .·
548 2371 672 2425 Esto
718 2371 1046 2444 peccaverit.
1085 2370 1186 2433 Sed
1221 2378 1508 2444 peccatum
1545 2370 1695 2425 istud
1729 2387 1839 2425 non
1872 2369 1976 2426 suit

96 2481 321 2521 erronea
367 2467 491 2523 fidei
534 2468 794 2524 definitio,
841 2468 898 2522 Id
948 2468 1062 2524 sole
1099 2469 1407 2524 meridiana
1451 2469 1659 2524 clarius
1703 2475 1805 2539 est,
1844 2487 1973 2524 cum

98 2562 332 2619 formula
360 2565 578 2620 nullum
611 2583 855 2621 errorem
889 2566 1189 2623 contineat.
1220 2567 1337 2622 Non
1369 2566 1608 2622 dicimus
1634 2567 1837 2642 Papam
1864 2584 1975 2622 non

98 2676 255 2732 posse
275 2679 520 2735 peccare,
549 2663 759 2735 aliquid
781 2663 1084 2719 omittendo
1111 2664 1256 2737 quod
1287 2682 1351 2721 ex
1383 2664 1561 2720 officio
1591 2683 1690 2719 suo
1715 2671 1977 2738 praestare

98 2754 318 2813 debuit:
358 2760 453 2814 sed
481 2760 721 2816 dicimus
747 2768 966 2817 tantum
1005 2762 1327 2836 contingere
1363 2780 1474 2817 non
1512 2781 1675 2836 posse
1712 2770 1773 2819 ut
1812 2762 1974 2818 alicui

98 2867 335 2910 erroneae
376 2855 501 2911 fidei
542 2858 849 2913 definitioni
887 2858 1065 2913 libere
1118 2860 1455 2915 subscribat.
1506 2861 1623 2915 Non
1674 2861 1858 2932 agitur
1909 2859 1977 2915 de

96 2946 247 3020 Papae
279 2950 758 3023 impeccabilitate,
791 2962 844 3010 at
871 2955 938 3010 de
981 2955 1158 3028 ipsius
1201 2956 1503 3013 inerrantia
1543 2957 1599 3011 in
1641 2955 1869 3012 edendis
1912 2972 1976 3009 ex

67 3074 79 3090 .
98 3045 353 3099 cathedra
378 3046 502 3101 {idei
533 3048 968 3105 delinitionibuS.

176 3139 389 3210 objicies
417 3143 823 3202 2⁰.—Sanctus
853 3147 1089 3203 llilarius
1117 3148 1175 3203 in
1191 3150 1539 3223 FraymentiS,
1559 3147 1859 3203 formulam
1884 3147 1975 3203 cui

102 3232 429 3308 subscripsit
456 3236 697 3293 Liberius
722 3242 1001 3311 perfidiam
1040 3252 1218 3302 vocat.
1264 3246 1399 3302 Item
1441 3250 1670 3301 sanctus
1716 3243 1976 3320 Hierony-

104 3347 228 3384 mus
252 3348 379 3385 eum
407 3334 459 3386 in
492 3333 786 3389 haereticam
822 3338 1143 3406 pravitatem
1181 3341 1583 3415 subscripsisse
1620 3340 1880 3398 affirmat.
1904 3375 1978 3383 —

102 3426 408 3499 Respondeo
438 3428 596 3485 :illos
626 3436 808 3486 textus
829 3448 941 3486 non
974 3449 1089 3488 esse
1106 3437 1286 3492 saneti
1313 3437 1506 3493 llilarii
1534 3456 1636 3494 nec
1658 3439 1835 3496 sancti
1855 3439 1976 3496 Hie-

103 3525 341 3599 ronymi,
367 3534 530 3599 prout
562 3528 916 3600 manifestum
942 3531 1073 3587 fecit
1111 3533 1447 3591 Bollandista
1479 3535 1789 3611 Stiltingus.
1819 3540 1884 3594 At
1918 3539 1973 3594 in

104 3619 387 3695 hypothesi
428 3624 593 3680 etiam
622 3625 766 3696 quod
807 3628 1034 3699 genuini
1071 3630 1268 3701 forent,
1302 3632 1379 3689 sic
1404 3634 1723 3709 responderi
1747 3642 1921 3710 potest
1957 3658 1966 3689 :
