2306 4010
812 169 942 216 PARS
970 168 1208 216 SECUNDA.
1863 172 1952 220 255

0 274 2 287 ’
74 296 188 340 non
206 277 391 336 obedit
407 271 652 335 Pontifici
673 272 1034 349 praecipienti,
1047 279 1110 331 ut
1128 271 1431 331 definitioni
1455 273 1713 333 credatur
1734 274 1951 332 sincere

73 381 131 434 et
155 393 219 431 ex
246 374 467 430 interno
492 367 690 434 mentis
713 368 996 443 obsequio.
1022 363 1231 445 11gitiir‚
1272 370 1370 444 qui
1400 376 1549 427 tenet
1580 370 1782 446 Papam
1808 370 1951 427 falli—

0 514 4 544 »,
75 473 272 543 bilem,
318 472 451 528 velit
486 465 644 535 nolit,
689 463 862 522 simul
897 466 998 522 hoc
1037 465 1156 540 ipso
1186 466 1366 540 rejicit
1402 465 1766 541 principium,
1801 467 1949 540 quod

0 625 2 629 .
78 572 199 629 sine
231 575 452 647 peccato
475 561 628 640 rejici
651 560 864 634 nequit.

149 671 284 727 llinc
312 666 508 725 merito
534 658 794 720 Ballerini
822 680 834 712 ι
882 679 910 711 «
930 658 1073 714 lllud
1109 661 1253 716 serio
1290 660 1738 720 animadvertant
1763 662 1950 719 adver-

82 769 240 839 sarii,
281 783 383 825 non
399 760 607 839 peccam·
629 761 855 814 tantum
889 756 1112 830 quando
1143 758 1270 830 quis
1312 767 1502 816 contra
1546 761 1952 836 propositiones

78 873 230 925 certa
256 863 359 923 fide
389 855 696 935 propositas
733 861 829 911 aut
862 854 1115 910 definitas
1155 855 1268 927 agit
1305 862 1402 912 aut
1432 858 1623 928 sentit,
1660 860 1756 916 sed
1798 862 1954 915 ettam

77 962 290 1040 quando
312 967 429 1015 'sese
453 953 682 1028 opponit
704 951 1181 1027 propositionibus
1203 969 1325 1024 quae
1348 970 1413 1008 ex
1439 954 1605 1010 certis
1631 956 1955 1029 theologicis

79 1053 358 1137 prinoipiis
402 1050 642 1124 legitime
685 1050 935 1106 deductae
980 1054 1033 1106 et
1075 1051 1334 1121 evidenter
1381 1060 1507 1106 stant
1555 1052 1949 1109 demonstratae.

129 1159 134 1161 ’
221 1149 384 1224 culpa
416 1149 472 1204 in
504 1165 564 1204 re
589 1146 851 1222 praesenti
873 1165 936 1203 eo
961 1147 1138 1220 magis
1161 1147 1385 1203 evidens
1411 1148 1758 1221 agnoscitur,
1790 1152 1837 1205 si
1864 1151 1957 1205 ad-

70 1157 291 1307 &arii
322 1246 390 1302 iis
412 1246 773 1320 principiiS...
811 1263 926 1317 qaae
956 1246 1017 1300 ab
1038 1247 1165 1317 ipsis
1192 1246 1517 1301 concedenda
1542 1255 1684 1318 stant,
1716 1264 1835 1304 sese
1861 1265 1957 1321 op-

69 1350 316 1422 ponant»
353 1344 647 1417 (Appenclix
683 1344 746 1398 de
776 1343 1195 1417 infallibilitate).

0 1445 4 1450 ’
139 1441 225 1497 ΙΙΙ.
257 1441 625 1497 Confirmatur
646 1457 710 1495 ex
732 1439 1011 1512 responsis
1035 1439 1210 1494 Sacrae
1227 1438 1673 1510 Poenitentiariae,
1699 1442 1953 1513 sequenti

69 1538 246 1613 capite
272 1538 644 1611 transcriptis.
680 1538 754 1591 Ex
782 1536 863 1591 eis
904 1535 1056 1591 enim
1096 1535 1379 1608 colligitur
1407 1538 1615 1592 absolvi
1654 1556 1763 1593 non
1797 1557 1956 1612 posse

70 1635 165 1707 qui
204 1635 334 1690 huic
370 1633 654 1707 gallicanae
693 1632 940 1706 opinioni
980 1632 1279 1697 adhaerent,
1319 1633 1429 1688 nisi
1459 1635 1519 1688 ob
1554 1636 1741 1688 bonam
1773 1636 1950 1705 fidem.

63 1732 202 1804 Ergo
235 1750 333 1806 per
358 1751 438 1802 se,
478 1738 528 1788 et
558 1731 770 1787 seclusa
799 1731 943 1787 hona
967 1730 1106 1802 fide,
1135 1736 1423 1805 peccatum
1457 1737 1541 1788 est
1581 1731 1666 1786 illi
1703 1732 1954 1806 opinioni

69 1829 367 1886 adhaerere.

134 1927 416 1981 Pnoposmo
432 1926 515 1981 11³.
533 1960 601 1968 —-
615 1927 887 1982 Peccatum
905 1935 979 1982 est
997 1927 1204 1998 docere,
1224 1927 1415 1982 dietam
1438 1929 1734 1999 opinionem
1757 1945 1869 1983 esse
1890 1929 1954 1983 Ii-

65 2027 215 2082 citam
234 2043 292 2081 ac
310 2025 544 2095 liberam,
570 2043 662 2080 seu
677 2026 1016 2098 probabilem.
1035 2059 1102 2067 —
1118 2025 1331 2081 Etenim
1351 2031 1641 2099 peccatum
1659 2032 1739 2082 est
1760 2027 1953 2082 licitam

62 2119 256 2178 docere
286 2120 602 2196 opinionem
630 2139 797 2193 quam
832 2122 1145 2194 reprobavit
1179 2121 1344 2176 Sedes
1370 2121 1689 2194 apostolica,
1718 2128 1767 2178 et
1789 2123 1952 2195 eujus

64 2218 375 2290 oppositum
404 2235 521 2272 esse
546 2217 773 2272 omnino
810 2217 1113 2272 tenendum
1137 2222 1188 2271 et
1230 2235 1328 2288 pro
1357 2217 1667 2272 indubitato
1697 2217 1954 2290 dogmate

65 2313 329 2368 catholico
356 2313 667 2368 habendum
693 2312 1022 2386 profitentur
1043 2312 1300 2367 catholici
1328 2312 1579 2367 doctores
1604 2312 1678 2367 ita
1702 2331 1955 2369 commu-

67 2408 234 2477 niter,
277 2413 336 2463 ut
378 2409 540 2481 pauci
583 2408 678 2480 qui
714 2408 1055 2463 contrarium
1092 2408 1150 2462 in
1176 2407 1362 2464 Galliis
1397 2408 1466 2463 ab
1494 2426 1637 2464 anno
1665 2408 1951 2467 dumtaxat

72 2504 215 2559 1665
244 2505 594 2573 effutierunt,
621 2506 838 2562 nullius
865 2506 1210 2562 auctoritatis
1237 2506 1349 2561 sint
1378 2512 1430 2561 et
1462 2523 1691 2579 prorsus
1717 2507 1954 2563 derelin-

64 2602 295 2681 quendi..
323 2603 487 2674 Atqui
517 2603 645 2659 talis
686 2609 767 2660 est
798 2603 943 2660 dicta
973 2604 1157 2677 opinio
1189 2625 1198 2656 :
1233 2621 1362 2676 ergo
1390 2612 1679 2677 peccatum
1708 2613 1791 2660 est
1831 2622 1953 2662 eam

70 2695 262 2755 licitam
287 2699 501 2755 docere.
531 2700 665 2755 ltem
693 2707 982 2774 peccatum
1007 2708 1087 2757 est
1114 2701 1330 2756 liberum
1367 2708 1418 2757 et
1449 2702 1710 2773 probabile
1729 2702 1949 2774 docere,

70 2795 216 2866 quod
240 2796 552 2870 reprobavit
583 2797 748 2854 Sedes
775 2799 1098 2873 apostolica,
1127 2806 1180 2855 et
1206 2801 1356 2871 quod
1378 2800 1680 2873 opponitur
1706 2801 1953 2874 dogmati

71 2889 160 2945 cui
185 2895 447 2964 tanquam
476 2894 814 2967 certissimO,
835 2913 895 2951 ex
922 2897 1206 2952 communi
1231 2896 1523 2952 doctorum
1546 2899 1951 2954 catholicorum

72 2986 340 3059 doctrina,
373 2993 600 3048 omnino
622 2993 1013 3050 adhaerendum
1058 3000 1159 3050 est.
1189 2995 1353 3067 Atqui
1384 2995 1512 3050 talis
1556 3004 1638 3051 est
1664 2996 1808 3050 dicta
1837 2995 1953 3067 opi-

4 3143 6 3145 .
76 3082 167 3140 nio
193 3103 204 3136 t
233 3102 359 3159 ergo
378 3095 670 3162 peccatum
695 3098 773 3147 est
803 3109 925 3147 eam
951 3092 1187 3147 liberam
1215 3092 1411 3148 docere
1439 3099 1534 3147 aut
1572 3091 1940 3164 prohabilem.

146 3178 422 3239 Pnoeosmo
448 3185 555 3239 111³.
578 3219 650 3227 -
668 3186 985 3243 Praedictum
1013 3195 1280 3259 peccatam
1308 3195 1384 3242 est
1406 3205 1562 3258 prave
1586 3187 1649 3250 de
1674 3203 1747 3240 se.
1771 3219 1840 3227 —
1859 3187 1952 3243 Da-

75 3281 165 3331 tur
201 3278 346 3334 enim
381 3287 719 3354 praeceptum
767 3283 1052 3354 rejiciendi
1081 3283 1400 3355 opinionem
1430 3301 1595 3355 quam
1637 3285 1948 3357 reprobavit

70 3369 230 3430 Sedes
255 3376 585 3449 apostolica‚·
605 3383 657 3431 et
682 3394 850 3448 quam
882 3396 1001 3433 esse
1020 3396 1263 3434 errorem
1285 3379 1341 3433 in
1368 3379 1474 3434 fide
1491 3381 1863 3448 communiter
1883 3401 1947 3440 ac

73 3477 333 3545 perpetuo
363 3480 663 3529 tenuerunt
691 3474 747 3528 in
775 3480 888 3530 toto
915 3475 1047 3531 orbe
1068 3475 1335 3531 catholico
1354 3476 1606 3534 doctores
1629 3481 1939 3537 orthodoxi.

73 3563 305 3624 Aliunde
334 3575 519 3626 autem
551 3569 703 3626 illius
734 3570 993 3643 praecepti
1018 3570 1249 3628 materia
1277 3573 1598 3645 gravissima
1630 3582 1735 3648 est,
1763 3582 1825 3634 ut
1846 3597 1945 3653 per
