2306 4010
133 182 155 204 0
807 170 932 217 PARS
963 169 1202 216 SECUNDA.
1860 166 1948 213 255

65 280 280 348 rietate,
323 277 381 332 in
426 277 604 334 varias
643 277 925 334 doctrinas
973 293 1348 349 erroneasque
1381 273 1673 349 opiniones
1729 272 1947 330 scinde-
2020 280 2022 283 ’

65 383 277 446 rentur,
312 381 375 432 ut
413 375 654 430 nimium
686 375 1030 448 experientia
1070 379 1305 431 constat.
1339 375 1462 431 Jam
1506 390 1631 429 vero
1668 371 1776 428 nisi
1810 371 1937 428 uni-

66 481 149 531 tas
176 473 340 547 juris,
383 489 481 528 seu
521 487 684 527 causa
715 469 990 525 unitatem
1035 471 1164 527 facti
1210 471 1543 546 producens,
1573 470 1645 526 sit
1701 471 1931 544 ipsemet

62 573 343 628 Romanus
359 567 604 626 Pontifex
628 565 998 623 infallibiliter
1023 566 1248 636 docenS,
1278 569 1432 625 nulla
1456 587 1685 644 prorsus
1712 568 1934 634 existet;

65 687 128 726 ac
149 668 378 742 proinde
399 672 582 723 aetum
604 664 710 722 erit
729 664 796 719 de
819 662 1035 723 unitate
1052 662 1326 720 Ecclesiae.
1354 666 1508 730 Quod
1534 666 1613 723 sic
1636 666 1903 741 probatur
1927 686 1938 718 t

62 764 246 838 siqua
283 764 422 819 soret
463 763 588 834 alia,
618 767 815 836 praetcr
862 759 1172 815 Romanum
1206 760 1525 816 Pontificem
1570 762 1940 818 infallibiliter

65 861 377 932 docentem,
404 878 568 917 causa
603 859 875 916 unitatem
904 857 1029 912 fidei
1065 856 1402 932 producens,
1439 865 1607 927 esset,
1638 858 1721 914 vel
1765 858 1946 932 inspi-

62 957 200 1015 ratio
248 957 569 1013 immediat'a
609 955 849 1030 Spiritus
900 954 1083 1010 Sancti
1131 972 1254 1027 quae
1304 953 1494 1008 fideles
1539 954 1596 1008 in
1646 973 1772 1010 vera
1827 955 1933 1012 fide

65 1046 398 1113 sufficienter
422 1055 753 1126 contineret,
775 1055 860 1111 vel
885 1053 1133 1128 Episcopi
1161 1059 1439 1126 quatenus
1471 1052 1527 1107 in
1547 1054 1786 1126 propriis
1813 1053 1946 1108 dioe-

63 1151 278 1209 cesibus
307 1151 509 1224 singuli
543 1151 823 1220 docenteS,
854 1150 940 1206 vel
979 1150 1146 1206 iidem
1177 1149 1446 1223 Episcopi
1490 1155 1764 1221 quatenus
1802 1167 1933 1204 con-

60 1251 265 1326 gregati
289 1258 339 1306 ct
365 1251 723 1322 collegialiter
747 1250 1028 1318 docenteS,
1046 1268 1144 1305 seu
1171 1249 1474 1304 concilium
1498 1247 1927 1303 oecumenicum.

0 1331 1 1341 ἵ
65 1347 221 1420 Atqui
256 1347 474 1401 nullum
501 1365 565 1401 ex
604 1346 689 1400 his
715 1345 822 1400 dici
854 1351 1054 1420 potest.
1090 1345 1143 1399 10
1170 1345 1324 1408 Quod
1359 1345 1595 1400 voluerit
1621 1344 1764 1399 Deus
1797 1359 1936 1398 verae

68 1442 188 1500 fidei
223 1445 490 1500 unitatem
524 1444 827 1518 producere
853 1462 914 1499 ac
941 1461 1270 1499 conservare
1312 1459 1409 1516 per
1432 1442 1672 1515 privatas
1703 1441 1939 1515 Spiritus

77 1536 253 1594 Sancti
277 1539 685 1614 inspirationes,
719 1539 1025 1612 unicuique
1071 1540 1265 1607 factas,
1301 1545 1381 1594 est
1426 1539 1646 1593 fatuum
1695 1543 1746 1593 et
1785 1538 1943 1592 ‹lam-

78 1638 265 1689 natum
306 1637 730 1709 protestantium
764 1644 1029 1710 systema,
1068 1637 1228 1709 cujus
1254 1636 1556 1691 falsitatem
1600 1632 1940 1708 experientia

77 1730 308 1803 quisque
350 1751 446 1789 sua
482 1736 671 1791 testari
704 1742 920 1809 potest;
953 1754 1081 1790 cum
1110 1735 1344 1808 quisque
1382 1734 1521 1790 sciat
1556 1732 1659 1788 sibi
1688 1749 1799 1786 non
1822 1730 1940 1785 fieri

39 1879 45 1885 .
73 1827 338 1900 ejusmodi
362 1832 713 1888 revelationes
741 1851 839 1889 seu
862 1833 1278 1907 inspirationeS,
1309 1831 1510 1905 quibus
1534 1835 1683 1884 certo
1712 1828 1933 1900 dignos-

35 1978 38 1982 ,
69 1930 152 1980 cat
183 1928 480 1983 credendos
512 1930 632 1986 fidei
659 1930 946 1986 articulos
972 1930 1026 1984 2⁰
1052 1930 1152 1985 Sed
1180 1946 1358 2002 neque
1380 1932 1614 2001 possunt
1646 1924 1927 1998 Episcopi,

65 2025 335 2090 quatenus
354 2022 407 2077 in
428 2042 526 2079 sua
552 2026 787 2099 quisque
812 2026 1034 2081 dioecesi
1054 2026 1332 2092 docenteS,
1362 2023 1490 2079 fidei
1510 2022 1781 2085 unitatem
1808 2038 1936 2094 pro-

64 2115 264 2174 ducere
293 2138 353 2175 ac
386 2123 641 2180 retinere.
693 2125 827 2181 Cum
867 2126 1016 2182 enim
1048 2125 1268 2200 ipsimet
1313 2123 1673 2196 singulariter
1725 2119 1935 2193 sumpti

64 2212 317 2269 sallibiles
335 2219 443 2271 sint
467 2237 528 2273 ac
550 2238 782 2275 nurnero
803 2222 991 2292 plures
1017 2228 1071 2276 et
1105 2223 1172 2276 ab
1199 2221 1433 2274 invicem
1469 2219 1927 2291 independentes,

67 2327 252 2365 errare
287 2314 477 2384 procul
525 2315 692 2370 dubio
730 2323 998 2388 possunt3
1038 2323 1089 2371 et
1129 2318 1237 2371 nisi
1275 2335 1374 2389 per
1408 2317 1753 2388 superiorem
1804 2314 1931 2368 fidei

65 2422 337 2475 normam,
363 2408 453 2462 cui
481 2415 731 2464 teneatur
754 2411 988 2482 quisque
1008 2412 1260 2483 obsequi,
1289 2411 1345 2465 in
1371 2429 1498 2466 vera
1532 2411 1637 2467 tide
1663 2411 1938 2466 retinean-

0 2549 1 2558 ,
64 2506 178 2569 tur,
205 2519 330 2556 mox
353 2503 675 2558 scindentur
709 2504 765 2558 in
797 2505 1069 2578 plurimas
1101 2506 1365 2561 doctrinae
1394 2507 1707 2573 varietates,
1751 2524 1813 2560 ac
1843 2506 1929 2559 in-

0 2596 2 2638 ῐ
62 2605 145 2654 ter
167 2599 314 2673 ipsos
336 2603 574 2656 haereses
605 2619 666 2657 ac
689 2603 991 2658 schismata
1013 2604 1389 2677 pullulabunt..
1414 2605 1467 2659 5⁰
1490 2604 1728 2659 Tandem
1748 2621 1927 2676 neque

62 2699 314 2770 generale
337 2700 656 2771 concilium,
686 2701 849 2773 quale
880 2703 1062 2758 haberi
1088 2709 1271 2776 posset
1302 2703 1348 2758 si
1376 2703 1517 2777 Papa
1548 2721 1659 2758 non
1679 2702 1821 2757 foret
1855 2702 1937 2756 in-

63 2791 333 2863 fallibilis,
381 2795 659 2852 sufficiens
701 2804 783 2852 est
828 2790 1060 2853 unitatis
1114 2798 1474 2874 principium.
1524 2787 1660 2854 Nam
1710 2804 1924 2853 certum

67 2887 288 2959 quidem
340 2898 421 2946 est
453 2909 637 2948 errare
682 2911 792 2948 non
834 2911 994 2967 posse
1041 2896 1340 2951 concilium
1385 2896 1662 2968 generale,
1703 2895 1928 2966 quando

67 2982 259 3037 unitur
285 2986 448 3058 capiti
484 3006 583 3043 suo
607 2988 854 3045 Romano
881 2991 1150 3062 Pontifici,
1186 2998 1236 3047 et
1277 2992 1447 3048 simul
1473 3010 1600 3046 cum
1626 2991 1805 3063 capite
1832 3007 1935 3044 suo

66 3079 306 3136 decernit
329 3099 390 3138 ac
409 3083 640 3154 judicat.
668 3086 723 3141 Si
750 3104 876 3143 vero
910 3107 939 3143 a
965 3089 1140 3162 capite
1187 3108 1287 3144 suo
1327 3090 1613 3144 scindatur
1647 3094 1698 3142 et
1728 3093 1917 3141 contra

63 3175 331 3248 judicium
376 3179 568 3250 capitis
612 3181 699 3235 sui
732 3182 963 3239 Romani
1002 3185 1278 3240 Pontilicis
1325 3183 1670 3259 pronuntiet,
1723 3181 1930 3237 nedum

64 3280 272 3329 constet
300 3274 366 3328 de
387 3274 561 3347 ipsius
584 3275 992 3352 infallibilitate,
1011 3300 1108 3354 pro
1138 3282 1291 3338 nulla
1313 3288 1629 3337 constanter
1654 3281 1773 3352 ejus
1795 3298 1926 3358 auc-

66 3372 260 3428 toritas
313 3373 495 3429 hahita
538 3379 642 3444 est,
674 3381 735 3430 ut
764 3382 977 3433 constat
1017 3373 1082 3434 ex
1129 3379 1356 3435 historia
1383 3378 1772 3435 ecclesiastica.
1804 3379 1924 3435 Jam

65 3484 214 3536 vero,
239 3486 367 3523 cum
385 3469 523 3543 Papa
549 3476 893 3544 supponatur
919 3472 1190 3542 fallibilis,
1216 3475 1534 3549 contingere
1554 3476 1776 3552 poterit,
1805 3493 1913 3532 non

5 3581 14 3589 ·
65 3568 278 3650 tantum
308 3573 362 3621 ut
409 3567 660 3623 han-esim
695 3568 907 3640 doceat,
938 3570 1031 3626 sed
1064 3571 1228 3627 etiam
1276 3580 1499 3649 respuat
1526 3580 1578 3632 et
1603 3575 1932 3633 condemnet
