2306 4010
798 226 922 274 PARS
952 225 1184 273 SECUNDA.
1846 222 1936 269 299

64 354 238 405 torem
266 343 353 399 Dei
381 347 431 397 et
460 339 772 408 hominum,
807 342 1095 411 operatum
1122 333 1327 405 divina,
1356 332 1537 391 media
1565 329 1934 402 humanitate,
1994 360 1997 362 ·

65 446 232 502 verbo
271 441 374 496 Deo
410 435 733 494 naturaliter
768 435 846 508 (in
880 433 988 489 alio
1016 433 1392 509 manuscripto
1428 431 1667 488 habetur
1691 429 1935 503 hyposta-

68 545 184 613 tice)
224 539 399 603 unita3
431 531 798 603 eumdemque
835 535 1122 605 operatum
1159 533 1427 601 humana,
1462 525 1819 584 ineffabiliter
1851 531 1934 583 at-

69 659 175 715 que
217 632 565 711 singulariter
603 634 886 702 assumpta
930 645 1096 685 carne
1135 628 1392 698 discrete,
1438 626 1730 684 inconfuse
1771 631 1938 698 atque

71 728 553 795 inconvertibiliter
573 727 734 801 plena
764 724 1071 792 divinitate3
1109 732 1161 783 et
1193 727 1291 799 qui
1322 724 1663 782 corruscavit
1690 724 1748 780 in
1772 740 1937 780 carne

72 838 231 913 plena
257 829 452 889 divinis
469 821 774 892 miraculiS,
793 821 914 896 ipse
932 828 1013 878 est
1037 828 1090 879 et
1113 840 1348 879 carneus
1375 822 1605 879 effectus
1625 822 1786 897 plene
1802 821 1940 877 Deus

71 944 123 991 et
168 936 346 989 homo.
378 922 655 983 Passiones
688 926 741 976 et
775 920 1069 994 opprobria
1108 919 1319 994 patitur
1349 938 1498 976 unus
1540 919 1815 976 mediator
1847 919 1938 974 Dei

75 1040 125 1089 et
160 1028 435 1087 hominum
463 1021 521 1077 in
554 1017 807 1092 utrisque
836 1018 1054 1075 naturis
1085 1019 1325 1074 Verbum
1351 1035 1479 1074 caro
1510 1018 1717 1074 factum
1755 1024 1809 1074 et
1839 1019 1937 1073 ha-

73 1125 255 1183 bitavit
283 1122 337 1178 in
355 1118 530 1186 nobis,
558 1116 674 1191 ipse
700 1114 848 1171 filius
877 1114 1122 1171 hominis
1146 1115 1214 1172 de
1239 1115 1378 1171 coelo
1401 1115 1763 1185 descendens,
1789 1134 1941 1172 unus

70 1227 230 1293 atque
261 1216 426 1284 idem,
465 1213 606 1269 sicut
648 1211 918 1286 scriptum
962 1218 1063 1281 est,
1111 1212 1408 1268 crucifixus
1437 1210 1703 1268 Dominus
1740 1212 1943 1284 majes-

67 1317 214 1384 tatis3
234 1317 377 1372 'dum
400 1317 612 1370 constet
638 1311 981 1368 divinitatem
1015 1312 1199 1368 nullas
1236 1329 1398 1387 posse
1423 1311 1636 1387 perpeti
1666 1312 1940 1368 humanas

70 1414 380 1490 passiones:
410 1418 463 1468 et
498 1428 606 1467 non
646 1410 712 1466 de
735 1410 896 1480 coe10,
934 1410 1028 1466 sed
1072 1410 1139 1466 de
1163 1416 1351 1466 sancta
1381 1416 1463 1466 est
1489 1416 1776 1485 assumpta
1814 1427 1939 1465 caro

71 1513 157 1570 Dei
196 1509 451 1584 genitrice
489 1511 634 1583 (nam
683 1527 780 1583 per
819 1526 878 1565 se
916 1508 1119 1565 veritas
1159 1509 1217 1563 in
1260 1508 1553 1581 Evangelio
1591 1507 1667 1563 ita
1706 1507 1885 1580 inquit
1924 1529 1933 1560 :

73 1609 252 1668 Nullus
287 1608 509 1665 ascendit
536 1609 587 1663 in
621 1609 822 1680 coelum,
862 1610 963 1663 m'si
998 1611 1084 1680 qui
1115 1609 1178 1663 de
1201 1607 1325 1663 coelo
1369 1607 1634 1662 descendit
1671 1606 1812 1678 filius
1851 1606 1939 1660 ho-

72 1708 240 1776 minis,
289 1707 372 1778 qui
405 1713 480 1762 est
518 1708 571 1760 in
610 1705 795 1775 coelo):
840 1705 1086 1779 profecto
1117 1723 1219 1761 nos
1257 1706 1567 1775 instruenS,
1613 1703 1758 1776 quod
1801 1703 1939 1758 divi-

73 1801 226 1859 nitati
265 1802 416 1857 unita
460 1808 538 1858 est
571 1819 697 1858 caro
735 1801 1018 1876 passibilis
1056 1801 1437 1871 ineffabiliter,
1483 1807 1649 1874 atque
1695 1799 1940 1872 singula-

69 1898 221 1967 riter,
273 1905 332 1954 ut
371 1899 603 1955 discretc
660 1904 826 1971 atque
890 1899 1202 1970 inconfuse,
1250 1899 1331 1955 sic
1383 1898 1618 1954 indivise
1660 1896 1942 1954 videretur

66 1994 338 2068 conjungi.
378 1996 438 2052 Ut
481 1996 749 2052 nimirum
793 1996 1064 2071 stupenda
1113 2002 1300 2053 mente
1339 1995 1673 2051 mirabiliter
1709 2012 1938 2051 manen-

68 2091 211 2147 tibus
234 2097 591 2166 utrarumque
622 2101 954 2151 naturarum
991 2094 1324 2151 differentiis
1362 2099 1726 2167 cognoscatur
1758 2093 1932 2149 uniri.

68 2188 162 2244 Cui
186 2190 470 2264 Apostolus
512 2192 828 2263 concinenS,
869 2192 937 2248 ad
973 2192 1282 2248 Corinthios
1330 2192 1449 2248 ait:
1495 2192 1822 2264 Sapientiam
1866 2193 1939 2247 Io-

74 2286 269 2355 quimur
292 2288 422 2342 inter
455 2291 736 2362 perfect08‚
773 2291 1081 2363 sapientiam
1122 2307 1314 2345 vera...
1347 2289 1483 2344 Dum
1519 2289 1765 2362 profecto
1803 2289 1938 2344 divi-

77 2379 215 2437 nitas
244 2400 340 2438 nec
372 2386 616 2460 crucifigi
658 2387 861 2460 potuit,
907 2405 1010 2442 nec
1050 2386 1336 2460 passiones
1380 2388 1656 2442 humanas
1699 2386 1937 2460 experiri

75 2478 153 2535 vel
176 2482 397 2555 perpeti,
438 2485 531 2540 sed
568 2489 792 2559 propter
823 2483 1161 2540 ineffabilem
1198 2484 1646 2557 conjunctionem
1678 2485 1936 2540 humanae

71 2574 363 2651 divinaeque
405 2588 641 2651 naturae,
685 2581 890 2638 idcirco
931 2588 982 2637 et
1024 2582 1233 2654 ubique
1269 2583 1410 2638 Deus
1448 2582 1654 2638 dicitur
1697 2582 1833 2655 pati,
1884 2589 1934 2638 ct

70 2663 376 2731 humanitas
401 2695 463 2732 ex
488 2679 623 2733 coelo
648 2696 775 2733 cum
809 2678 1095 2735 divinitate
1118 2678 1492 2736 descendisse.
1527 2679 1670 2737 Unde
1701 2688 1749 2735 et
1775 2698 1932 2735 unam

68 2767 375 2825 voluntatem
405 2772 630 2841 fatemur
663 2775 869 2830 Domini
895 2777 1058 2831 nostri
1085 2776 1214 2832 Jesu
1240 2777 1454 2848 Christi,
1491 2781 1611 2850 quia
1634 2779 1867 2850 profecto
1906 2797 1934 2833 a

74 2861 339 2920 divinitate
356 2878 615 2942 assumpta
641 2881 717 2927 est
745 2882 926 2928 nostra
954 2883 1167 2941 natura,
1204 2893 1307 2929 non
1334 2875 1482 2948 culpa
1502 2878 1536 2942 ¹3
1575 2875 1667 2929 illa
1693 2875 1936 2948 profecto

75 2974 195 3026 quae
219 2966 340 3016 ante
363 2972 641 3033 peccatum
669 2975 849 3024 creata
875 2976 978 3038 est,
1005 2989 1111 3025 non
1144 2989 1266 3042 quac
1286 2978 1407 3045 post
1429 2971 1934 3046 praevaricationem

79 3050 278 3107 vitiata.
309 3054 551 3112 Christus
577 3061 722 3115 enim
752 3063 1034 3134 Dominus,
1065 3066 1122 3120 in
1149 3067 1580 3123 similitudinem
1606 3066 1791 3121 carnis
1817 3083 1939 3138 pec-

77 3147 181 3201 cati
205 3148 439 3216 veniens,
468 3162 748 3224 peccatum
774 3161 968 3216 mundi
995 3163 1245 3231 abstulit,
1279 3171 1329 3219 et
1354 3163 1418 3217 dc
1451 3162 1795 3236 plenitudine
1819 3162 1936 3234 ejus

78 3255 268 3299 onmes
311 3262 407 3299 nos
443 3247 784 3320 accepimus:
825 3256 877 3309 ct
917 3255 1152 3311 formam
1193 3258 1332 3313 servi
1368 3258 1703 3331 suscipienS,
1746 3258 1936 3315 habitu

79 3338 336 3395 inventus
362 3348 441 3397 cst
467 3349 526 3398 ut
555 3343 739 3414 homo,
768 3348 895 3419 quia
918 3350 1035 3406 sin'e
1060 3358 1278 3425 peccato
1303 3359 1604 3426 conceptus
1627 3360 1710 3411 est
1731 3354 1797 3411 de
1821 3355 1937 3432 Spi-

78 3437 187 3493 ritu
223 3446 432 3509 sancto,
456 3440 620 3495 ctiam
649 3442 855 3515 absque
879 3453 1097 3519 peccato
1126 3457 1203 3504 cst
1237 3457 1427 3523 partus
1455 3452 1521 3508 dc
1547 3460 1734 3511 sancta
1759 3460 1809 3511 et
1835 3455 1937 3511 im-

129 3584 186 3638 (1)
217 3586 322 3627 lianc
348 3587 528 3638 phrasim
549 3587 844 3637 sublineamus,
867 3595 1006 3641 utpote
1022 3603 1102 3643 qua
1128 3594 1385 3645 potissimum
1410 3597 1632 3640 adversarii
1651 3611 1769 3640 suam
1788 3608 1935 3641 contra

81 3649 298 3693 llonorium
325 3655 626 3695 monotlwlismi
651 3657 949 3700 accusationem
974 3659 1158 3706 fundant,
1188 3662 1314 3709 Quam
1340 3664 1558 3718 immerito,
1590 3667 1694 3708 infra
1722 3669 1933 3721 panditur.
