<?xml version="1.0" encoding="UTF-8"?>
<!DOCTYPE html PUBLIC "-//W3C//DTD XHTML 1.0 Transitional//EN"
    "http://www.w3.org/TR/xhtml1/DTD/xhtml1-transitional.dtd">
<html xmlns="http://www.w3.org/1999/xhtml" xml:lang="en" lang="en">
 <head>
  <title>
</title>
<meta http-equiv="Content-Type" content="text/html;charset=utf-8" />
  <meta name='ocr-system' content='tesseract 3.04.00' />
  <meta name='ocr-capabilities' content='ocr_page ocr_carea ocr_par ocr_line ocrx_word'/>
</head>
<body>
  <div class='ocr_page' id='page_1' title='image "a548470102bouiuoft_0100.png"; bbox 0 0 2306 4010; ppageno 0'>
   <div class='ocr_carea' id='block_1_1' title="bbox 297 126 1529 191">
    <p class='ocr_par' dir='ltr' id='par_1_1' title="bbox 297 126 1529 191">
     <span class='ocr_line' id='line_1_1' title="bbox 297 126 1529 191; baseline -0.014 0"><span class='ocrx_word' id='word_1_1' title='bbox 297 145 354 191; x_wconf 82' lang='lat'>92</span> <span class='ocrx_word' id='word_1_2' title='bbox 966 128 1256 184; x_wconf 84' lang='lat' dir='ltr'>TRACTATUS</span> <span class='ocrx_word' id='word_1_3' title='bbox 1287 126 1354 174; x_wconf 75' lang='lat' dir='ltr'>DE</span> <span class='ocrx_word' id='word_1_4' title='bbox 1382 127 1529 175; x_wconf 77' lang='lat' dir='ltr'><strong>PAPA.</strong></span> 
     </span>
    </p>
   </div>
   <div class='ocr_carea' id='block_1_2' title="bbox 285 235 2212 3679">
    <p class='ocr_par' dir='ltr' id='par_1_2' title="bbox 286 235 2207 1107">
     <span class='ocr_line' id='line_1_2' title="bbox 295 235 2205 330; baseline -0.007 -20"><span class='ocrx_word' id='word_1_5' title='bbox 295 272 396 330; x_wconf 89' lang='lat' dir='ltr'>pra</span> <span class='ocrx_word' id='word_1_6' title='bbox 426 252 701 328; x_wconf 88' lang='lat' dir='ltr'>scriptum</span> <span class='ocrx_word' id='word_1_7' title='bbox 743 267 773 304; x_wconf 88' lang='lat' dir='ltr'>a</span> <span class='ocrx_word' id='word_1_8' title='bbox 803 251 960 322; x_wconf 89' lang='lat' dir='ltr'>patre</span> <span class='ocrx_word' id='word_1_9' title='bbox 993 237 1262 296; x_wconf 85' lang='lat' dir='ltr'>Fontaine</span> <span class='ocrx_word' id='word_1_10' title='bbox 1299 235 1568 307; x_wconf 83' lang='lat' dir='ltr'>vidimuS,</span> <span class='ocrx_word' id='word_1_11' title='bbox 1600 254 1705 294; x_wconf 91' lang='lat' dir='ltr'>nec</span> <span class='ocrx_word' id='word_1_12' title='bbox 1738 246 2063 312; x_wconf 87' lang='lat' dir='ltr'>excusatur,</span> <span class='ocrx_word' id='word_1_13' title='bbox 2100 257 2205 298; x_wconf 89' lang='lat' dir='ltr'>nec</span> 
     </span>
     <span class='ocr_line' id='line_1_3' title="bbox 295 335 2207 424; baseline -0.007 -15"><span class='ocrx_word' id='word_1_14' title='bbox 295 351 550 410; x_wconf 87' lang='lat' dir='ltr'>excusari</span> <span class='ocrx_word' id='word_1_15' title='bbox 583 352 802 424; x_wconf 89' lang='lat' dir='ltr'>potest;</span> <span class='ocrx_word' id='word_1_16' title='bbox 839 343 933 400; x_wconf 88' lang='lat' dir='ltr'>sed</span> <span class='ocrx_word' id='word_1_17' title='bbox 978 335 1299 394; x_wconf 89' lang='lat' dir='ltr'>habendum</span> <span class='ocrx_word' id='word_1_18' title='bbox 1332 342 1620 410; x_wconf 84' lang='lat' dir='ltr'>&#39;tanquam</span> <span class='ocrx_word' id='word_1_19' title='bbox 1673 338 1999 396; x_wconf 86' lang='lat' dir='ltr'>scandalosa</span> <span class='ocrx_word' id='word_1_20' title='bbox 2030 340 2207 396; x_wconf 86' lang='lat' dir='ltr'>obcae-</span> 
     </span>
     <span class='ocr_line' id='line_1_4' title="bbox 294 433 2206 505; baseline -0.005 0"><span class='ocrx_word' id='word_1_21' title='bbox 294 455 546 505; x_wconf 88' lang='lat' dir='ltr'>catorum</span> <span class='ocrx_word' id='word_1_22' title='bbox 574 463 636 501; x_wconf 90' lang='lat' dir='ltr'>ac</span> <span class='ocrx_word' id='word_1_23' title='bbox 661 443 718 499; x_wconf 92' lang='lat' dir='ltr'>in</span> <span class='ocrx_word' id='word_1_24' title='bbox 743 447 1057 498; x_wconf 90' lang='lat' dir='ltr'>traversum</span> <span class='ocrx_word' id='word_1_25' title='bbox 1087 439 1341 492; x_wconf 87' lang='lat' dir='ltr'>actorum</span> <span class='ocrx_word' id='word_1_26' title='bbox 1375 433 1677 492; x_wconf 89' lang='lat' dir='ltr'>hominum</span> <span class='ocrx_word' id='word_1_27' title='bbox 1707 436 2011 494; x_wconf 83' lang='lat' dir='ltr'>aberratio.</span> <span class='ocrx_word' id='word_1_28' title='bbox 2046 437 2206 496; x_wconf 89' lang='lat' dir='ltr'>Caete-</span> 
     </span>
     <span class='ocr_line' id='line_1_5' title="bbox 293 532 2205 619; baseline -0.004 -19"><span class='ocrx_word' id='word_1_29' title='bbox 293 564 420 600; x_wconf 89' lang='lat' dir='ltr'>rum</span> <span class='ocrx_word' id='word_1_30' title='bbox 450 545 706 619; x_wconf 87' lang='lat' dir='ltr'>provocat</span> <span class='ocrx_word' id='word_1_31' title='bbox 723 533 999 608; x_wconf 86' lang='lat' dir='ltr'>generalis</span> <span class='ocrx_word' id='word_1_32' title='bbox 1022 532 1380 608; x_wconf 85' lang='lat' dir='ltr'>Praepositus,</span> <span class='ocrx_word' id='word_1_33' title='bbox 1409 532 1477 589; x_wconf 91' lang='lat' dir='ltr'>ad</span> <span class='ocrx_word' id='word_1_34' title='bbox 1500 532 1758 589; x_wconf 86' lang='lat' dir='ltr'>futurum</span> <span class='ocrx_word' id='word_1_35' title='bbox 1784 533 2034 592; x_wconf 79' lang='lat' dir='ltr'>historiae</span> <span class='ocrx_word' id='word_1_36' title='bbox 2054 536 2205 610; x_wconf 84' lang='lat' dir='ltr'>judi-</span> 
     </span>
     <span class='ocr_line' id='line_1_6' title="bbox 290 631 2201 707; baseline -0.003 -10"><span class='ocrx_word' id='word_1_37' title='bbox 290 643 459 698; x_wconf 89' lang='lat' dir='ltr'>cium.</span> <span class='ocrx_word' id='word_1_38' title='bbox 486 634 798 694; x_wconf 84' lang='lat' dir='ltr'>Praevidens</span> <span class='ocrx_word' id='word_1_39' title='bbox 823 632 1060 703; x_wconf 87' lang='lat' dir='ltr'>scilicet,</span> <span class='ocrx_word' id='word_1_40' title='bbox 1086 631 1204 689; x_wconf 89' lang='lat' dir='ltr'>fore</span> <span class='ocrx_word' id='word_1_41' title='bbox 1222 639 1285 689; x_wconf 92' lang='lat' dir='ltr'>ut</span> <span class='ocrx_word' id='word_1_42' title='bbox 1309 632 1635 707; x_wconf 83' lang='lat' dir='ltr'>aliquandO,</span> <span class='ocrx_word' id='word_1_43' title='bbox 1661 651 1775 689; x_wconf 92' lang='lat' dir='ltr'>non</span> <span class='ocrx_word' id='word_1_44' title='bbox 1803 633 2053 707; x_wconf 82' lang='lat' dir='ltr'>religiosi</span> <span class='ocrx_word' id='word_1_45' title='bbox 2072 635 2201 706; x_wconf 86' lang='lat' dir='ltr'>viri,</span> 
     </span>
     <span class='ocr_line' id='line_1_7' title="bbox 291 731 2203 806; baseline -0.001 -14"><span class='ocrx_word' id='word_1_46' title='bbox 291 737 385 793; x_wconf 90' lang='lat' dir='ltr'>sed</span> <span class='ocrx_word' id='word_1_47' title='bbox 422 752 656 790; x_wconf 87' lang='lat' dir='ltr'>erronea</span> <span class='ocrx_word' id='word_1_48' title='bbox 685 734 803 806; x_wconf 85' lang='lat' dir='ltr'>jam</span> <span class='ocrx_word' id='word_1_49' title='bbox 853 731 1109 794; x_wconf 89' lang='lat' dir='ltr'>doctrina</span> <span class='ocrx_word' id='word_1_50' title='bbox 1159 732 1429 804; x_wconf 87' lang='lat' dir='ltr'>imbibiti,</span> <span class='ocrx_word' id='word_1_51' title='bbox 1468 731 1795 789; x_wconf 77' lang='lat' dir='ltr'>ambitionis</span> <span class='ocrx_word' id='word_1_52' title='bbox 1837 751 1901 789; x_wconf 91' lang='lat' dir='ltr'>ac</span> <span class='ocrx_word' id='word_1_53' title='bbox 1932 734 2203 791; x_wconf 88' lang='lat' dir='ltr'>mundani</span> 
     </span>
     <span class='ocr_line' id='line_1_8' title="bbox 287 830 2202 907; baseline 0 -18"><span class='ocrx_word' id='word_1_54' title='bbox 287 839 534 907; x_wconf 87' lang='lat' dir='ltr'>quaestus</span> <span class='ocrx_word' id='word_1_55' title='bbox 560 832 715 906; x_wconf 90' lang='lat' dir='ltr'>lepra</span> <span class='ocrx_word' id='word_1_56' title='bbox 746 830 1018 907; x_wconf 83' lang='lat' dir='ltr'>correpti,</span> <span class='ocrx_word' id='word_1_57' title='bbox 1052 849 1115 887; x_wconf 89' lang='lat' dir='ltr'>ac</span> <span class='ocrx_word' id='word_1_58' title='bbox 1158 830 1450 905; x_wconf 90' lang='lat' dir='ltr'>regalismi</span> <span class='ocrx_word' id='word_1_59' title='bbox 1502 830 1703 887; x_wconf 91' lang='lat' dir='ltr'>morbo</span> <span class='ocrx_word' id='word_1_60' title='bbox 1742 831 1963 906; x_wconf 83' lang='lat' dir='ltr'>&#39;putridi</span> <span class='ocrx_word' id='word_1_61' title='bbox 1998 833 2202 889; x_wconf 89' lang='lat' dir='ltr'>merito</span> 
     </span>
     <span class='ocr_line' id='line_1_9' title="bbox 286 930 2205 1006; baseline 0.001 -20"><span class='ocrx_word' id='word_1_62' title='bbox 286 932 626 989; x_wconf 78' lang='lat' dir='ltr'>dicerentur.</span> <span class='ocrx_word' id='word_1_63' title='bbox 664 931 821 996; x_wconf 87' lang='lat' dir='ltr'>Quod</span> <span class='ocrx_word' id='word_1_64' title='bbox 844 949 1042 988; x_wconf 89' lang='lat' dir='ltr'>verum</span> <span class='ocrx_word' id='word_1_65' title='bbox 1072 930 1327 986; x_wconf 74' lang='lat' dir='ltr'>historiae</span> <span class='ocrx_word' id='word_1_66' title='bbox 1347 930 1657 1006; x_wconf 89' lang='lat' dir='ltr'>judicium,</span> <span class='ocrx_word' id='word_1_67' title='bbox 1678 930 1786 987; x_wconf 90' lang='lat' dir='ltr'>alia</span> <span class='ocrx_word' id='word_1_68' title='bbox 1817 948 1941 1005; x_wconf 82' lang='lat' dir='ltr'>quae</span> <span class='ocrx_word' id='word_1_69' title='bbox 1973 932 2205 1006; x_wconf 89' lang='lat' dir='ltr'>subjun-</span> 
     </span>
     <span class='ocr_line' id='line_1_10' title="bbox 289 1031 1356 1107; baseline -0.002 -19"><span class='ocrx_word' id='word_1_70' title='bbox 289 1051 484 1107; x_wconf 83' lang='lat' dir='ltr'>gemus</span> <span class='ocrx_word' id='word_1_71' title='bbox 516 1031 853 1088; x_wconf 89' lang='lat' dir='ltr'>documenta</span> <span class='ocrx_word' id='word_1_72' title='bbox 881 1031 1356 1105; x_wconf 84' lang='lat' dir='ltr'>comprobabunt.</span> 
     </span>
    </p>

    <p class='ocr_par' dir='ltr' id='par_1_3' title="bbox 285 1130 2210 2766">
     <span class='ocr_line' id='line_1_11' title="bbox 363 1130 2206 1207; baseline -0.001 -19"><span class='ocrx_word' id='word_1_73' title='bbox 363 1133 441 1188; x_wconf 88' lang='lat' dir='ltr'>Ad</span> <span class='ocrx_word' id='word_1_74' title='bbox 463 1132 748 1207; x_wconf 81' lang='lat' dir='ltr'>specimen</span> <span class='ocrx_word' id='word_1_75' title='bbox 774 1131 929 1187; x_wconf 93' lang='lat' dir='ltr'>illius</span> <span class='ocrx_word' id='word_1_76' title='bbox 957 1149 1124 1205; x_wconf 90' lang='lat' dir='ltr'>quem</span> <span class='ocrx_word' id='word_1_77' title='bbox 1146 1130 1261 1186; x_wconf 87' lang='lat' dir='ltr'>dixi</span> <span class='ocrx_word' id='word_1_78' title='bbox 1285 1131 1575 1205; x_wconf 90' lang='lat' dir='ltr'>regalismi</span> <span class='ocrx_word' id='word_1_79' title='bbox 1604 1130 1892 1200; x_wconf 89' lang='lat' dir='ltr'>morbum,</span> <span class='ocrx_word' id='word_1_80' title='bbox 1922 1130 2206 1187; x_wconf 80' lang='lat' dir='ltr'>adnotabo</span> 
     </span>
     <span class='ocr_line' id='line_1_12' title="bbox 290 1229 2208 1307; baseline -0.001 -19"><span class='ocrx_word' id='word_1_81' title='bbox 290 1232 437 1307; x_wconf 91' lang='lat' dir='ltr'>quod</span> <span class='ocrx_word' id='word_1_82' title='bbox 469 1232 525 1286; x_wconf 91' lang='lat' dir='ltr'>in</span> <span class='ocrx_word' id='word_1_83' title='bbox 554 1231 701 1287; x_wconf 86' lang='lat' dir='ltr'>dicta</span> <span class='ocrx_word' id='word_1_84' title='bbox 730 1230 1058 1288; x_wconf 87' lang='lat' dir='ltr'>defensione</span> <span class='ocrx_word' id='word_1_85' title='bbox 1083 1230 1379 1286; x_wconf 84' lang='lat' dir='ltr'>Societatis</span> <span class='ocrx_word' id='word_1_86' title='bbox 1403 1236 1599 1286; x_wconf 90' lang='lat' dir='ltr'>contra</span> <span class='ocrx_word' id='word_1_87' title='bbox 1626 1229 1869 1286; x_wconf 90' lang='lat' dir='ltr'>Jesuitas</span> <span class='ocrx_word' id='word_1_88' title='bbox 1890 1229 2081 1286; x_wconf 87' lang='lat' dir='ltr'>Galliae</span> <span class='ocrx_word' id='word_1_89' title='bbox 2108 1248 2208 1304; x_wconf 83' lang='lat' dir='ltr'>per</span> 
     </span>
     <span class='ocr_line' id='line_1_13' title="bbox 286 1328 2207 1402; baseline -0.002 -16"><span class='ocrx_word' id='word_1_90' title='bbox 286 1338 649 1387; x_wconf 77' lang='lat' dir='ltr'>transennam</span> <span class='ocrx_word' id='word_1_91' title='bbox 671 1330 938 1386; x_wconf 84' lang='lat' dir='ltr'>refertur.</span> <span class='ocrx_word' id='word_1_92' title='bbox 959 1331 1018 1385; x_wconf 91' lang='lat' dir='ltr'>In</span> <span class='ocrx_word' id='word_1_93' title='bbox 1041 1330 1305 1385; x_wconf 86' lang='lat' dir='ltr'>Sinarum</span> <span class='ocrx_word' id='word_1_94' title='bbox 1323 1329 1613 1402; x_wconf 83' lang='lat' dir='ltr'>regionem</span> <span class='ocrx_word' id='word_1_95' title='bbox 1629 1329 1789 1384; x_wconf 90' lang='lat' dir='ltr'>missi</span> <span class='ocrx_word' id='word_1_96' title='bbox 1806 1328 2207 1401; x_wconf 87' lang='lat' dir='ltr'>fuerantquin-</span> 
     </span>
     <span class='ocr_line' id='line_1_14' title="bbox 288 1427 2201 1504; baseline -0.002 -17"><span class='ocrx_word' id='word_1_97' title='bbox 288 1449 396 1504; x_wconf 90' lang='lat' dir='ltr'>que</span> <span class='ocrx_word' id='word_1_98' title='bbox 415 1430 609 1487; x_wconf 89' lang='lat' dir='ltr'>Gallici</span> <span class='ocrx_word' id='word_1_99' title='bbox 629 1431 820 1486; x_wconf 80' lang='lat' dir='ltr'>Patres</span> <span class='ocrx_word' id='word_1_100' title='bbox 840 1449 869 1486; x_wconf 89' lang='lat' dir='ltr'>a</span> <span class='ocrx_word' id='word_1_101' title='bbox 887 1436 1045 1504; x_wconf 91' lang='lat' dir='ltr'>patre</span> <span class='ocrx_word' id='word_1_102' title='bbox 1059 1429 1238 1498; x_wconf 89' lang='lat' dir='ltr'>Pallu‚</span> <span class='ocrx_word' id='word_1_103' title='bbox 1259 1428 1591 1504; x_wconf 82' lang='lat' dir='ltr'>provinciali</span> <span class='ocrx_word' id='word_1_104' title='bbox 1615 1427 1917 1503; x_wconf 82' lang='lat' dir='ltr'>provinciae</span> <span class='ocrx_word' id='word_1_105' title='bbox 1936 1428 2201 1484; x_wconf 87' lang='lat' dir='ltr'>Franciae.</span> 
     </span>
     <span class='ocr_line' id='line_1_15' title="bbox 285 1528 2207 1606; baseline -0.002 -18"><span class='ocrx_word' id='word_1_106' title='bbox 285 1533 627 1606; x_wconf 82' lang='lat' dir='ltr'>Praeceperat</span> <span class='ocrx_word' id='word_1_107' title='bbox 653 1531 821 1588; x_wconf 85' lang='lat' dir='ltr'>Sedes</span> <span class='ocrx_word' id='word_1_108' title='bbox 849 1531 1179 1606; x_wconf 89' lang='lat' dir='ltr'>apostolica,</span> <span class='ocrx_word' id='word_1_109' title='bbox 1207 1547 1428 1586; x_wconf 92' lang='lat' dir='ltr'>necnon</span> <span class='ocrx_word' id='word_1_110' title='bbox 1450 1529 1731 1603; x_wconf 91' lang='lat' dir='ltr'>generalis</span> <span class='ocrx_word' id='word_1_111' title='bbox 1757 1528 2117 1603; x_wconf 80' lang='lat' dir='ltr'>PraeposituS,</span> <span class='ocrx_word' id='word_1_112' title='bbox 2144 1532 2207 1585; x_wconf 88' lang='lat' dir='ltr'>ut</span> 
     </span>
     <span class='ocr_line' id='line_1_16' title="bbox 288 1628 2205 1702; baseline -0.001 -17"><span class='ocrx_word' id='word_1_113' title='bbox 288 1630 632 1685; x_wconf 89' lang='lat' dir='ltr'>missionarii</span> <span class='ocrx_word' id='word_1_114' title='bbox 666 1632 776 1686; x_wconf 92' lang='lat' dir='ltr'>huc</span> <span class='ocrx_word' id='word_1_115' title='bbox 804 1630 1160 1687; x_wconf 79' lang='lat' dir='ltr'>advenientes</span> <span class='ocrx_word' id='word_1_116' title='bbox 1193 1629 1525 1685; x_wconf 79' lang='lat' dir='ltr'>obedientiae</span> <span class='ocrx_word' id='word_1_117' title='bbox 1554 1628 1947 1701; x_wconf 86' lang='lat' dir='ltr'>juramentum</span> <span class='ocrx_word' id='word_1_118' title='bbox 1977 1634 2205 1702; x_wconf 86' lang='lat' dir='ltr'>praesta-</span> 
     </span>
     <span class='ocr_line' id='line_1_17' title="bbox 289 1726 2208 1802; baseline 0 -20"><span class='ocrx_word' id='word_1_119' title='bbox 289 1733 411 1782; x_wconf 87' lang='lat' dir='ltr'>rent</span> <span class='ocrx_word' id='word_1_120' title='bbox 445 1728 692 1801; x_wconf 85' lang='lat' dir='ltr'>Japoniae</span> <span class='ocrx_word' id='word_1_121' title='bbox 716 1735 768 1784; x_wconf 90' lang='lat' dir='ltr'>et</span> <span class='ocrx_word' id='word_1_122' title='bbox 794 1728 1058 1783; x_wconf 87' lang='lat' dir='ltr'>Sinarum</span> <span class='ocrx_word' id='word_1_123' title='bbox 1083 1728 1381 1784; x_wconf 80' lang='lat' dir='ltr'>visitatori.</span> <span class='ocrx_word' id='word_1_124' title='bbox 1411 1728 1604 1783; x_wconf 86' lang='lat' dir='ltr'>Moniti</span> <span class='ocrx_word' id='word_1_125' title='bbox 1635 1729 1825 1783; x_wconf 86' lang='lat' dir='ltr'>Patres</span> <span class='ocrx_word' id='word_1_126' title='bbox 1846 1726 1931 1781; x_wconf 92' lang='lat' dir='ltr'>illi</span> <span class='ocrx_word' id='word_1_127' title='bbox 1957 1727 2208 1802; x_wconf 93' lang='lat' dir='ltr'>quinque</span> 
     </span>
     <span class='ocr_line' id='line_1_18' title="bbox 289 1825 2207 1901; baseline 0 -20"><span class='ocrx_word' id='word_1_128' title='bbox 289 1832 351 1882; x_wconf 91' lang='lat' dir='ltr'>ut</span> <span class='ocrx_word' id='word_1_129' title='bbox 380 1827 769 1899; x_wconf 86' lang='lat' dir='ltr'>juramentum</span> <span class='ocrx_word' id='word_1_130' title='bbox 803 1832 1155 1901; x_wconf 80' lang='lat' dir='ltr'>praestarent,</span> <span class='ocrx_word' id='word_1_131' title='bbox 1193 1826 1458 1881; x_wconf 84' lang='lat' dir='ltr'>dixerunt</span> <span class='ocrx_word' id='word_1_132' title='bbox 1491 1826 1547 1880; x_wconf 94' lang='lat' dir='ltr'>id</span> <span class='ocrx_word' id='word_1_133' title='bbox 1573 1825 1679 1881; x_wconf 91' lang='lat' dir='ltr'>sibi</span> <span class='ocrx_word' id='word_1_134' title='bbox 1715 1825 1798 1880; x_wconf 81' lang='lat' dir='ltr'>tas</span> <span class='ocrx_word' id='word_1_135' title='bbox 1823 1844 1936 1881; x_wconf 90' lang='lat' dir='ltr'>non</span> <span class='ocrx_word' id='word_1_136' title='bbox 1964 1843 2111 1889; x_wconf 82' lang='lat' dir='ltr'>esse3</span> <span class='ocrx_word' id='word_1_137' title='bbox 2140 1826 2207 1881; x_wconf 92' lang='lat' dir='ltr'>de</span> 
     </span>
     <span class='ocr_line' id='line_1_19' title="bbox 290 1925 2209 2001; baseline 0.002 -21"><span class='ocrx_word' id='word_1_138' title='bbox 290 1943 399 1999; x_wconf 91' lang='lat' dir='ltr'>quo</span> <span class='ocrx_word' id='word_1_139' title='bbox 428 1944 576 1982; x_wconf 91' lang='lat' dir='ltr'>unus</span> <span class='ocrx_word' id='word_1_140' title='bbox 619 1944 685 1982; x_wconf 87' lang='lat' dir='ltr'>ex</span> <span class='ocrx_word' id='word_1_141' title='bbox 732 1926 811 1982; x_wconf 91' lang='lat' dir='ltr'>eis</span> <span class='ocrx_word' id='word_1_142' title='bbox 859 1925 1067 2001; x_wconf 84' lang='lat' dir='ltr'>scripto</span> <span class='ocrx_word' id='word_1_143' title='bbox 1118 1925 1410 1999; x_wconf 86' lang='lat' dir='ltr'>respondit</span> <span class='ocrx_word' id='word_1_144' title='bbox 1443 1947 1452 1978; x_wconf 92' lang='lat'>:</span> <span class='ocrx_word' id='word_1_145' title='bbox 1490 1925 1754 1999; x_wconf 82' lang='lat' dir='ltr'>«Regem</span> <span class='ocrx_word' id='word_1_146' title='bbox 1801 1926 2209 1983; x_wconf 85' lang='lat' dir='ltr'>christianissi-</span> 
     </span>
     <span class='ocr_line' id='line_1_20' title="bbox 291 2010 2207 2100; baseline 0.002 -22"><span class='ocrx_word' id='word_1_147' title='bbox 291 2042 472 2095; x_wconf 91' lang='lat' dir='ltr'>mum,</span> <span class='ocrx_word' id='word_1_148' title='bbox 504 2043 531 2079; x_wconf 91' lang='lat' dir='ltr'>a</span> <span class='ocrx_word' id='word_1_149' title='bbox 554 2043 666 2097; x_wconf 93' lang='lat' dir='ltr'>quo</span> <span class='ocrx_word' id='word_1_150' title='bbox 687 2024 807 2100; x_wconf 91' lang='lat' dir='ltr'>ipse</span> <span class='ocrx_word' id='word_1_151' title='bbox 830 2031 880 2080; x_wconf 85' lang='lat' dir='ltr'>et</span> <span class='ocrx_word' id='word_1_152' title='bbox 909 2024 1046 2080; x_wconf 89' lang='lat' dir='ltr'>socii</span> <span class='ocrx_word' id='word_1_153' title='bbox 1071 2023 1229 2079; x_wconf 90' lang='lat' dir='ltr'>missi</span> <span class='ocrx_word' id='word_1_154' title='bbox 1257 2031 1443 2080; x_wconf 91' lang='lat' dir='ltr'>essent</span> <span class='ocrx_word' id='word_1_155' title='bbox 1471 2010 1530 2078; x_wconf 84' lang='lat' dir='ltr'>in</span> <span class='ocrx_word' id='word_1_156' title='bbox 1558 2023 1791 2079; x_wconf 89' lang='lat' dir='ltr'>Chinam</span> <span class='ocrx_word' id='word_1_157' title='bbox 1825 2025 1894 2079; x_wconf 89' lang='lat' dir='ltr'>ad</span> <span class='ocrx_word' id='word_1_158' title='bbox 1920 2024 2207 2082; x_wconf 89' lang='lat' dir='ltr'>faciendas</span> 
     </span>
     <span class='ocr_line' id='line_1_21' title="bbox 290 2122 2205 2198; baseline 0.002 -22"><span class='ocrx_word' id='word_1_159' title='bbox 290 2122 702 2194; x_wconf 81' lang='lat' dir='ltr'>observationes</span> <span class='ocrx_word' id='word_1_160' title='bbox 731 2122 1159 2195; x_wconf 82' lang='lat' dir='ltr'>astronomicaS,</span> <span class='ocrx_word' id='word_1_161' title='bbox 1183 2122 1407 2198; x_wconf 81' lang='lat' dir='ltr'>publice</span> <span class='ocrx_word' id='word_1_162' title='bbox 1430 2128 1483 2178; x_wconf 91' lang='lat' dir='ltr'>et</span> <span class='ocrx_word' id='word_1_163' title='bbox 1523 2122 1848 2179; x_wconf 88' lang='lat' dir='ltr'>authentice</span> <span class='ocrx_word' id='word_1_164' title='bbox 1885 2123 2205 2196; x_wconf 83' lang='lat' dir='ltr'>mandasse,</span> 
     </span>
     <span class='ocr_line' id='line_1_22' title="bbox 292 2220 2209 2295; baseline 0.002 -20"><span class='ocrx_word' id='word_1_165' title='bbox 292 2239 360 2275; x_wconf 91' lang='lat' dir='ltr'>ne</span> <span class='ocrx_word' id='word_1_166' title='bbox 389 2221 738 2295; x_wconf 87' lang='lat' dir='ltr'>suspicerent</span> <span class='ocrx_word' id='word_1_167' title='bbox 765 2222 1132 2294; x_wconf 74' lang='lat' dir='ltr'>obligationes</span> <span class='ocrx_word' id='word_1_168' title='bbox 1160 2220 1493 2293; x_wconf 86' lang='lat' dir='ltr'>juramenti,</span> <span class='ocrx_word' id='word_1_169' title='bbox 1518 2227 1581 2277; x_wconf 94' lang='lat' dir='ltr'>ut</span> <span class='ocrx_word' id='word_1_170' title='bbox 1617 2227 1910 2276; x_wconf 89' lang='lat' dir='ltr'>manerent</span> <span class='ocrx_word' id='word_1_171' title='bbox 1946 2221 2112 2277; x_wconf 89' lang='lat' dir='ltr'>liberi</span> <span class='ocrx_word' id='word_1_172' title='bbox 2140 2223 2209 2278; x_wconf 92' lang='lat' dir='ltr'>ad</span> 
     </span>
     <span class='ocr_line' id='line_1_23' title="bbox 291 2318 2205 2394; baseline 0.001 -21"><span class='ocrx_word' id='word_1_173' title='bbox 291 2318 643 2374; x_wconf 89' lang='lat' dir='ltr'>redeundum</span> <span class='ocrx_word' id='word_1_174' title='bbox 682 2320 741 2375; x_wconf 91' lang='lat' dir='ltr'>in</span> <span class='ocrx_word' id='word_1_175' title='bbox 771 2320 1028 2390; x_wconf 90' lang='lat' dir='ltr'>Galliam,</span> <span class='ocrx_word' id='word_1_176' title='bbox 1055 2320 1279 2394; x_wconf 92' lang='lat' dir='ltr'>quando</span> <span class='ocrx_word' id='word_1_177' title='bbox 1303 2320 1421 2394; x_wconf 91' lang='lat' dir='ltr'>ipse</span> <span class='ocrx_word' id='word_1_178' title='bbox 1452 2337 1546 2374; x_wconf 93' lang='lat' dir='ltr'>eos</span> <span class='ocrx_word' id='word_1_179' title='bbox 1574 2325 1862 2374; x_wconf 84' lang='lat' dir='ltr'>revocaret</span> <span class='ocrx_word' id='word_1_180' title='bbox 1893 2341 1919 2371; x_wconf 91' lang='lat'>»</span> <span class='ocrx_word' id='word_1_181' title='bbox 1945 2318 2205 2393; x_wconf 82' lang='lat' dir='ltr'>(ibidem,</span> 
     </span>
     <span class='ocr_line' id='line_1_24' title="bbox 291 2415 2210 2492; baseline 0.001 -21"><span class='ocrx_word' id='word_1_182' title='bbox 291 2416 494 2490; x_wconf 83' lang='lat' dir='ltr'>pagina</span> <span class='ocrx_word' id='word_1_183' title='bbox 522 2415 676 2490; x_wconf 70' lang='lat'><strong>⁶205).</strong></span> <span class='ocrx_word' id='word_1_184' title='bbox 707 2417 786 2472; x_wconf 89' lang='lat' dir='ltr'>En</span> <span class='ocrx_word' id='word_1_185' title='bbox 807 2418 943 2491; x_wconf 91' lang='lat' dir='ltr'>quid</span> <span class='ocrx_word' id='word_1_186' title='bbox 969 2425 1106 2474; x_wconf 92' lang='lat' dir='ltr'>tunc</span> <span class='ocrx_word' id='word_1_187' title='bbox 1132 2417 1404 2492; x_wconf 89' lang='lat' dir='ltr'>temporis</span> <span class='ocrx_word' id='word_1_188' title='bbox 1434 2416 1710 2473; x_wconf 89' lang='lat' dir='ltr'>sentirent</span> <span class='ocrx_word' id='word_1_189' title='bbox 1738 2415 1953 2489; x_wconf 89' lang='lat' dir='ltr'>aliquot</span> <span class='ocrx_word' id='word_1_190' title='bbox 1984 2417 2210 2474; x_wconf 85' lang='lat' dir='ltr'>Jesuitae</span> 
     </span>
     <span class='ocr_line' id='line_1_25' title="bbox 291 2516 2206 2592; baseline 0.001 -21"><span class='ocrx_word' id='word_1_191' title='bbox 291 2517 505 2586; x_wconf 86' lang='lat' dir='ltr'>Galliae,</span> <span class='ocrx_word' id='word_1_192' title='bbox 548 2517 614 2571; x_wconf 91' lang='lat' dir='ltr'>de</span> <span class='ocrx_word' id='word_1_193' title='bbox 648 2518 963 2574; x_wconf 91' lang='lat' dir='ltr'>obedientia</span> <span class='ocrx_word' id='word_1_194' title='bbox 989 2519 1132 2592; x_wconf 89' lang='lat' dir='ltr'>regi,</span> <span class='ocrx_word' id='word_1_195' title='bbox 1162 2526 1215 2574; x_wconf 92' lang='lat' dir='ltr'>et</span> <span class='ocrx_word' id='word_1_196' title='bbox 1257 2519 1326 2574; x_wconf 90' lang='lat' dir='ltr'>de</span> <span class='ocrx_word' id='word_1_197' title='bbox 1362 2517 1683 2574; x_wconf 86' lang='lat' dir='ltr'>obedientia</span> <span class='ocrx_word' id='word_1_198' title='bbox 1711 2516 1961 2590; x_wconf 82' lang='lat' dir='ltr'>generali</span> <span class='ocrx_word' id='word_1_199' title='bbox 1994 2517 2206 2592; x_wconf 80' lang='lat' dir='ltr'>Praepo—</span> 
     </span>
     <span class='ocr_line' id='line_1_26' title="bbox 292 2614 2208 2690; baseline 0.002 -22"><span class='ocrx_word' id='word_1_200' title='bbox 292 2614 398 2668; x_wconf 89' lang='lat' dir='ltr'>sito</span> <span class='ocrx_word' id='word_1_201' title='bbox 431 2631 494 2668; x_wconf 90' lang='lat' dir='ltr'>ac</span> <span class='ocrx_word' id='word_1_202' title='bbox 517 2614 748 2669; x_wconf 84' lang='lat' dir='ltr'>Summo</span> <span class='ocrx_word' id='word_1_203' title='bbox 781 2614 1034 2670; x_wconf 85' lang='lat' dir='ltr'>Pontifici</span> <span class='ocrx_word' id='word_1_204' title='bbox 1053 2615 1272 2670; x_wconf 81' lang='lat' dir='ltr'>debita!</span> <span class='ocrx_word' id='word_1_205' title='bbox 1304 2616 1612 2687; x_wconf 88' lang='lat' dir='ltr'>Degeneres</span> <span class='ocrx_word' id='word_1_206' title='bbox 1631 2633 1765 2672; x_wconf 91' lang='lat' dir='ltr'>sane</span> <span class='ocrx_word' id='word_1_207' title='bbox 1794 2615 1975 2672; x_wconf 87' lang='lat' dir='ltr'>sancti</span> <span class='ocrx_word' id='word_1_208' title='bbox 2007 2615 2208 2690; x_wconf 84' lang='lat' dir='ltr'>Ignatii</span> 
     </span>
     <span class='ocr_line' id='line_1_27' title="bbox 292 2710 418 2766; baseline -0.016 0"><span class='ocrx_word' id='word_1_209' title='bbox 292 2710 418 2766; x_wconf 88' lang='lat' dir='ltr'>filii.</span> 
     </span>
    </p>

    <p class='ocr_par' dir='ltr' id='par_1_4' title="bbox 295 2808 2212 3181">
     <span class='ocr_line' id='line_1_28' title="bbox 369 2808 2210 2891; baseline 0.004 -27"><span class='ocrx_word' id='word_1_210' title='bbox 369 2808 597 2865; x_wconf 91' lang='lat' dir='ltr'>Citanda</span> <span class='ocrx_word' id='word_1_211' title='bbox 642 2810 941 2885; x_wconf 82' lang='lat' dir='ltr'>praecipue,</span> <span class='ocrx_word' id='word_1_212' title='bbox 985 2829 1048 2867; x_wconf 91' lang='lat' dir='ltr'>ex</span> <span class='ocrx_word' id='word_1_213' title='bbox 1089 2811 1237 2868; x_wconf 90' lang='lat' dir='ltr'>dicta</span> <span class='ocrx_word' id='word_1_214' title='bbox 1289 2811 1640 2883; x_wconf 91' lang='lat' dir='ltr'>defensione,</span> <span class='ocrx_word' id='word_1_215' title='bbox 1675 2820 1791 2870; x_wconf 93' lang='lat' dir='ltr'>tota</span> <span class='ocrx_word' id='word_1_216' title='bbox 1821 2816 2210 2891; x_wconf 88' lang='lat' dir='ltr'>paragraphus</span> 
     </span>
     <span class='ocr_line' id='line_1_29' title="bbox 295 2907 2212 2984; baseline 0.005 -22"><span class='ocrx_word' id='word_1_217' title='bbox 295 2907 514 2963; x_wconf 90' lang='lat' dir='ltr'>decima</span> <span class='ocrx_word' id='word_1_218' title='bbox 545 2926 715 2978; x_wconf 90' lang='lat' dir='ltr'>nona,</span> <span class='ocrx_word' id='word_1_219' title='bbox 752 2928 878 2983; x_wconf 84' lang='lat' dir='ltr'>quae</span> <span class='ocrx_word' id='word_1_220' title='bbox 905 2910 985 2965; x_wconf 92' lang='lat' dir='ltr'>sic</span> <span class='ocrx_word' id='word_1_221' title='bbox 1014 2910 1349 2967; x_wconf 90' lang='lat' dir='ltr'>inscribitur</span> <span class='ocrx_word' id='word_1_222' title='bbox 1376 2933 1386 2965; x_wconf 75' lang='grc' dir='ltr'>ε</span> <span class='ocrx_word' id='word_1_223' title='bbox 1415 2911 1593 2969; x_wconf 76' lang='lat' dir='ltr'>Novus</span> <span class='ocrx_word' id='word_1_224' title='bbox 1632 2916 1980 2984; x_wconf 61' lang='lat' dir='ltr'>magistratus</span> <span class='ocrx_word' id='word_1_225' title='bbox 2020 2933 2212 2971; x_wconf 77' lang='lat' dir='ltr'>novam</span> 
     </span>
     <span class='ocr_line' id='line_1_30' title="bbox 296 3008 2212 3087; baseline 0.005 -26"><span class='ocrx_word' id='word_1_226' title='bbox 296 3008 519 3062; x_wconf 75' lang='lat' dir='ltr'>ominari</span> <span class='ocrx_word' id='word_1_227' title='bbox 538 3008 687 3080; x_wconf 84' lang='lat' dir='ltr'>jabet</span> <span class='ocrx_word' id='word_1_228' title='bbox 719 3009 1016 3065; x_wconf 73' lang='lat' dir='ltr'>doctrinam</span> <span class='ocrx_word' id='word_1_229' title='bbox 1065 3018 1252 3066; x_wconf 79' lang='lat' dir='ltr'>contra</span> <span class='ocrx_word' id='word_1_230' title='bbox 1287 3012 1661 3067; x_wconf 74' lang='lat' dir='ltr'>authoritatem</span> <span class='ocrx_word' id='word_1_231' title='bbox 1698 3010 1899 3068; x_wconf 77' lang='lat' dir='ltr'>Summi</span> <span class='ocrx_word' id='word_1_232' title='bbox 1934 3012 2212 3087; x_wconf 73' lang='lat' dir='ltr'>Pontifiois</span> 
     </span>
     <span class='ocr_line' id='line_1_31' title="bbox 296 3104 1255 3181; baseline 0.003 -22"><span class='ocrx_word' id='word_1_233' title='bbox 296 3104 522 3160; x_wconf 76' lang='lat' dir='ltr'>Romani</span> <span class='ocrx_word' id='word_1_234' title='bbox 562 3104 816 3176; x_wconf 84' lang='lat' dir='ltr'>(ibidem,</span> <span class='ocrx_word' id='word_1_235' title='bbox 852 3107 1054 3181; x_wconf 92' lang='lat' dir='ltr'>pagina</span> <span class='ocrx_word' id='word_1_236' title='bbox 1099 3107 1255 3181; x_wconf 77' lang='lat'><strong>208).</strong></span> 
     </span>
    </p>

    <p class='ocr_par' dir='ltr' id='par_1_5' title="bbox 298 3201 2210 3679">
     <span class='ocr_line' id='line_1_32' title="bbox 377 3201 2210 3286; baseline 0.007 -31"><span class='ocrx_word' id='word_1_237' title='bbox 377 3223 404 3255; x_wconf 90' lang='lat'>«</span> <span class='ocrx_word' id='word_1_238' title='bbox 435 3201 577 3266; x_wconf 85' lang='lat' dir='ltr'>Quid</span> <span class='ocrx_word' id='word_1_239' title='bbox 600 3202 870 3261; x_wconf 86' lang='lat' dir='ltr'>doctrinae</span> <span class='ocrx_word' id='word_1_240' title='bbox 898 3213 1093 3263; x_wconf 89' lang='lat' dir='ltr'>contra</span> <span class='ocrx_word' id='word_1_241' title='bbox 1129 3206 1526 3271; x_wconf 86' lang='lat' dir='ltr'>authoritatem</span> <span class='ocrx_word' id='word_1_242' title='bbox 1560 3207 1717 3264; x_wconf 87' lang='lat' dir='ltr'>illam</span> <span class='ocrx_word' id='word_1_243' title='bbox 1755 3209 1991 3283; x_wconf 89' lang='lat' dir='ltr'>gliscere</span> <span class='ocrx_word' id='word_1_244' title='bbox 2027 3228 2210 3286; x_wconf 88' lang='lat' dir='ltr'>coepe-</span> 
     </span>
     <span class='ocr_line' id='line_1_33' title="bbox 298 3301 2210 3383; baseline 0.006 -28"><span class='ocrx_word' id='word_1_245' title='bbox 298 3301 370 3357; x_wconf 87' lang='lat' dir='ltr'>rit</span> <span class='ocrx_word' id='word_1_246' title='bbox 388 3320 485 3375; x_wconf 88' lang='lat' dir='ltr'>per</span> <span class='ocrx_word' id='word_1_247' title='bbox 498 3305 736 3361; x_wconf 88' lang='lat' dir='ltr'>Galliam</span> <span class='ocrx_word' id='word_1_248' title='bbox 747 3305 863 3379; x_wconf 89' lang='lat' dir='ltr'>jam</span> <span class='ocrx_word' id='word_1_249' title='bbox 882 3305 1014 3361; x_wconf 92' lang='lat' dir='ltr'>inde</span> <span class='ocrx_word' id='word_1_250' title='bbox 1033 3325 1063 3362; x_wconf 93' lang='lat' dir='ltr'>a</span> <span class='ocrx_word' id='word_1_251' title='bbox 1084 3306 1320 3363; x_wconf 92' lang='lat' dir='ltr'>concilio</span> <span class='ocrx_word' id='word_1_252' title='bbox 1346 3306 1649 3363; x_wconf 89' lang='lat' dir='ltr'>Basileensi</span> <span class='ocrx_word' id='word_1_253' title='bbox 1674 3329 1684 3363; x_wconf 90' lang='lat'><strong>:</strong></span> <span class='ocrx_word' id='word_1_254' title='bbox 1714 3308 1849 3383; x_wconf 90' lang='lat' dir='ltr'>quid</span> <span class='ocrx_word' id='word_1_255' title='bbox 1877 3309 2070 3366; x_wconf 91' lang='lat' dir='ltr'>eadem</span> <span class='ocrx_word' id='word_1_256' title='bbox 2089 3315 2210 3366; x_wconf 91' lang='lat' dir='ltr'>tur-</span> 
     </span>
     <span class='ocr_line' id='line_1_34' title="bbox 298 3387 2210 3479; baseline 0.005 -27"><span class='ocrx_word' id='word_1_257' title='bbox 298 3397 506 3454; x_wconf 87' lang='lat' dir='ltr'>baverit</span> <span class='ocrx_word' id='word_1_258' title='bbox 532 3401 590 3455; x_wconf 92' lang='lat' dir='ltr'>in</span> <span class='ocrx_word' id='word_1_259' title='bbox 610 3401 845 3458; x_wconf 91' lang='lat' dir='ltr'>concilio</span> <span class='ocrx_word' id='word_1_260' title='bbox 873 3387 1200 3459; x_wconf 86' lang='lat' dir='ltr'>Tridentino</span> <span class='ocrx_word' id='word_1_261' title='bbox 1228 3424 1238 3456; x_wconf 78' lang='lat' dir='ltr'><em>z</em></span> <span class='ocrx_word' id='word_1_262' title='bbox 1266 3421 1564 3476; x_wconf 90' lang='lat' dir='ltr'>quousque</span> <span class='ocrx_word' id='word_1_263' title='bbox 1586 3405 1707 3460; x_wconf 91' lang='lat' dir='ltr'>ausi</span> <span class='ocrx_word' id='word_1_264' title='bbox 1732 3403 1991 3479; x_wconf 89' lang='lat' dir='ltr'>progredi</span> <span class='ocrx_word' id='word_1_265' title='bbox 2015 3404 2210 3462; x_wconf 87' lang='lat' dir='ltr'>Riche-</span> 
     </span>
     <span class='ocr_line' id='line_1_35' title="bbox 299 3494 2208 3576; baseline 0.006 -27"><span class='ocrx_word' id='word_1_266' title='bbox 299 3494 443 3564; x_wconf 80' lang='lat' dir='ltr'>riUS,</span> <span class='ocrx_word' id='word_1_267' title='bbox 499 3503 666 3569; x_wconf 89' lang='lat' dir='ltr'>atque</span> <span class='ocrx_word' id='word_1_268' title='bbox 703 3500 962 3572; x_wconf 89' lang='lat' dir='ltr'>Vigorius</span> <span class='ocrx_word' id='word_1_269' title='bbox 1006 3523 1015 3554; x_wconf 91' lang='lat'>:</span> <span class='ocrx_word' id='word_1_270' title='bbox 1054 3501 1193 3576; x_wconf 93' lang='lat' dir='ltr'>quid</span> <span class='ocrx_word' id='word_1_271' title='bbox 1239 3508 1434 3558; x_wconf 87' lang='lat' dir='ltr'>nostra</span> <span class='ocrx_word' id='word_1_272' title='bbox 1490 3508 1648 3559; x_wconf 83' lang='lat' dir='ltr'>aetate</span> <span class='ocrx_word' id='word_1_273' title='bbox 1691 3500 1894 3576; x_wconf 91' lang='lat' dir='ltr'>privati</span> <span class='ocrx_word' id='word_1_274' title='bbox 1938 3501 1996 3556; x_wconf 93' lang='lat' dir='ltr'>in</span> <span class='ocrx_word' id='word_1_275' title='bbox 2031 3503 2208 3561; x_wconf 91' lang='lat' dir='ltr'>Gallia</span> 
     </span>
     <span class='ocr_line' id='line_1_36' title="bbox 303 3592 2207 3679; baseline 0.008 -36"><span class='ocrx_word' id='word_1_276' title='bbox 303 3592 603 3666; x_wconf 84' lang='lat' dir='ltr'>scriptores</span> <span class='ocrx_word' id='word_1_277' title='bbox 628 3602 820 3651; x_wconf 84' lang='lat' dir='ltr'>contra</span> <span class='ocrx_word' id='word_1_278' title='bbox 853 3599 1109 3655; x_wconf 88' lang='lat' dir='ltr'>eamdem</span> <span class='ocrx_word' id='word_1_279' title='bbox 1139 3600 1322 3659; x_wconf 89' lang='lat' dir='ltr'>moliti</span> <span class='ocrx_word' id='word_1_280' title='bbox 1361 3601 1497 3670; x_wconf 86' lang='lat' dir='ltr'>sint,</span> <span class='ocrx_word' id='word_1_281' title='bbox 1539 3605 1735 3679; x_wconf 88' lang='lat' dir='ltr'>notum</span> <span class='ocrx_word' id='word_1_282' title='bbox 1770 3598 1936 3669; x_wconf 88' lang='lat' dir='ltr'>vulgo</span> <span class='ocrx_word' id='word_1_283' title='bbox 1963 3605 2068 3657; x_wconf 89' lang='lat' dir='ltr'>est.</span> <span class='ocrx_word' id='word_1_284' title='bbox 2102 3601 2207 3658; x_wconf 89' lang='lat' dir='ltr'>No-</span> 
     </span>
    </p>
   </div>
  </div>
 </body>
</html>
