2306 4010
357 171 448 223 554
878 186 890 197 ε
1040 158 1331 210 taxamus
1362 149 1427 205 DE
1459 159 1604 208 PAPA.

354 283 600 341 nationis
650 274 991 336 sententiam
1029 270 1089 326 in
1127 286 1258 326 eum
1302 223 1757 343 pronuntiaverit
1803 278 1958 330 sexta
2005 274 2283 351 synodus,

352 392 800 483 persuasumque
840 371 1012 430 suerit
1049 369 1171 428 orbi
1206 367 1471 426 universo
1514 368 1718 426 illum
1705 388 1968 428 insanam
1993 373 2167 432 unius
2191 371 2306 446 vost.

351 475 587 534 luntatis
616 471 947 549 opinionem
973 469 1205 541 fovisse,
1233 486 1405 544 quam
1442 466 1830 560 incipientem
1838 469 2167 544 extinguere
2185 470 2306 591 deff

272 574 276 578 ’
350 573 492 629 buel
496 577 572 628 at
608 594 635 625 »
665 570 747 627 Ibi
778 575 1032 627 recenset
1065 566 1328 624 Baluzius
1365 565 1518 622 xaria
1554 565 1896 624 documenta
1933 585 2058 641 quae
2085 568 2306 657 Petrusg

351 671 422 728 de
450 671 632 728 Marca
678 671 739 727 in
780 668 1177 746 probationem
1222 666 1564 740 collegerat;
1611 685 1676 724 ac
1719 667 1851 724 dein
1906 667 1984 724 ita
2044 668 2241 727 subdit
2304 678 2306 683 '

357 795 384 826 «
413 771 569 829 Unde
602 771 900 845 colligebat
927 770 1046 846 ipse
1094 769 1313 845 (Petrus
1342 767 1410 825 de
1440 767 1948 844 Marca)‚‘p0tuisse
1976 768 2221 826 Honoriu
2303 758 2306 762 ⁸

355 888 385 926 a
415 875 567 926 sexta
605 870 820 944 synodo
864 867 1147 938 damnari,
1196 885 1310 923 non
1357 865 1512 940 quod
1548 865 1833 923 docuisset
1870 866 2152 938 haeresim,
2189 885 2258 925 au

357 969 509 1044 quod
531 968 926 1026 monothelitis
956 967 1360 1039 consensisset,
1400 967 1498 1023 sed
1523 967 1595 1023 ob
1620 966 2027 1041 negligentiam
2044 966 2106 1023 in
2129 967 2257 1024 dam

357 1069 544 1126 nando
563 1087 764 1127 eorum
783 1086 995 1125 errore.
1011 1068 1198 1124 ..Nam
1218 1065 1367 1140 quod
1389 1065 1457 1122 ad
1473 1064 1703 1122 Honorii
1722 1065 2038 1122 doctrinam
2065 1065 2262 1124 attinet

352 1169 470 1243 jam
497 1167 594 1226 a'hi
637 1169 1048 1245 probaverunt,
1080 1185 1212 1224 eum
1242 1185 1476 1243 prorsus
1502 1159 1765 1223 aversum
1805 1166 1981 1222 fuisse
2007 1166 2076 1223 ab
2101 1183 2256 1222 error
2302 1238 2306 1243 Δ

358 1269 888 1339 monothelitarum,
922 1286 1105 1342 neque
1131 1267 1244 1323 illis
1276 1285 1528 1341 unquam
1554 1266 1946 1324 consensisse:
1978 1272 2042 1323 ut
2071 1266 2255 1323 inutili
2303 1246 2306 1267 ⁵

355 1369 587 1426 omnino
615 1369 808 1424 futura
842 1367 913 1424 sit
934 1385 1060 1423 mea
1088 1383 1282 1441 opera,
1316 1365 1362 1422 si
1390 1365 1558 1422 velim
1589 1366 1735 1422 hanc
1754 1372 1974 1441 partem
2004 1364 2258 1440 susciper

358 1468 729 1545 probandam.
761 1469 949 1525 »Item
978 1467 1112 1524 huic
1138 1467 1331 1542 primae
1359 1466 1674 1524 defensioni
1698 1475 1967 1541 tanquam
1997 1466 2241 1542 praecipu

360 1587 423 1625 ac
454 1567 680 1645 optimae
701 1567 947 1624 adhaeret
974 1568 1170 1624 Petrus
1191 1566 1530 1623 Ballcrinius
1563 1567 1647 1641 (de
1665 1567 1723 1624 Vt
1742 1586 1811 1630 ,ac
1835 1566 2068 1623 Ratione
2087 1569 2262 1642 prima

361 1677 444 1724 tna
497 1667 853 1724 Romanorum
881 1667 1222 1738 Pontificum,
1254 1665 1437 1741 capite
1467 1667 1601 1737 xm}
1634 1664 1721 1738 9);
1770 1670 1822 1721 et
1865 1671 2025 1740 pater
2057 1665 2262 1720 Perron

366 1771 629 1838 (tractatu
667 1769 731 1823 cle
760 1767 907 1823 Locis
937 1765 1262 1840 theoloyieiS,
1297 1765 1404 1821 sub
1430 1764 1600 1822 finem
1637 1765 1815 1840 partis
1858 1764 2102 1840 primae).

438 1867 540 1924 Pro
572 1868 735 1941 cujus
762 1866 960 1941 primae
997 1864 1345 1922 defensionis
1378 1864 1665 1935 coronide,
1700 1863 2098 1921 adnotabimus
2121 1882 2231 1938 qua

366 1967 573 2023 absona
601 1965 672 2022 sit
703 1964 1154 2022 adversariorum
1187 1965 1628 2039 argumentatio,
1664 1964 1799 2021 Cum
1839 1983 2041 2040 nempe
2076 1964 2233 2021 nulla
2280 2024 2284 2026 ,

365 2065 664 2122 ostendere
704 2063 925 2120 valeant
954 2062 1012 2118 in
1049 2061 1301 2136 epistolis
1331 2062 1562 2118 llonorii
1590 2080 1888 2118 erroneam
1923 2061 2053 2118 fidei
2102 2059 2267 2117 defini

367 2165 604 2235 tionem,
647 2182 770 2221 cam
801 2162 1149 2219 concludunt
1182 2181 1253 2219 cx
1271 2161 1634 2237 pronuntiata
1662 2168 1858 2218 contra
1884 2160 2048 2217 illurn
2074 2159 2270 2218 Pontifi

366 2284 488 2322 cem
532 2285 562 2322 a
603 2270 758 2321 sexta
799 2262 1049 2337 generali
1112 2262 1324 2341 synodo
1380 2261 1877 2318 condemnatione.
1924 2262 2271 2317 Pronnnttav‘

365 2365 622 2440 synoduS,
649 2363 828 2434 aiunt,
849 2363 1142 2429 Honorium
1167 2363 1473 2441 haereti‘cwn
1495 2363 1689 2435 [πάθεα
1715 2379 1837 2436 erqo
1864 2362 2030 2435 ipsius
2055 2359 2246 2434 epistol

369 2466 612 2522 haeresim
643 2466 929 2521 continent.
966 2463 1075 2521 Nos
1119 2462 1326 2520 merito
1369 2462 1920 2536 argumentationem
1970 2459 2260 2518 invertend
2301 2497 2306 2503 -

372 2565 613 2623 dicimus
639 2587 652 2622 z
680 2565 896 2624 Certum
919 2571 999 2620 est
1025 2548 1228 2620 nullam
1263 2566 1318 2619 in
1350 2564 1508 2619 dictis
1530 2563 1751 2620 Honoriz'
1791 2562 2032 2637 epistolis
2059 2561 2306 2642 haeresim*

374 2667 659 2729 contineri3
684 2684 808 2738 erqo
830 2666 1067 2739 synodus
1090 2683 1207 2721 enm
1225 2683 1333 2720 non
1355 2665 1631 2721 damnavit
1647 2672 1707 2720 ut
1720 2667 1942 2738 proprz'e
1967 2647 2300 2741 haereticum

370 2766 463 2822 sed
507 2766 785 2821 dumtaxat
831 2774 888 2820 ut
919 2766 1181 2821 haereseos
1210 2763 1497 2834 fautorem.
1535 2764 1832 2821 Enimvero
1871 2763 2098 2838 procedi
2137 2749 2298 2825 debe&

372 2885 402 2922 a
428 2870 558 2922 noto
587 2870 641 2922 et
665 2870 817 2921 certo
858 2864 928 2921 ad
952 2863 1011 2920 id
1040 2863 1193 2937 quod
1224 2863 1416 2921 minus
1439 2863 1638 2937 liquet.
1669 2851 1829 2928 Quod
1857 2870 2047 2921 autem
2075 2855 2295 2923 Honori}

371 2965 626 3043 epistolae
652 2965 872 3021 nullam
902 2963 1163 3021 haeresim
1192 2964 1544 3036 contineant,
1581 2965 1812 3022 omnino
1844 2971 2064 3022 certum
2113 2968 2217 3034 est,
2242 2964 2294 3022 el

373 3064 605 3123 cuilibet
644 3062 856 3138 legenti
887 3062 1098 3120 directe
1144 3063 1510 3121 manifestum
1558 3063 1639 3121 fit.
1686 3064 1745 3120 Id
1789 3082 1918 3137 ergo
1959 3082 2059 3120 nos
2097 3050 2293 3121 merit&

372 3171 642 3239 tanquam
669 3162 1018 3240 principium
1050 3163 1339 3238 ponimus
1372 3163 1436 3218 Et
1469 3163 1601 3219 hinc
1627 3163 1756 3238 jure
1787 3162 2186 3220 concludimus
2212 3157 2293 3214 1Πέ-

374 3262 798 3340 terpretandam
848 3262 1169 3320 necessario
1209 3281 1332 3320 esse
1374 3263 1585 3319 dictam
1642 3263 1922 3339 synodum
1978 3263 2054 3318 ita
2101 3266 2185 3331 ut,
2211 3253 2291 3314 vel

377 3363 690 3420 Honorium
737 3362 1089 3432 damnaverit
1139 3361 1433 3419 dumtaxat
1478 3369 1751 3437 tanquam
1804 3364 2080 3419 haereseos
2117 3360 2292 3415 faute*

378 3481 522 3536 rem,
569 3471 631 3522 ut
674 3464 732 3520 in
774 3465 878 3520 hac
919 3463 1106 3539 prima
1145 3461 1471 3536 defensione
1502 3462 1741 3530 dicitur;
1783 3462 1867 3520 vel
1901 3479 2024 3518 eam
2066 3459 2306 3546 damnat-,1-¹

379 3559 588 3616 tionem
646 3581 762 3620 non
815 3562 994 3620 fuisse
1039 3564 1349 3619 oecumeniee
1391 3561 1585 3628 latam,
1643 3567 1837 3637 utpote
1859 3579 1907 3640 a
1958 3559 2096 3615 Sede
2136 3567 2290 3631 apos-²·

378 3655 547 3712 tolica
585 3677 696 3715 non
743 3668 1053 3735 receptam,
1102 3666 1163 3716 ut
1212 3655 1432 3718 (licetur
1479 3660 1538 3716 in
1578 3659 1906 3716 defensione
1949 3661 2169 3733 quarta,
2201 3647 2291 3729 ‘vel
