2306 4010
347 163 437 210 154
1021 153 1318 204 TRACTATUS
1346 153 1413 200 DE
1443 153 1588 201 ΡΑΡΑ.

347 271 484 328 Cum
515 277 663 329 esset
689 268 863 325 simul
886 263 1339 336 Sulpitianorum
1367 261 1646 334 generalis
1673 263 1957 339 superior,
1978 271 2030 322 et
2053 283 2204 324 unus
2228 287 2258 325 e

345 369 567 426 vicariis
609 365 963 439 generalibus
989 359 1123 432 qui,
1153 359 1413 417 exulante
1447 359 1882 438 Archiepiscopo
1929 362 1999 419 de
2034 363 2254 438 Juigne,

345 466 712 523 parisiensem
761 459 1047 516 dioecesim
1102 460 1391 533 regebant,
1430 460 1707 536 plurimos
1738 462 1798 518 in
1832 463 2092 520 eumdem
2136 464 2256 540 lap-

343 583 469 620 sum
495 561 824 618 auctoritate
847 576 949 614 sua
973 561 1267 633 pertraxit.
1294 561 1424 618 Orta
1451 561 1585 618 hinc
1610 561 1852 636 lugenda
1878 563 2074 620 scissio
2102 565 2161 621 in
2190 582 2253 621 ea

339 667 494 735 parte
539 656 808 712 Gallicani
858 656 993 713 cleri
1042 675 1166 731 quae
1214 658 1398 716 fidelis
1452 667 1823 732 remanserat,
1866 661 1922 717 id
1973 667 2075 730 est,
2131 680 2255 737 quae

337 757 472 815 civili
499 759 858 813 constitutioni
895 757 1033 814 cleri
1079 758 1437 816 subscribere
1486 766 1777 817 renuerat.
1810 760 2077 818 illicitum
2118 780 2254 819 sane

334 855 653 911 istiusmodi
675 855 1071 929 juramentum
1099 855 1275 914 videri
1309 857 1621 929 debuisset,
1650 857 1738 914 vel
1774 876 1838 914 ex
1869 877 1932 914 eo
1963 860 2080 916 solo
2103 860 2252 934 quod

334 954 489 1009 dubia
512 953 702 1009 saltem
726 960 874 1010 esset
895 956 1015 1029 ejus
1032 955 1248 1012 liceitas
1277 979 1288 1023 ;
1313 955 1371 1010 in
1393 954 1564 1012 dubio
1584 956 1735 1012 enim
1749 957 1945 1031 jurare
1966 976 2080 1013 non
2099 958 2248 1015 licet.

333 1053 396 1110 Et
441 1053 780 1126 caeteroquin
816 1054 1121 1111 liceitatem
1158 1060 1350 1130 aperte
1390 1055 1723 1112 excludebat
1761 1075 1868 1112 vox
1910 1057 2018 1113 ista
2059 1059 2111 1113 la
2140 1058 2210 1113 [οἱ
2232 1080 2250 1123 ;

332 1154 538 1227 quippe
562 1170 708 1225 quae,
735 1171 892 1208 sensu
913 1155 1076 1226 obvio,
1114 1154 1362 1226 vigentes
1392 1160 1531 1210 tunc
1568 1154 1844 1229 temporis
1871 1155 2020 1227 leges
2055 1173 2251 1212 omnes

331 1253 703 1327 exprimebat,
734 1252 884 1310 inter
916 1272 1057 1328 quas
1084 1254 1170 1310 lex
1202 1254 1270 1310 de
1295 1253 1448 1310 civili
1482 1254 1883 1311 constitutione
1911 1255 2070 1326 cleri,
2103 1256 2251 1311 aliae-

331 1371 440 1426 que
474 1353 665 1408 multae
707 1353 1058 1429 impietatem
1090 1354 1545 1428 injustitiamque
1570 1354 2097 1411 manifestissimam
2127 1373 2249 1410 san-

327 1453 569 1509 ciebant.
620 1453 811 1517 Quoad
874 1440 1171 1529 praefatum
1231 1453 1622 1527 juramentum
1674 1454 2023 1528 expostulata
2078 1458 2161 1508 est
2217 1471 2246 1508 a

326 1552 416 1608 Pio
451 1553 515 1608 VI
553 1554 825 1610 resolutio
864 1553 1157 1626 sequentis
1200 1551 1358 1607 dubii
1391 1574 1400 1606 ε

410 1673 436 1704 «
472 1652 617 1716 Quid
647 1653 927 1726 agendum
951 1672 1097 1708 cum·
1114 1653 1347 1710 secundi
1373 1652 1713 1725 (aequalitatis
1733 1658 1783 1708 et
1801 1651 2077 1726 libertatis)
2092 1651 2246 1725 jura·

334 1771 359 1800 «
393 1750 566 1805 menti
614 1751 739 1805 labe
766 1752 1021 1824 pollutiS,
1054 1752 1100 1808 si
1135 1751 1525 1825 poenitentiam
1555 1757 1771 1825 petant,
1803 1769 1906 1807 nec
1942 1757 2063 1807 tuto
2083 1770 2250 1826 praes-

333 1870 360 1900 «
396 1849 563 1906 titum
600 1850 989 1922 juramentum
1037 1850 1266 1925 publice
1319 1849 1661 1905 retractandi
1724 1867 1850 1923 spes
1904 1850 2020 1905 ulla
2080 1850 2245 1906 afful-

332 1971 359 2001 «
388 1952 550 2022 geat‘?
586 1971 612 2002 »

404 2049 483 2103 Ad
507 2048 657 2122 quod
678 2048 981 2123 quaesitum
1021 2047 1361 2122 rescriptum
1391 2046 1500 2102 fuit
1528 2047 1616 2101 die
1648 2046 1717 2101 26
1740 2045 1867 2120 julii
1909 2045 2058 2102 1794
2083 2067 2093 2100 :

408 2147 543 2201 «Ad
589 2147 902 2203 secundum
954 2146 1193 2202 dubium
1253 2143 1681 2201 rescribendum
1725 2144 2009 2199 mandavit
2051 2166 2062 2198 :
2111 2145 2249 2201 satis

330 2268 357 2299 «
393 2266 515 2303 esse
547 2248 693 2321 quod
735 2247 834 2320 qui
873 2246 1257 2322 praestiterunt
1288 2245 1681 2318 juramentum
1715 2244 1972 2299 libertatis
2000 2251 2050 2299 et
2072 2262 2247 2316 aequa-

329 2367 356 2397 «
390 2346 577 2415 IitcctiS,
603 2346 902 2402 consulant
933 2344 1288 2401 conscientiae
1309 2362 1447 2415 suae,
1477 2362 1606 2399 cum
1635 2343 1692 2398 in
1716 2342 1888 2398 dubio
1910 2342 2104 2416 jurare
2129 2362 2242 2399 non

327 2467 354 2498 «
390 2446 583 2513 liceat.;
617 2465 800 2521 neque
826 2447 942 2502 ulla
969 2447 1091 2519 lege
1115 2463 1296 2518 usque
1323 2444 1489 2500 modo
1509 2443 1809 2516 obstringi,
1838 2444 2092 2499 nondum
2122 2427 2246 2519 pro-

327 2567 353 2598 «
379 2548 490 2601 lato
513 2546 726 2618 judicio
760 2545 1086 2602 Sanctitatis
1118 2545 1265 2613 Suae,
1299 2544 1367 2599 ad
1402 2542 1770 2599 emittendam
1805 2542 2127 2615 hujusmodi
2152 2544 2242 2616 ju-

325 2666 352 2696 «
384 2643 626 2699 ramenti
657 2642 1113 2698 retractationem
1149 2663 1175 2693 »
1221 2641 1535 2715 (Collection
1573 2641 1819 2715 yandrale
1865 2641 1958 2696 des
1995 2641 2152 2713 Brefs
2180 2642 2244 2697 cle

323 2742 418 2797 Pie
447 2741 536 2809 VI,
570 2740 745 2808 PariS,
783 2740 951 2811 1798,
990 2747 1140 2797 tome
1166 2740 1231 2811 II,
1255 2757 1394 2814 page
1418 2741 1548 2795 49⁶2.
1574 2739 1702 2796 Voir
1728 2739 1881 2796 aussi
1907 2759 2048 2815 page
2083 2739 2236 2814 498).

395 2842 454 2898 Ι).
487 2841 685 2916 Emer'y
731 2859 1026 2915 nunquam
1078 2842 1262 2898 fassus
1305 2848 1387 2897 est
1438 2859 1497 2898 se
1539 2860 1762 2899 errasse
1798 2844 1869 2898 ·in
1922 2842 2238 2918 praestando

319 2942 467 2999 dicto
488 2942 814 3017 juramento
847 2941 981 3014 (Vie,
1011 2947 1054 2998 t.
1105 2941 1145 3010 I,
1185 2960 1240 3015 p.
1274 2939 1428 3014 585).

395 3045 450 3100 5.
487 3043 583 3098 Die
615 3042 647 3098 5
680 3042 1018 3118 septembris
1047 3041 1191 3099 1797
1237 3041 1554 3116 injunctum
1588 3049 1671 3099 est
1699 3043 2090 3116 juramentum
2127 3045 2236 3099 odii

315 3148 367 3201 in
409 3147 610 3219 reyiam
642 3151 960 3218 potestatem
999 3147 1011 3208 t
1023 3143 1079 3217 je
1113 3142 1241 3215 jure
1286 3143 1454 3198 haine
1488 3145 1517 3198 a
1554 3143 1606 3199 la
1645 3147 1895 3223 royaute,
1937 3143 2092 3217 ete).
2124 3144 2233 3200 Hoc

317 3246 483 3301 otiam
524 3244 916 3318 juramentum
964 3243 1160 3298 licitum
1198 3241 1420 3298 censuit
1461 3241 1726 3298 dominus
1764 3242 1964 3317 Emery
2012 3242 2129 3316 (Vie
2167 3243 2231 3298 de

315 3345 387 3399 M.
422 3333 627 3417 Emery,
672 3349 714 3400 t.
759 3343 799 3413 I,
832 3362 888 3418 p.
932 3343 1039 3398 412
1070 3348 1122 3398 et
1149 3341 1341 3414 suiv.).
1380 3341 1524 3397 Illud
1558 3341 1950 3398 condemnavit
1983 3340 2112 3396 Pius
2138 3341 2225 3411 VI,

312 3441 556 3501 illicitum
591 3442 1009 3516 pronuntiando
1043 3441 1189 3516 (vide
1213 3441 1549 3498 documenta
1589 3447 1641 3497 et
1671 3447 1862 3497 textus
1902 3439 2060 3495 illius
2094 3458 2225 3495 con-

313 3540 780 3597 demnationisin
820 3542 1109 3600 collection
1140 3541 1383 3615 qe'ne'rale
1417 3542 1507 3596 des
1543 3541 1697 3612 Brefs
1737 3539 1801 3593 de
1838 3537 1932 3593 Pie
1962 3537 2050 3609 VI,
2083 3545 2123 3594 t.
2157 3538 2223 3609 II,

311 3639 367 3694 in
414 3639 822 3714 supplementO,
850 3661 904 3715 p.
941 3641 1012 3696 ‘22
1041 3646 1095 3697 et
1126 3658 1270 3714 seq.,
1308 3639 1481 3710 PariS‚
1520 3635 1840 3694 1798.-Et
1869 3635 1925 3691 in
1962 3636 2222 3709 Synodico
