2306 4010
252 161 310 206 68
921 143 1210 198 TRACTATUS
1239 141 1306 187 DE
1337 139 1484 186 ΡΑΡΑ.

251 263 438 325 'sessus
453 265 549 322 fiat
564 261 836 320 nationale
857 260 1010 314 totius
1036 250 1180 322 requi
1195 245 1491 312 concilium,
1513 250 1569 302 et
1590 261 1731 317 quos
1759 241 1830 298 ad
1858 259 1955 302 vos
1973 241 2150 299 mitti-

255 383 382 420 mus
401 360 662 417 doctrinae
691 362 894 413 nostrae
912 346 1145 427 articuli,
1169 342 1431 400 fidelibus
1450 339 1757 397 venerandi
1779 345 1832 396 et
1861 357 2155 412 nunquam

250 454 658 516 intermorituri
675 449 921 508 Ecclesiae
943 443 1229 502 Gallicanae
1253 459 1464 496 omenes
1498 439 1745 494 evadant.
1773 458 1799 489 »
1829 437 2002 512 Igitur
2020 455 2154 494 suos

183 525 189 531 ι
249 562 489 630 quatuor
525 547 786 606 articulos
813 542 1111 598 ediderunt
1155 545 1218 596 ut
1253 538 1547 595 evaderent
1579 535 1826 592 Ecclesiae
1865 536 2155 594 Gallicanae

246 658 298 708 et
323 646 608 705 nationalis
645 640 850 698 concilii
885 659 1106 695 CANONEs
1141 655 1407 709 nunquam
1430 636 1844 700 intermoritnii5
1886 639 1940 691 et
1961 635 2156 691 volue-

243 750 373 802 runt
402 727 534 799 nihil
560 757 787 812 unquam
819 739 1144 793 contrarium
1182 735 1242 791 in
1276 734 1551 803 ecclesiiS,
1592 732 2059 790 universitatibus
2102 738 2152 789 et

238 843 439 901 scholis
465 842 639 896 doceri
663 857 841 912 posse,
870 836 1148 910 siquidem
1176 843 1239 894 ut
1272 837 1349 892 ita
1380 840 1686 910 procurent
1706 833 2003 890 universos
2031 833 2157 888 Gal-

240 945 445 1000 liarum
479 939 746 1014 praesules
783 937 1174 1012 deprecantur.
1206 935 1359 991 Unde
1385 935 1532 1008 quod
1570 940 1761 1009 postea
1794 933 2151 1001 dictitarunt,

242 1061 298 1098 se
330 1040 578 1098 noluisse
614 1037 894 1110 quidquam
923 1036 1228 1107 decernere,
1269 1035 1367 1092 sed
1399 1034 1686 1090 dumtaxat
1722 1029 1995 1107 privatam
2034 1031 2153 1106 opi-

239 1142 463 1198 nionem
490 1156 650 1195 suam
686 1137 825 1192 nude
848 1137 1112 1209 proferre,
1153 1134 1261 1191 fuit
1305 1132 1725 1209 apertissimum
1766 1130 2149 1200 mendacium,

242 1242 309 1296 ad
343 1238 686 1296 excusandas
712 1234 1102 1293 excusationes
1129 1234 1186 1290 in
1206 1233 1446 1308 peccatis
1472 1231 1866 1305 excogitatum.

314 1339 599 1394 Pnoposmo
637 1335 745 1390 Illa.
778 1367 846 1375 —
874 1333 1215 1406 Summopere
1241 1332 1509 1404 displicuit
1536 1330 1662 1387 Sedi
1689 1329 2023 1404 Apostolicae,
2048 1345 2154 1383 non

240 1436 374 1508 quod
390 1435 646 1493 Gallicani
660 1431 923 1488 Praesules
944 1431 1205 1485 decretum
1229 1429 1385 1483 edere
1403 1428 1870 1500 praesumpsissent
1887 1428 2154 1481 conscien-

243 1538 340 1590 tias
372 1536 441 1590 ad
480 1533 795 1589 credendum
825 1532 1084 1603 obligans3
1122 1528 1215 1583 sed
1244 1527 1298 1582 1⁰
1318 1528 1454 1600 qaod
1489 1527 1720 1599 professi
1762 1532 1933 1580 essent
1962 1526 2154 1597 falsam

243 1652 302 1688 ac
345 1633 728 1706 reprobandam
758 1638 983 1702 quatuor
1022 1629 1363 1683 articulorum
1406 1628 1727 1707 doctrinam3
1772 1625 1827 1679 2⁰
1868 1624 2006 1697 quod
2039 1641 2153 1679 eam

245 1733 534 1787 doctrinam
573 1720 933 1784 declarassent
971 1745 1068 1798 per
1104 1728 1333 1803 formam
1360 1726 1575 1791 decreti,
1615 1725 1671 1779 id
1716 1731 1815 1795 est,
1851 1731 1907 1778 ut
1936 1730 2071 1778 esset
2099 1724 2154 1777 in

243 1827 434 1885 scholis
460 1846 519 1882 ac
542 1828 754 1899 scriptis
779 1825 1107 1896 obliqatoria.

321 1926 376 1980 1⁰
413 1925 532 1981 Non
567 1922 865 1979 somniavit
906 1922 1073 1978 Sedes
1113 1920 1416 1995 apostolica
1447 1938 1509 1976 eo
1549 1919 1841 1976 dementiae
1889 1919 2152 1994 abreptos

243 2023 370 2078 illos
389 2021 678 2097 praesules,
703 2025 765 2075 ut
793 2018 900 2075 sibi
932 2018 1284 2074 infallibilem
1311 2023 1643 2092 potestatem
1670 2035 1930 2090 arrogare
1962 2017 2152 2073 volue-

242 2121 353 2176 rint
378 2121 543 2175 fidem
569 2118 890 2187 definiendi,
918 2123 971 2172 et
1001 2116 1250 2172 internos
1280 2116 1409 2172 fidei
1439 2121 1598 2172 actus
1642 2114 1978 2190 imperandi.
2006 2112 2151 2168 Nihil

243 2218 298 2272 in
328 2236 523 2274 eorum
555 2215 952 2285 declaratione,
981 2213 1125 2268 nihil
1163 2214 1222 2268 in
1246 2214 1416 2286 gestis
1445 2213 1689 2289 reperire
1714 2219 1800 2269 est
1831 2213 1980 2285 quod
2010 2212 2152 2268 hanc

238 2333 526 2371 erroneam
568 2313 990 2387 persuasionem
1033 2312 1300 2366 Romanis
1346 2311 1709 2368 Pontificibus
1760 2312 2011 2384 ingerere
2055 2330 2149 2385 po-

241 2411 435 2474 tuerit}
467 2416 633 2485 prout
659 2409 1042 2484 propositione
1069 2409 1109 2463 1³
1136 2408 1405 2466 diximus.

316 2511 371 2564 2⁰
413 2510 479 2563 At
509 2516 726 2563 certum
760 2515 843 2563 est
882 2508 1020 2581 ipsis
1049 2526 1406 2582 summopere
1429 2507 1806 2584 displicuisse,
1837 2507 1987 2581 quod
2023 2507 2147 2563 doc-

241 2606 447 2663 trinam
483 2610 724 2677 quatuor
759 2604 1015 2659 articulis
1049 2610 1368 2660 contentam
1404 2605 1644 2680 professi
1672 2606 1804 2662 sint.
1838 2606 1896 2661 ld
1920 2605 2151 2680 ipsimet

240 2702 810 2758 Gallicani-fatentur.
854 2702 968 2756 Imo
1006 2702 1317 2758 doctrinam
1362 2705 1503 2759 hanc
1539 2704 1663 2761 ideo
1706 2704 1786 2760 sic
1825 2704 2151 2761 solemniter

243 2802 477 2876 professi
501 2807 654 2871 sunt,
683 2800 811 2873 quia
839 2800 1087 2880 sciebant
1120 2801 1259 2855 nihil
1287 2801 1536 2859 Romano
1567 2803 1819 2860 Pontifici
1857 2803 2150 2861 molestius

240 2902 378 2971 fore,
408 2907 460 2957 et
488 2901 621 2974 quia
650 2900 867 2956 volebat
889 2901 1000 2956 Rex
1020 2899 1298 2956 Pontificis
1326 2904 1698 2959 constantiam
1726 2903 1999 2959 molestiis
2026 2922 2152 2960 exa-

239 2993 416 3072 gitare
458 3018 521 3054 ac
563 2999 838 3072 frangere.
882 3000 1186 3071 Denegatas
1223 3016 1320 3072 per
1359 3004 1440 3055 tot
1482 3019 1657 3056 annos
1702 3001 1887 3056 bullas
1922 3002 1991 3057 ob
2033 3021 2150 3058 am-

239 3100 519 3173 plexatam
559 3103 800 3170 quatuor
849 3097 1217 3153 articulorum
1261 3096 1594 3170 doctrinam,
1633 3117 1746 3154 non
1786 3105 2008 3155 tantum
2051 3120 2148 3176 ap—

190 3238 193 3240 .
239 3197 417 3270 prime
457 3195 704 3252 sciebant
741 3195 1008 3252 Gallicani
1047 3195 1363 3270 systematis
1404 3196 1723 3254 defensores
1754 3198 1889 3271 (non
1922 3206 2148 3274 excepto

239 3296 498 3351 advocato
514 3297 681 3352 Talon
709 3302 760 3352 et
786 3295 910 3352 aliis
943 3314 972 3351 e
1000 3295 1350 3370 parlamento
1378 3297 1654 3370 ejusmodi
1676 3298 1859 3372 viris),
1882 3299 1977 3354 sed
2010 3298 2150 3373 idip-

240 3411 365 3449 sum
407 3393 668 3450 Romanis
697 3394 1059 3451 Pontificibus
1088 3394 1310 3450 crimini
1341 3395 1649 3467 vertebant.
1692 3393 1802 3471 Ipsi
1829 3414 2029 3471 nempe
2055 3416 2146 3454 ex-

238 3490 592 3564 probrabant
613 3493 759 3563 quod
777 3511 883 3548 non.
901 3493 1009 3548 alia
1038 3493 1102 3548 de
1129 3511 1284 3549 causa
1304 3492 1488 3549 bullas
1518 3494 1815 3567 denegaret
1839 3493 2146 3550 nominatis

236 3606 267 3644 a
295 3605 446 3662 rege,
489 3586 587 3660 qui
613 3590 911 3647 conventui
943 3589 1075 3646 anni
1112 3591 1257 3647 1682
1283 3590 1678 3647 interfuerant.
1733 3590 1889 3654 Quod
1917 3591 2143 3665 quidem
