2306 4010
762 243 888 290 PARS
919 242 1159 289 sEcuNnA.
1816 239 1904 284 509

109 381 136 411 «
166 356 300 423 Quid
337 362 519 411 antem
552 359 598 409 et
632 351 847 408 divinus
874 349 1166 419 Honorius,
1197 347 1329 424 quid
1355 364 1483 404 vero
1508 349 1560 403 et
1587 352 1708 422 post
1738 345 1924 402 illum'

34 456 327 512 Severinus
353 470 540 521 senex,
569 447 701 524 quid
722 445 960 518 denique
983 453 1034 502 et
1066 447 1133 519 is,
1155 446 1253 520 qui
1286 451 1412 521 post
1436 445 1582 502 hunc
1600 444 1799 515 extitit,
1824 462 1906 501 sa-

35 573 127 610 cer
154 550 424 609 Joannes‘?
460 549 625 605 Porro
656 547 702 603 is
744 542 836 618 qui
870 560 1019 598 nunc
1055 544 1311 618 praesidet
1355 541 1711 600 beatissimus
1763 542 1905 618 Papa

43 650 421 717 (Theodorus),
457 644 639 703 omisit
684 639 983 716 quidquam
1037 640 1430 714 supplicationi
1469 641 1836 697 conveniens?
1879 663 1906 694 »

111 719 431 806 noemma
469 741 548 799 vl.
582 717 653 782 -‘-
677 738 974 810 Disputatio
1009 739 1173 792 saneti
1195 736 1412 793 Maximi
1447 756 1560 793 cum
1598 739 1825 811 Pyrrho,
1858 742 1908 795 in

44 865 144 919 qna
169 846 367 902 'citatur
403 837 740 896 testimonium
770 835 1043 889 secretarii
1072 836 1158 905 qui
1194 833 1409 888 Honorii
1443 837 1719 907 epistolam
1750 839 1912 910 scrip-

40 952 203 1000 serat.
225 973 291 984 —
309 938 541 996 Habetur
565 938 673 989 tota
698 931 792 986 illa
819 931 1054 987 celebris
1080 931 1404 1005 disputatiO,
1435 949 1611 1004 graece
1635 940 1689 989 et
1715 934 1908 1004 latine,

43 1039 183 1116 apud
210 1036 399 1101 Labbe,
434 1038 580 1087 tomo
609 1028 668 1084 V.
703 1028 874 1084 Locus
902 1033 1090 1084 autem
1121 1047 1284 1101 quem
1322 1028 1411 1083 hic
1450 1031 1910 1101 transcribimus,

0 1123 5 1127 ’
39 1140 181 1190 extat
217 1130 439 1198 ibidem,
482 1127 586 1183 col.
624 1125 768 1183 1815
805 1125 1087 1197 (editionis
1125 1124 1412 1196 Parisinae,
1444 1125 1636 1197 1671).
1683 1127 1908 1183 Exhibet

35 1226 329 1302 disputatio
365 1225 458 1281 illa
517 1224 751 1279 sormam
791 1223 1004 1295 dialem,
1062 1223 1119 1277 in
1168 1240 1278 1296 quo
1325 1221 1751 1279 interlocutores
1787 1223 1913 1298 Pyr-

34 1325 164 1382 rhus
188 1331 240 1380 et
268 1322 550 1378 Maximus,

110 1444 138 1475 «
166 1422 427 1495 Pyrrhus:
458 1418 597 1482 Quid
635 1418 703 1474 de
731 1417 969 1473 Honorio
1004 1419 1071 1472 ad
1103 1419 1555 1492 respondendum
1586 1420 1780 1488 habes,
1816 1422 1912 1493 qui

42 1528 223 1596 aperte
247 1517 578 1575 antecessori
610 1535 734 1573 meo
765 1535 937 1572 unam
963 1516 1307 1574 voluntatem
1332 1518 1551 1573 Domini
1581 1519 1759 1574 nostri
1786 1520 1914 1575 Jesu

0 1670 1 1674 ,
43 1618 232 1675 Christi
259 1635 375 1674 esse
410 1616 667 1672 tradidit?
696 1649 764 1656 —
791 1616 1085 1671 Maximus.-
1130 1615 1261 1680 Quis
1304 1617 1473 1674 fuerit
1506 1617 1611 1672 side
1653 1625 1704 1674 et
1731 1625 1912 1675 aucto-

44 1715 199 1772 ritate
227 1713 419 1787 dignus
448 1714 691 1787 epistolae
728 1714 893 1787 hujus
922 1714 1232 1788 interpres?
1271 1715 1373 1779 Qui
1414 1732 1536 1770 eam
1575 1732 1639 1769 ex
1676 1731 1912 1788 persona

42 1810 252 1867 Honorii
288 1812 524 1886 scripsit,
557 1813 739 1868 adhuc
765 1819 1070 1886 supersteS,
1112 1819 1164 1868 et
1201 1813 1297 1886 qui
1338 1819 1519 1869 totum
1556 1811 1909 1869 Occidentem

38 1914 152 1964 tum
192 1909 313 1965 aliis
338 1910 657 1980 virtutibuS,
696 1916 815 1966 tum
859 1911 1210 1983 dogmatibus
1246 1910 1372 1966 fidei
1403 1911 1721 1967 christianae
1756 1910 1912 1966 illus-

36 2007 214 2074 travit3
251 2026 318 2063 an
355 2008 391 2063 ii
420 2009 514 2081 qui
553 2009 1047 2084 Constantinopoli,
1075 2027 1197 2082 quae
1222 2024 1294 2065 ‘ex
1326 2009 1490 2065 corde
1516 2016 1694 2081 erant,
1724 2010 1912 2083 loque-

37 2105 266 2162 bantur?
295 2139 366 2147 -
408 2107 676 2180 Pyrrhus.-
710 2108 812 2172 Qui
853 2110 995 2163 hanc
1037 2108 1373 2182 composuit.
1396 2142 1468 2148 —
1504 2109 1759 2164 Maximus
1797 2130 1814 2161 .-
1863 2109 1910 2164 ls

41 2201 198 2273 igitur
219 2203 333 2278 ipse
357 2222 480 2260 cum
507 2206 573 2260 ad
610 2206 796 2261 divum
825 2205 1248 2261 Constantinum
1276 2207 1669 2280 imperatorem
1697 2226 1761 2263 ex
1790 2226 1910 2282 per-

43 2313 172 2351 sona
209 2300 377 2355 sancti
418 2301 569 2376 Papae
601 2302 829 2358 Joannis
870 2303 936 2357 (le
981 2303 1081 2356 hac
1119 2302 1347 2375 epistola
1393 2303 1683 2374 scriberet,
1725 2303 1861 2359 dixit
1896 2325 1906 2356 ε

48 2391 202 2448 Unam
232 2397 538 2454 voluntatem
571 2402 797 2455 diximus
817 2400 1128 2468 inDomino,
1156 2419 1255 2455 non
1286 2402 1573 2456 divinitatis
1600 2402 1711 2472 ejus
1741 2410 1791 2457 et
1823 2403 1911 2456 hn-

44 2494 319 2562 orionitatis,
347 2497 435 2550 secl
466 2497 797 2553 humanitatis
827 2499 1007 2553 solius.
1035 2498 1163 2553 Cum
1195 2501 1327 2553 enim
1357 2499 1570 2571 Seryius
1594 2502 1908 2572 scripsisset,

40 2588 387 2660 quodquidam
407 2593 535 2649 duas
555 2596 849 2649 voluntates
877 2596 925 2648 in
956 2594 1162 2650 Christo
1185 2597 1476 2650 contrarias
1504 2596 1754 2666 dicerent,
1778 2596 1911 2651 climi-

39 2699 148 2738 mns
179 2684 436 2743 Christum
478 2708 580 2744 non
618 2692 745 2746 (inas
782 2691 1073 2746 voluntates
1107 2693 1393 2746 contrarias
1429 2692 1686 2763 habu-isse,
1739 2695 1910 2748 carnis

40 2778 243 2848 inquam
274 2789 322 2835 et
354 2786 582 2856 spiritus,
625 2787 757 2840 sicut
776 2803 870 2840 nos
896 2787 1138 2840 habemus
1158 2795 1274 2859 post
1298 2794 1587 2859 peceatum,
1629 2789 1720 2842 sed
1751 2806 1908 2843 unam

43 2880 259 2942 tantum,
284 2894 395 2947 quae
419 2882 725 2936 naturaliter
746 2884 1117 2938 humanitatem
1139 2885 1248 2955 ejus
1273 2886 1555 2955 clesiqnat¹.
1587 2885 1692 2940 Hos·
1723 2892 1907 2941 autem

44 2968 116 3022 ita
140 2985 282 3040 esse,
306 2982 689 3045 argumentum
723 2980 942 3035 evidens
961 2987 1064 3048 est,
1092 2983 1416 3038 meminisse
1453 2983 1833 3036 membrorum
1856 2990 1909 3038 et

43 3065 244 3134 earniS,
277 3084 396 3137 quae
421 3070 642 3140 quidem
668 3074 737 3129 de
764 3075 1048 3130 divinitate
1074 3077 1167 3131 illa
1202 3078 1383 3150 accipi
1407 3095 1517 3131 non
1558 3077 1906 3149 permittunt.

44 3158 245 3215 Deinde
274 3164 511 3219 occurrit
544 3182 641 3237 per
673 3168 1121 3242 anticipationem
1160 3172 1455 3244 objectioni
1483 3193 1493 3223 :
1532 3171 1586 3226 Si
1621 3174 1732 3242 quis
1762 3188 1907 3240 vere,

43 3258 245 3330 inquit,
267 3260 404 3314 dieat
426 3279 440 3310 .·
474 3277 634 3330 quare.
658 3263 721 3316 de
750 3264 1061 3321 humanitate
1084 3267 1277 3323 Christi
1300 3277 1531 3339 ayenteS,
1557 3268 1620 3322 de
1646 3268 1911 3325 divinitate

95 3390 148 3447 (ll
181 3392 310 3444 liujus
334 3392 595 3445 potissimum
621 3395 878 3435 attendendae
902 3396 1096 3446 phraseos
1122 3397 1180 3437 sic
1207 3410 1251 3438 se
1275 3404 1409 3440 textus
1428 3411 1592 3449 graecus
1611 3401 1753 3442 hahet:
1789 3405 1907 3444 Am-

41 3467 257 3517 γραψόμεν·
285 3463 341 3503 ὅτι
363 3466 380 3502 ὁ
405 3468 572 3518 Χριστὸς
596 3462 663 3502 δυο
681 3466 880 3515 θελήματα
902 3465 1054 3504 ἐναντία
1077 3466 1143 3505 oux
1170 3470 1268 3519 εἶχε,
1293 3471 1430 3523 σαρκός
1459 3476 1557 3527 φῆμι
1585 3486 1651 3510 και
1672 3473 1902 3523 πνεύματος,

45 3533 90 3576 ὡς
114 3532 226 3581 ἡμεῖς
257 3531 395 3582 ἔχομεν
431 3535 533 3582 μετά
563 3537 634 3576 τὴν
665 3535 901 3587 παράὸασιν,
940 3534 1019 3573 αλλ’
1052 3535 1089 3574 ἓν
1114 3539 1244 3587 μόνον.
1267 3553 1314 3579 το
1334 3547 1499 3595 φυσικῶς
1520 3548 1810 3593 χαρακτηριζον
1838 3551 1906 3590 τὴν

51 3598 165 3639 ἀυτου
191 3602 487 3651 αιθρωττότητα·
517 3604 581 3638 ναὶ
608 3603 746 3640 τούτου
778 3601 974 3652 ἀποδείξις
1003 3602 1164 3655 ἐναργὴς
1189 3609 1231 3645 τὸ
1257 3609 1323 3647 κά(
1356 3610 1481 3659 μεὶῶν
1513 3614 1579 3650 κὰ(
1613 3628 1750 3668 σαρκος
1779 3630 1907 3664 ,tt-m:-

49 3665 169 3711 θῆναι,
203 3666 300 3723 ἅπερ
321 3672 386 3707 zi«
419 3666 480 3708 ἐπὶ
501 3673 569 3715 τὴς
597 3670 777 3715 θεότητος
798 3685 916 3710 aaron
938 3669 1067 3711 ἐκεῖνα(
1086 3674 1272 3724 instinc
1302 3674 1344 3715 ὃν
1367 3686 1566 3732 συνχωλςεῖ.
