2262 3990
867 194 994 243 PARS
1023 197 1223 247 TERTIA.
1893 216 1977 263 641

113 286 392 363 subjectus
418 294 800 367 praetenditur,
827 298 1075 359 videlicet
1100 325 1112 359 :
1141 322 1304 364 casus
1341 308 1494 386 Papae
1521 313 1785 389 haeretici,
1811 338 1978 380 casus

110 382 263 456 Papa}
301 386 454 443 dubii
489 391 729 463 (quando
767 411 964 470 nempe
1001 398 1144 457 inter
1180 402 1370 477 plures
1409 406 1477 464 de
1509 419 1715 486 papatu
1753 424 1978 477 conten-

110 478 300 537 dentes
326 500 437 539 non
462 493 675 544 constat
700 490 825 563 quis
848 492 915 549 sit
936 512 1100 553 verus
1123 499 1309 574 Papa),
1340 510 1393 560 et
1417 524 1578 565 casus
1605 510 1761 587 Papae
1794 518 1979 589 pravis

111 577 227 632 suis
256 579 504 638 moribus
538 583 707 639 noxii.
746 586 1046 662 Incipimus
1081 595 1149 651 ab
1190 597 1409 668 ultimo;
1455 603 1572 677 qui,
1614 625 1742 664 cum
1780 611 1978 670 distin-

106 678 307 743 guatur
342 694 371 730 a
407 694 536 734 casu
570 679 725 755 Papae
765 683 1029 758 haeretici,
1068 689 1458 767 intelligendus
1490 708 1573 773 est
1601 703 1884 765 dumtaxat
1910 711 1978 768 de

107 772 488 839 personalibus
509 775 662 849 Papae
687 781 929 852 peccatis
958 784 1024 839 ab
1051 786 1245 843 haeresi
1267 792 1518 853 diversis,
1549 799 1723 871 Igitur
1745 807 1976 876 quaestio

106 882 344 937 praesens
384 876 488 941 est,
515 889 585 927 an
607 873 769 946 Papa,
805 881 1134 952 caetcroquin
1173 891 1320 941 certo
1348 889 1655 967 legitimuS,
1682 906 1735 955 et
1771 920 1977 977 nequa·
2007 911 2011 915 ’

105 978 269 1032 quam
305 967 617 1037 liaereticuS,
645 970 851 1043 quique
886 992 916 1030 a
947 975 1159 1035 Christo
1198 985 1407 1069 accepit
1433 988 1880 1060 jurisdictionem
1918 1000 1976 1055 in

103 1057 414 1114 universam
438 1062 735 1121 Ecclesiam
763 1074 813 1123 et
844 1069 899 1124 in
927 1070 1163 1144 ipsamet
1198 1080 1428 1138 concilia
1466 1091 1765 1159 generalia,
1802 1097 1975 1166 possit

103 1151 488 1230 nihilominus,
517 1159 584 1215 ob
608 1180 804 1235 pravos
833 1185 1011 1225 mores
1036 1190 1185 1238 suos,
1216 1177 1606 1240 reformatione
1639 1186 1970 1262 indigentes,

100 1267 129 1304 a
150 1253 380 1308 concilio
395 1255 653 1326 judicari,
680 1263 865 1335 puniri
889 1285 951 1322 ac
978 1268 1198 1343 deponi.
1220 1274 1332 1338 Quo
1354 1288 1675 1355 praenotato‚
1705 1287 1774 1341 sit
1802 1309 1812 1340 :

172 1346 442 1405 Pnorosmo
468 1352 526 1406 1².
558 1386 626 1394 —
647 1357 949 1416 Jurtsclictio
977 1369 1173 1422 concilii
1205 1371 1256 1424 in
1287 1373 1504 1447 Papam,
1538 1381 1598 1434 ob
1630 1400 1821 1454 pravos
1860 1389 1974 1459 ejus

99 1457 287 1512 mores,
315 1455 388 1500 est
418 1449 763 1521 impossibilis.
792 1488 859 1534 ἡ
887 1458 1000 1522 Quo
1039 1462 1256 1521 facilius
1289 1467 1710 1544 impossibilitas
1739 1481 1850 1538 haec
1876 1503 1970 1558 pa-

99 1542 230 1608 teat,
255 1540 562 1601 instituitur
585 1567 820 1623 sequens
845 1564 1182 1616 assertorum
1210 1566 1378 1623 series
1410 1590 1421 1620 ε

168 1633 208 1688 Ι.
237 1636 384 1710 Papa
418 1660 520 1696 non
550 1653 724 1716 potest
757 1654 913 1707 simul
944 1672 1056 1711 esse
1084 1658 1231 1732 Papa
1263 1671 1314 1717 et
1346 1669 1560 1724 concilio
1592 1675 1867 1745 subjectus.
1895 1712 1970 1720 —

91 1725 374 1788 Potestatis
414 1738 624 1811 papalis
661 1746 896 1802 essentia
924 1748 982 1803 in
1015 1768 1076 1806 eo
1112 1760 1427 1829 reponenda
1467 1771 1568 1837 est,
1609 1771 1755 1841 quod
1798 1775 1966 1830 estin

91 1823 207 1896 ipsa
231 1832 595 1905 praecipuum,
624 1846 675 1895 et
700 1859 808 1914 quo
835 1862 864 1898 a
890 1847 1133 1918 qualibet
1158 1853 1264 1907 alia
1284 1863 1552 1928 potestate
1571 1863 1959 1940 distinguitur.

87 1918 302 1978 Certum
337 1936 519 1985 autem
548 1940 628 1988 est
653 1942 705 1991 et
730 1937 795 1992 de
820 1938 946 2009 fide,
979 1943 1179 2018 Papam
1205 1966 1326 2006 esse
1349 1953 1735 2017 immediatum
1759 1965 1961 2023 Christi

84 2016 348 2076 vicarium
391 2024 447 2079 in
482 2029 667 2096 terris;
713 2034 876 2106 eique
911 2055 939 2092 a
973 2038 1187 2098 Christo
1228 2047 1485 2106 collatam
1527 2055 1700 2115 fuisse
1739 2063 1960 2134 plenam

85 2120 405 2185 potestatem
448 2128 702 2196 pascendi
750 2137 1067 2205 acrcgendi
1112 2141 1411 2202 Ecclesiam
1455 2152 1847 2226 universalcm;
1898 2182 1961 2220 ac

85 2209 188 2284 ipsi
216 2225 543 2290 competere,
572 2241 682 2278 non
715 2233 931 2284 tantum
962 2234 1209 2306 lionoris,
1240 2242 1334 2295 sed
1358 2253 1407 2300 et
1428 2246 1831 2317 jurisdictionis
1859 2279 1957 2317 seu

84 2311 426 2370 auctoritatis
453 2318 753 2389 primatum
781 2343 878 2381 seu
904 2335 1343 2402 superioritatem.
1370 2342 1496 2405 Quae
1524 2365 1654 2405 sanc
1684 2372 1957 2429 przeroga-

82 2402 200 2459 tivae
229 2407 511 2466 altissimae
536 2423 664 2472 sunt
692 2425 744 2473 ct
768 2420 1011 2479 Romano
1036 2427 1283 2487 Pontifici
1315 2438 1586 2498 exclusive
1615 2452 1870 2523 propriae.
1891 2454 1955 2510 Ut

80 2499 306 2570 proinde
350 2507 542 2564 meritc
582 2510 638 2565 in
676 2513 754 2569 cis
798 2527 1034 2591 papatus
1074 2530 1313 2585 essentia
1353 2542 1668 2609 reponenda
1708 2546 1799 2603 sit.
1829 2550 1949 2606 Jam

76 2612 200 2651 vero
240 2600 510 2671 ejusmodi
553 2615 917 2685 praerogativae
970 2625 1339 2685 essentialiter
1378 2638 1669 2709 requirunt
1707 2653 1766 2700 ut
1805 2648 1947 2724 Papa

74 2691 146 2747 sit
183 2702 421 2768 superior
459 2704 682 2763 relative
727 2711 796 2766 ad
851 2717 1106 2788 quaelibet
1157 2724 1411 2785 Ecclesiae
1454 2740 1725 2810 membra,
1770 2752 1820 2800 et
1862 2767 1946 2805 re-

72 2787 233 2846 lative
284 2796 350 2849 ad
395 2801 667 2870 quaslibet
721 2807 973 2869 Ecclesiae
1028 2826 1231 2891 partes,
1280 2833 1333 2882 ct
1377 2830 1603 2890 relative
1658 2840 1725 2894 ad
1771 2848 1942 2900 totam

73 2883 238 2940 simul
267 2888 578 2952 Ecclesiam.
609 2901 739 2958 Nam
764 2905 808 2960 si
837 2909 1087 2969 subesset
1118 2918 1284 2975 alicui
1312 2928 1454 2996 parti
1487 2929 1760 3006 Ecclesiae‚
1791 2943 1942 2999 verbi

69 2982 265 3052 gratia,
293 2989 456 3043 coetui
483 2999 802 3056 caeterorum
830 3009 1082 3066 omnium
1106 3013 1500 3092 Episcoporum
1537 3029 1705 3087 simul
1728 3037 1938 3096 aduna-

293 3684 340 3715 1¹.
