2306 4010
782 195 908 243 PARS
937 194 1174 241 SECUNDA.
1827 188 1916 236 365

46 305 154 363 lius
175 305 390 376 cognita
419 322 485 360 ex
509 304 855 360 eruditorum
877 299 1363 376 disquisitionibus
1385 298 1633 355 veritate.
1664 296 1723 352 Id
1755 296 1912 353 docet

43 400 370 459 Benedictus
407 400 532 471 xlv,
572 406 625 458 et
657 417 757 475 ego
789 399 957 456 etiam
986 397 1148 455 docui
1182 397 1240 454 in
1267 414 1389 454 meo
1419 400 1658 452 tractatu
1692 394 1756 450 de
1786 393 1916 451 Iure

47 497 305 570 liturgic-0.
336 497 600 571 Equidem
638 497 695 553 in
719 496 977 572 precibus
1003 495 1199 568 dogma
1225 492 1686 569 exprimentibuS,
1713 490 1918 547 infalli-

48 594 178 652 bilis
208 602 290 652 est
321 595 485 653 Sedes
518 594 837 669 apostolica,
869 593 1004 650 dum
1042 611 1132 649 eas
1168 592 1553 649 universaliter
1582 589 1920 647 adhibendas

51 692 318 767 approbat
338 698 390 748 et
414 690 740 765 praescribit,
776 694 940 762 prout
964 687 1132 744 citato
1154 694 1393 744 tractatu
1419 686 1667 761 probavi.
1700 686 1764 741 At
1795 702 1919 760 par-

51 796 159 844 tem
206 786 525 844 historicam
575 785 900 854 lectionum,
957 784 1215 858 proponit
1266 789 1485 839 tantum
1535 790 1814 856 quatenus
1855 783 1924 839 ad

47 883 461 940 aedificationem
500 882 719 950 utilem,
762 899 874 936 non
907 887 1182 954 quatenus
1215 880 1511 936 tenendam
1551 889 1613 937 ut
1650 888 1800 936 certo
1838 898 1925 936 vc·

49 997 187 1037 ram.
223 979 372 1036 Unde
401 979 621 1052 quando
646 978 1040 1035 concinnatum
1077 983 1159 1033 est
1196 995 1402 1033 novum
1437 979 1615 1032 sancti
1652 978 1844 1034 Leonis
1881 978 1923 1032 11

55 1076 311 1146 officium,
350 1076 529 1150 potuit
575 1075 673 1148 qui
716 1075 986 1132 lectiones
1033 1074 1448 1149 componendas
1491 1075 1758 1148 suscepit,
1804 1081 1924 1131 acta

54 1178 211 1231 sextae
251 1172 443 1246 synodi
480 1171 886 1247 perlustrandO,
920 1189 1136 1238 errare3
1180 1177 1234 1227 et
1269 1171 1349 1226 sic
1388 1170 1714 1239 Honorium,
1763 1176 1931 1245 prout

53 1269 128 1327 ibi
153 1269 482 1342 inveniebat,
509 1270 653 1326 inter
681 1269 818 1326 alios
856 1269 1144 1326 damnatos
1171 1286 1476 1326 recensere.
1503 1269 1633 1324 Inde
1657 1285 1786 1324 vero
1817 1286 1925 1324 non

54 1368 319 1442 sequitur,
373 1369 440 1424 ab
482 1369 780 1444 apostolica
817 1368 953 1424 Sede
1002 1374 1278 1443 receptam
1320 1367 1496 1424 fuisse
1537 1367 1758 1423 llonorii
1800 1384 1929 1423 con-

55 1466 481 1537 demnationem,
514 1469 568 1523 in
608 1475 758 1524 sexta
803 1467 1010 1545 synodo
1049 1467 1483 1542 pronuntiatam.
1516 1467 1632 1522 Imo
1662 1485 1781 1522 eam
1822 1466 1929 1522 lec-

61 1562 254 1620 tionem
283 1566 517 1621 correxit
557 1565 722 1622 Sedes
758 1565 1078 1639 apostolica,
1121 1566 1342 1639 quando
1384 1583 1445 1621 ca
1490 1564 1745 1621 nonnulli
1777 1564 1928 1620 abuti

58 1668 351 1736 caeperunt.

127 1759 405 1814 Paoposmo
445 1759 525 1828 X³‚
566 1778 659 1816 seu
702 1761 984 1817 conclusio
1022 1781 1081 1817 ex
1116 1760 1573 1835 praecedentibus
1606 1792 1680 1800 —
1708 1759 1761 1813 Si
1794 1776 1935 1814 vera}

58 1857 165 1914 sint
205 1876 397 1914 novem
441 1877 603 1933 supra
638 1859 828 1933 posita}
864 1858 1291 1934 propositioneS,
1336 1857 1784 1914 concludendum
1831 1862 1932 1924 est,

58 1955 355 2011 Honorium
410 1956 838 2013 condemnatum
887 1957 1114 2029 quidem
1161 1956 1334 2012 fuisse
1384 1955 1441 2011 in
1500 1955 1709 2029 synodo
1758 1961 1932 2023 sexta,

58 2052 417 2109 Orientalium
459 2054 852 2129 Episcoporum
897 2054 1136 2128 judici03
1177 2054 1273 2110 sed
1310 2053 1586 2126 judicium
1630 2053 1783 2109 istud
1826 2053 1935 2108 vim

63 2153 349 2206 oecuinenici
388 2151 604 2222 judicii,
645 2171 673 2206 a
715 2153 851 2208 Sede
897 2151 1196 2225 apostolica
1238 2151 1446 2225 recepti
1496 2159 1546 2207 et
1595 2151 1934 2209 confirmati.

66 2263 351 2316 nunquam
378 2249 658 2303 habuisse.
682 2252 815 2304 ltem
838 2248 1307 2318 concludendum,
1330 2249 1542 2303 nullam
1560 2249 1797 2304 Honorio
1816 2250 1941 2320 jure

72 2337 238 2392 tribui
257 2357 412 2412 posse
434 2342 707 2409 haeresim,
725 2342 1155 2415 imprudentiam
1176 2348 1266 2398 aut
1288 2342 1682 2415 negligentiam
1702 2343 1934 2407 nullam,

71 2434 285 2510 lapsum
319 2436 552 2511 denique
586 2438 823 2494 nullum.

104 2670 127 2722 3¹
146 2671 183 2709 6.
205 2692 256 2699 —
281 2669 431 2716 Quarta
453 2670 647 2717 defensio,
670 2682 751 2723 qua
781 2676 959 2721 negatur
978 2670 1102 2712 etiam
1124 2675 1312 2710 actorum
1342 2675 1466 2711 sextae.
1493 2670 1636 2723 synodi
1662 2671 1891 2714 sinceritas.

142 2821 385 2877 Defensio
411 2822 523 2877 haec
558 2822 963 2878 Baronianorum
1000 2823 1227 2892 dicitur,
1266 2823 1395 2896 quia
1430 2823 1739 2897 praecipuus
1784 2824 1840 2878 in
1879 2842 1940 2879 ea

77 2917 313 2987 urgenda
355 2918 459 2973 suit
499 2918 765 2974 Baronius
810 2937 938 2974 eum
975 2919 1333 2976 BellarminO.
1379 2922 1418 2974 Α
1458 2920 1790 2993 praecedenti
1830 2920 1944 2974 fere

77 3032 183 3069 nou
209 3013 393 3070 differt
419 3015 525 3070 nisi
553 3015 611 3070 in
640 3033 703 3070 eo
733 3018 879 3088 quod
911 3024 1217 3091 propugnet
1247 3019 1366 3087 ipsa
1404 3016 1570 3071 ctiam
1600 3023 1719 3072 acta
1748 3017 1942 3089 synodi

77 3115 243 3164 sextae
278 3127 306 3163 a
328 3109 526 3165 Graecis
549 3118 807 3185 corrupta
845 3112 1038 3180 fuisse,
1072 3119 1123 3168 et
1157 3114 1275 3169 loco
1306 3113 1583 3177 Theodori,
1613 3111 1947 3166 Patriarchae

77 3205 658 3278 (Ionstantinopolitani
685 3210 1077 3278 monothelitae,
1119 3210 1491 3265 substitutum
1534 3208 1706 3264 fuisse
1745 3226 1946 3265 nomen

78 3301 318 3356 lionorii.
355 3301 608 3356 Rationes
635 3302 837 3374 quibus
867 3303 1133 3359 fundatur
1158 3306 1239 3359 bae
1264 3311 1394 3360 sunt
1430 3326 1440 3358 :
1481 3305 1638 3360 Teste
1662 3306 1947 3363 Anastasio

80 3395 514 3465 Bibliothecario,
547 3396 602 3450 in
639 3396 748 3452 vita
770 3397 1089 3474 AgathoniS,
1121 3399 1417 3456 damnatus
1458 3400 1624 3456 etiam
1662 3401 1765 3458 suit
1806 3421 1942 3477 prae-

81 3495 220 3551 tatus
257 3494 864 3557 Theodorus.,Attamen
888 3495 1087 3551 nullibi
1111 3514 1311 3552 nomen
1339 3498 1457 3571 ejus
1483 3499 1627 3556 inter
1653 3500 1941 3558 damnatos

80 3591 371 3665 reperitur.
411 3590 856 3646 concludendum
904 3610 1032 3664 ergo
1081 3610 1141 3648 ex
1182 3595 1317 3650 actis
1363 3604 1695 3669 expunctum
1741 3599 1935 3667 fuisse:
