2262 3990
854 170 984 218 PARS
1012 168 1214 217 TERTIA.
1880 163 1967 212 669

103 286 162 343 in
187 283 417 341 coneilio
455 281 703 343 adunati,
740 287 900 355 prout
924 295 1092 352 supra
1119 274 1413 351 probatum
1455 271 1579 329 suit.
1610 271 1786 346 Igitur
1817 275 1969 329 totus

103 381 266 438 etiam
308 379 700 453 Episcoporum
742 374 1054 432 conciliaris
1102 388 1397 429 concessus
1434 369 1681 426 Romano
1720 367 1968 425 Pontifici

103 475 315 538 subest,
344 472 590 546 quandiu
624 471 670 527 is
696 470 998 545 primatum
1023 486 1121 525 seu
1147 468 1410 541 Papatum
1443 483 1555 522 non
1592 463 1797 521 amisit.
1833 463 1969 536 Ergo

106 571 176 639 si,
216 587 325 624 non
365 569 616 624 obstante
653 566 845 622 haeresi
875 584 997 636 sua,
1028 563 1269 620 Pontifex
1302 562 1686 619 auctoritatem
1717 560 1968 636 Papalem

105 667 357 737 retineat,
391 685 501 722 non
536 666 648 739 ipse
674 664 926 727 concili0‚
957 662 1050 718 sed
1083 661 1190 735 ipsi
1225 660 1525 716 concilium
1561 659 1876 733 subjicitur.
1900 690 1970 700 —

101 764 339 819 Tandem
371 781 432 819 ea
461 768 541 819 est
574 767 769 817 natura
795 760 1066 834 primatus
1096 758 1311 832 Papalis
1343 759 1431 829 (ex
1455 757 1639 814 verbis
1670 756 1869 812 Christi
1900 755 1969 812 ad

101 862 316 917 Petrum
347 860 569 917 directis
599 866 652 916 et
682 859 801 933 ejus
828 855 1241 913 successoribus
1269 856 1646 929 applicandis,
1678 874 1744 912 ex
1779 854 1973 912 defini·

102 956 345 1012 tionibus
370 955 752 1024 conciliorum,
778 971 842 1010 ex
859 954 1081 1008 Patrum
1113 951 1383 1021 doctrina,
1419 969 1484 1007 ex
1511 953 1767 1009 Ecclesiae
1791 952 1967 1028 praxi,

101 1059 153 1110 et
178 1071 239 1108 ex
271 1051 551 1108 communi
577 1051 861 1107 doctorum
892 1049 1291 1105 catholicorum
1318 1049 1634 1122 sententia),
1662 1057 1725 1106 ut
1756 1050 1831 1106 sit
1859 1051 1969 1125 pri-

95 1155 279 1204 matus
313 1148 695 1221 jurisdictionis
727 1150 778 1201 in
807 1154 967 1201 totam
994 1145 1295 1211 Ecclesiam,
1325 1161 1423 1200 seu
1450 1150 1693 1218 potestas
1721 1164 1968 1218 suprema

98 1244 317 1316 regendi
360 1243 722 1299 universalem
766 1242 1090 1311 Ecclesiam,
1131 1259 1228 1297 seu
1266 1248 1506 1315 potestas
1542 1242 1633 1297 eui
1670 1241 1859 1298 fideles
1904 1260 1967 1300 ac

101 1341 348 1413 Episcopi
381 1357 572 1395 omnes
606 1339 828 1395 obedire
865 1345 1146 1409 tenentur,
1182 1356 1277 1394 seu
1313 1344 1551 1412 potestas
1593 1356 1713 1395 vere
1742 1357 1968 1395 monar-

101 1438 272 1492 chica.
315 1439 475 1493 Porro
513 1444 781 1512 repugnat
812 1438 1042 1493 existere
1076 1437 1132 1491 in
1162 1437 1404 1493 Ecclesia
1443 1443 1771 1512 potestatem
1795 1437 1966 1511 juris-

102 1533 448 1589 dictionalem
467 1551 587 1606 quae
614 1533 684 1588 sit
711 1552 877 1608 supra
897 1533 1199 1607 primatum
1220 1533 1647 1606 jurisdictionis,
1673 1552 1770 1589 seu
1795 1535 1967 1608 (quod

100 1628 245 1684 idem
283 1637 383 1694 est)
428 1648 591 1703 supra
616 1630 851 1704 primam
883 1637 1206 1704 potestatem
1242 1630 1745 1704 jurisdictionalem
1783 1631 1965 1703 quoad

100 1725 411 1781 universam
442 1726 758 1793 Ecclesiam;
789 1727 920 1782 item
949 1727 1181 1782 existere
1202 1733 1530 1801 potestatem
1556 1745 1676 1800 quae
1706 1727 1777 1782 sit
1799 1745 1967 1800 supra

99 1841 435 1896 suprema1n;
467 1824 599 1879 item
623 1824 853 1879 existere
878 1830 1204 1897 potestatem
1233 1842 1399 1897 supra
1430 1824 1842 1880 monarchicam
1876 1823 1965 1880 cui

96 1936 290 1973 omnes
330 1920 550 1974 subesse
592 1937 653 1974 ac
683 1920 903 1974 obedire
935 1926 1210 1974 tenentur.
1248 1919 1421 1991 Igitur
1452 1920 1507 1973 2⁰
1543 1919 1588 1974 si
1622 1920 1963 1975 concedatur

92 2016 291 2089 Papam
335 2017 402 2071 in'
431 2016 684 2071 haeresim
724 2017 940 2090 lapsum
984 2034 1094 2072 non
1132 2016 1253 2072 ideo
1293 2017 1497 2091 Papatu
1548 2018 1820 2087 excidere,
1866 2017 1960 2075 sed

97 2114 272 2169 adhuc
298 2114 493 2188 Papam
519 2132 638 2170 esse
663 2133 725 2170 ac
749 2115 1003 2188 Papalem
1028 2114 1477 2186 jurisdictionem
1503 2116 1763 2184 retinere,
1798 2135 1962 2190 repu-

97 2217 227 2280 gnat
266 2228 391 2264 eum
426 2211 655 2265 concilio
691 2211 930 2281 generali
958 2211 1178 2282 subjici,
1207 2211 1273 2265 ab
1310 2228 1484 2282 eoque
1516 2211 1748 2283 judicari
1778 2232 1839 2268 ac
1870 2214 1963 2270 de-

96 2305 227 2379 poni
268 2324 445 2378 posse.
483 2306 714 2361 Aliunde
756 2307 808 2360 1⁰
853 2306 899 2360 si
944 2306 1158 2361 dicatur
1199 2308 1399 2381 Papam
1439 2308 1507 2363 ob
1549 2309 1803 2365 haeresim
1841 2329 1961 2367 esse

98 2402 215 2475 ipso
244 2405 384 2459 sacto
414 2404 743 2477 depositum,
769 2411 1037 2484 repugnat
1061 2405 1354 2460 concilium
1386 2423 1506 2461 esse
1539 2424 1706 2480 supra
1732 2407 1959 2482 Papam,

96 2515 222 2552 cuni
250 2498 533 2570 depositus
564 2516 594 2553 a
621 2499 823 2572 Papatu
844 2499 958 2571 jam
985 2499 1123 2572 Papa
1152 2518 1262 2555 non
1286 2500 1375 2556 sit.
1404 2500 1540 2573 Ergo
1565 2501 1621 2556 in
1651 2503 1805 2559 nullo
1834 2523 1964 2561 casu

95 2593 407 2664 contingere
435 2599 610 2667 potest
637 2599 698 2649 ut
735 2596 896 2669 Papa,
935 2595 1002 2650 ob
1044 2597 1315 2661 haeresim,
1351 2598 1525 2654 subsit
1557 2599 1773 2656 concilii
1802 2619 1963 2674 gene-

94 2689 228 2744 ralis
252 2690 645 2761 jurisdictioni.

173 2785 404 2857 objicies,
431 2818 500 2827 —
524 2787 872 2844 Admittenda
918 2795 1046 2844 sunt
1078 2790 1182 2845 tria
1210 2791 1322 2846 haec
1350 2811 1361 2843 :
1399 2793 1451 2848 1ο
1482 2793 1622 2867 Papa
1651 2812 1748 2867 per
1789 2795 1962 2851 haere·

99 2880 203 2935 sim
239 2899 345 2935 non
376 2889 456 2938 est
495 2884 613 2957 ipso
646 2886 782 2941 sacto
819 2885 1119 2959 depositus;
1166 2887 1220 2942 2⁰
1256 2888 1563 2944 censendus
1601 2897 1684 2945 est
1711 2891 1960 2947 Christus

101 2977 405 3052 providisse
431 2986 490 3034 ut
518 2980 654 3053 Papa
682 2983 965 3038 haereticus
988 2991 1170 3057 posset
1194 2985 1394 3058 deponi
1420 3004 1483 3041 ac
1505 2987 1723 3060 expelli3
1755 2989 1809 3043 5⁰
1834 3007 1961 3045 cen-

102 3075 303 3131 sendus
333 3080 413 3129 est
455 3075 698 3132 Christus
732 3079 974 3134 voluisse
1007 3098 1068 3134 ac
1102 3082 1359 3137 statuisse
1394 3090 1455 3138 ut
1490 3084 1627 3157 Papa
1667 3085 1958 3143 haereticus

100 3177 282 3244 posset
310 3171 508 3244 deponi
536 3190 632 3244 per
660 3173 878 3228 concilii
900 3175 1169 3245 generalis
1195 3178 1601 3235 auctoritatem.
1626 3180 1764 3253 Ergo
1786 3182 1955 3258 Papa,

103 3266 171 3320 ob
198 3267 472 3336 haeresim,
497 3268 712 3323 concilii
742 3270 1006 3340 generalis
1026 3271 1397 3342 jurisdictioni
1425 3275 1736 3349 subjicitur.

175 3362 476 3434 Respondeo
512 3385 527 3415 :
577 3365 630 3420 1⁰
678 3364 942 3420 Permissa
983 3368 1266 3441 hypothesi
1309 3371 1456 3443 quod
1506 3373 1646 3447 Papa
1689 3379 1953 3449 tanquam

103 3456 347 3529 privatus
387 3458 573 3513 doctor
614 3458 670 3512 in
711 3460 963 3515 haeresim
1001 3462 1111 3518 labi
1156 3466 1330 3538 possit
1379 3468 1566 3540 (quam
1607 3470 1951 3544 hypothesim

103 3554 264 3610 multi
317 3555 564 3613 doctores
616 3557 900 3631 rejiciunt,
955 3565 1007 3615 et
1052 3562 1388 3635 probabilius
1434 3566 1627 3626 falsam
1675 3568 1951 3627 existimat
