2306 4010
284 190 371 239 284
961 186 1261 234 TRACTATUS
1291 185 1358 232 DE
1387 185 1532 233 ΙἈΡΑ.

283 300 601 358 haereticam
628 296 760 353 dicti
793 295 982 352 Patres
999 299 1200 350 vocant
1235 293 1394 350 illam
1426 293 1669 369 primam
1699 293 2064 355 sirmiensem
2091 298 2203 358 for-

282 397 519 466 mulam,
540 393 769 449 relative
785 391 855 449 ad
874 391 1192 448 doctrinam
1220 391 1487 449 Arianam
1516 391 1609 448 cui
1626 393 1809 451 favere
1826 393 2205 455 'intendebant

279 494 516 568 hujusce
544 491 804 549 formulae
831 497 1110 549 auctores.
1160 492 1291 549 Erat
1318 491 1594 549 nimirum
1624 492 1858 569 perfidia
1891 499 1946 551 et
1971 495 2203 554 haeresis

278 590 462 665 quoad
481 589 766 646 intentum
794 608 1056 666 scopum,
1074 609 1190 648 non
1209 591 1268 647 in
1289 609 1368 648 se.
1389 590 1542 648 Unde
1568 591 1689 667 ipsc
1709 598 1942 650 sanctus
1959 592 2205 669 Hilarius

275 707 399 744 eam
415 688 749 746 catholicam
776 689 1029 766 agnoscit
1059 690 1119 747 in
1145 689 1290 748 libro
1324 691 1388 747 de
1416 691 1673 765 Synodis,
1702 697 1768 748 ut
1797 691 1917 767 jam
1944 697 2202 751 notatum

278 794 381 845 est.

352 889 643 946 Paorosrno
684 889 765 946 11³.
797 924 865 932 —
884 890 1116 949 Etiamsi
1140 892 1380 949 Liberius
1412 892 1565 966 Papa
1589 900 1831 948 sanctum
1855 890 2204 949 Athanasium

275 988 568 1064 deseruerit
589 997 639 1045 et
667 1008 814 1046 asua
840 993 1207 1048 commuuione
1229 993 1592 1066 separaverit,
1619 1009 1727 1047 uon
1753 993 1994 1064 sequitur
2027 994 2201 1067 ipsum

277 1107 486 1146 errasse
511 1091 670 1163 fidem
707 1091 1008 1164 definiendo
1040 1110 1106 1148 eae
1145 1091 1414 1148 cathedra.
1443 1125 1513 1134 --
1540 1092 1847 1149 Athanasio
1881 1092 1950 1148 ab
1982 1091 2203 1149 Arianis

278 1189 458 1246 multa
481 1189 917 1267 imputabantur
937 1190 1202 1264 crimina,
1222 1211 1347 1266 quae
1371 1191 1440 1248 ad
1462 1192 1780 1249 doctrinam
1802 1191 1931 1249 fidei
1951 1210 2063 1248 non
2082 1211 2207 1268 per-

274 1290 554 1348 tinebant.
589 1291 720 1365 Ejus
752 1291 1141 1349 defensionem
1178 1292 1226 1350 si
1258 1291 1571 1351 deseruerit
1601 1293 1880 1365 LiberiuS,
1909 1311 1968 1350 se
1999 1293 2202 1350 melius

273 1389 533 1447 edoctum
578 1391 770 1449 dicens
797 1392 855 1448 in
887 1392 1009 1450 suis
1034 1392 1242 1450 litteris
1282 1394 1432 1467 (quae
1457 1412 1574 1450 suae
1596 1411 1710 1450 non
1729 1394 1910 1468 sunt),
1942 1400 1996 1451 et
2034 1414 2063 1451 a
2100 1413 2200 1451 sua
2304 1459 2306 1462 ¹

266 1491 669 1549 communione
692 1492 1057 1568 separaverit,
1079 1492 1135 1548 id
1159 1498 1342 1549 totum
1363 1493 1608 1567 pertinet
1627 1491 1696 1548 ad
1722 1511 1844 1551 rem
1870 1492 2014 1549 meri
2043 1493 2200 1563 sacti,

267 1596 319 1646 et
348 1590 564 1647 nullam
606 1591 857 1649 continet
892 1597 1190 1650 erroneam
1235 1591 1363 1648 fidei
1393 1591 1802 1649 definitionem.
1854 1593 1915 1648 In
1963 1591 2202 1667 judiciis

270 1709 643 1765 personarum
687 1711 877 1750 errare
913 1710 1077 1769 posse
1102 1693 1422 1749 Romanum
1457 1691 1806 1762 Pontificem,
1842 1691 2199 1749 innocentem
2286 1723 2292 1729 v

273 1789 701 1848 condemnando
730 1799 783 1849 et
828 1800 1047 1850 sontem
1082 1793 1448 1863 absolvendO,
1478 1799 1642 1866 negat
1670 1791 1889 1848 nullus.
1925 1790 2199 1866 Equidem

275 1891 341 1957 si,
374 1909 505 1947 eum
539 1891 994 1963 condemnandO,
1026 1893 1201 1950 simul
1230 1891 1681 1968 pronuntiasset,
1725 1891 1817 1949 Dei
1849 1890 2054 1947 Filium
2086 1909 2199 1947 non

274 2007 396 2046 esse
422 1992 923 2048 consubstantialem
940 1992 1110 2064 Patri,
1132 1998 1185 2048 et
1214 1992 1283 2048 ob
1308 1991 1653 2047 contrariam
1680 1990 1971 2048 Athanasii
1992 1989 2200 2047 doctri-

275 2109 406 2146 nam
441 2108 572 2147 eum
601 2110 631 2147 a
673 2110 731 2147 se
770 2091 929 2166 rejici
969 2091 1336 2162 declarasset,
1366 2090 1765 2147 intervenisset
1802 2108 2040 2146 erronea
2069 2088 2200 2145 fidei

272 2189 546 2246 delinitio,
576 2191 642 2248 At
669 2191 812 2247 nihil
839 2192 952 2247 tale
991 2192 1277 2266 reperitur
1305 2191 1364 2246 in
1391 2190 1600 2247 litteris
1631 2189 1853 2246 Liberio
1885 2189 2199 2257 attributi&

272 2290 483 2365 quibus
521 2292 896 2349 Athanasium
928 2311 958 2349 a
987 2311 1089 2349 sua
1119 2291 1525 2348 communione
1569 2289 1803 2364 repulit.
1832 2289 1976 2362 Ergo
2008 2306 2070 2344 ex
2097 2290 2202 2344 hac

273 2387 474 2444 Liberii
503 2406 634 2463 erga
665 2395 926 2446 sanctum
951 2389 1321 2446 Athanasium
1359 2387 1558 2462 agendi
1592 2387 1807 2444 ratione
1838 2386 2082 2460 (etiamsi
2104 2386 2201 2459 tig-

271 2494 528 2544 mentum
558 2507 670 2544 non
698 2492 867 2562 esset)
915 2488 1103 2563 colligi
1132 2489 1276 2545 nihil
1312 2495 1497 2563 posset
1531 2493 1727 2544 contra
1754 2486 1993 2543 Romani
2013 2486 2202 2543 Ponti·
2288 2497 2289 2504 ’

270 2586 390 2642 ficis
420 2604 487 2643 ex
517 2589 777 2644 cathedra
809 2588 978 2645 fidem
1024 2587 1347 2645 definientis
1383 2587 1776 2643 inerrantiam.

347 2683 591 2756 Objieies.
618 2719 686 2726 —
705 2685 815 2741 Hac
840 2686 1041 2758 agendi
1060 2686 1280 2743 ratione
1310 2685 1478 2741 tidem
1508 2683 1839 2740 catholicam
1868 2684 2203 2759 profligabat
2285 2714 2289 2719 ’

269 2781 526 2839 Liberius
554 2807 562 2850 ;
599 2783 647 2839 si
680 2783 910 2856 quidem
942 2785 1108 2841 multi
1152 2785 1232 2842 sic
1280 2783 1699 2840 inducebantur
1730 2783 1798 2839 ad
1827 2782 2197 2840 deserendam

268 2882 556 2940 Athanasii
582 2883 748 2942 fidem
777 2884 1140 2958 catholicam,
1177 2891 1226 2942 et
1262 2883 1714 2960 amplectendam
1742 2884 2199 2942 adversariorum

274 2983 555 3040 haeresim.

348 3082 693 3157 Respomleo:
728 3085 852 3141 Esto
883 3084 1139 3142 Liberius
1167 3084 1247 3142 sic
1279 3084 1493 3159 agendo
1530 3084 1845 3160 peccaverit
1870 3090 1925 3141 et
1954 3083 2084 3139 fidei
2113 3101 2198 3139 ca·

272 3180 491 3238 tholicae
514 3181 923 3240 detrimentum
957 3183 1278 3257 ingesserit.
1308 3183 1580 3240 Remanet
1611 3182 1762 3259 quod
1795 3181 2012 3238 nullam
2046 3198 2196 3236 erro-

270 3297 433 3335 neam
463 3281 592 3338 fidei
626 3281 1014 3341 definitionem
1043 3283 1306 3340 ediderit.
1332 3284 1442 3340 Nec
1470 3282 1715 3339 dicimus
1744 3300 1808 3338 eo
1832 3299 2002 3338 sensu
2031 3279 2197 3336 colla-

274 3386 386 3435 tam
412 3381 680 3440 Romanis
706 3384 1070 3442 Pontificibus
1107 3383 1536 3442 infallibilitatis
1566 3381 2022 3459 praerogativam,
2047 3378 2192 3454 quod
2255 3390 2257 3393 ’

273 3476 416 3532 nihil
442 3498 606 3552 agere
634 3484 857 3542 valeant
889 3503 954 3541 ex
982 3504 1092 3560 quo
1126 3489 1280 3541 recta
1319 3482 1454 3540 fides
1483 3482 1886 3539 detrimentum
1911 3479 2188 3556 patiatur;
2223 3561 2226 3566 .

274 3572 370 3627 scd
409 3578 629 3633 tantum
675 3583 821 3655 quod
867 3583 924 3639 in
958 3581 1313 3640 decernenda
1342 3580 1453 3637 fide
1485 3597 1783 3654 nunquam
1827 3594 2017 3633 errare
2066 3591 2193 3650 pos-

273 3661 576 3722 sint.'Sane
606 3669 898 3731 Pontifices
924 3675 1018 3748 qui
1051 3672 1391 3750 periclitanti
1419 3670 1549 3728 fidei
1580 3667 1915 3745 opportunis
1943 3666 2188 3723 instruc-
