2262 3990
827 217 955 267 PARS
983 215 1181 267 TERTIA.
1861 215 1948 262 615

79 344 274 402 nempe
306 325 622 400 contingere
650 340 760 382 non
792 330 979 401 posset
1017 324 1136 382 sine
1169 321 1376 398 ingenti
1403 320 1584 396 quoad
1625 320 1947 378 universali-

79 431 245 482 tatem
275 424 518 482 fidelium
542 423 805 499 periculo.
831 423 1088 488 Quamvis
1111 422 1258 480 enim
1284 419 1678 494 unusquisque
1696 418 1944 478 fidelium

0 530 1 542 ³
78 523 218 580 scire
233 522 426 580 debeat
441 539 682 596 suprema
698 520 994 578 Ecclesiam
1013 518 1244 576 docendi
1267 525 1319 576 et
1333 517 1556 592 regendi
1576 522 1843 592 potestate
1860 517 1949 574 do·

78 627 269 677 natum
290 620 470 695 primo
489 619 718 676 seorsim
757 618 928 676 fuisse
946 619 1167 675 Petrum
1198 624 1251 679 et
1265 618 1574 674 Romanum
1604 615 1945 687 Pontificem,

77 726 195 775 tum
228 724 414 793 postea
445 718 669 774 Petrum
710 716 1025 774 simulcum
1053 708 1324 790 Apostolis
1366 715 1473 791 ipsi
1510 714 1704 781 unitis,
1734 733 1833 772 seu
1854 714 1951 771 Ro·

77 834 303 873 manum
321 815 636 873 Pontificem
656 813 822 871 simul
846 820 898 871 et
924 813 1222 888 Episcopos
1239 812 1346 888 ipsi
1366 813 1422 869 in
1443 812 1656 870 unitate
1676 814 1801 871 tidei
1820 831 1949 870 con-

75 915 379 972 sentientes
409 921 461 972 et
498 914 855 982 adhaerenteS,
900 929 1010 967 non
1046 916 1232 968 autem
1269 912 1556 986 Apostolos
1580 919 1631 969 et
1657 912 1950 988 Episcopos

73 1019 346 1086 quatenus
386 1030 415 1069 a
448 1011 603 1068 Petro
639 1017 691 1068 et
715 1009 959 1065 Romano
983 1005 1242 1066 Pontifice
1274 1008 1480 1065 divisos
1500 1015 1551 1066 et
1586 1009 1943 1077 dissidentes;

73 1126 134 1167 ac
151 1108 381 1183 proinde
425 1124 743 1182 supremam
766 1106 1170 1178 auctoritatem,
1201 1123 1387 1162 veram
1419 1105 1609 1179 fidem,
1650 1124 1947 1180 veramque

71 1205 268 1280 Christi
285 1204 582 1261 Ecclesiam
611 1202 925 1274 docentem,
943 1203 1087 1279 apud
1101 1203 1411 1260 Romanum
1424 1203 1740 1261 Pontificem
1764 1210 1817 1260 et
1838 1204 1946 1278 ipsi

69 1303 252 1359 unitos
270 1302 564 1377 Episcopos
581 1320 721 1373 esse,
738 1320 850 1358 non
866 1308 1052 1359 autem
1073 1301 1218 1376 apud
1237 1302 1587 1373 dissidentes,
1603 1302 1826 1359 etiamsi
1846 1320 1943 1359 nu·

73 1417 221 1455 mero
248 1399 436 1474 plures
467 1398 676 1465 sorent;
715 1405 959 1455 attamen
988 1399 1282 1455 dissidium
1304 1397 1454 1455 istud
1479 1398 1707 1473 majoris
1726 1400 1945 1456 numeri

74 1496 465 1572 Episcoporum
502 1496 560 1552 in
590 1496 824 1554 concilio
866 1497 1258 1568 adunatorum,
1292 1503 1481 1571 aptum
1507 1515 1570 1554 ex
1606 1503 1808 1554 natura
1843 1516 1944 1554 sua

72 1594 210 1649 soret
230 1593 296 1648 ad
324 1593 691 1650 seducendam
731 1594 1074 1669 simplicium
1102 1595 1349 1652 fidelium
1385 1595 1841 1663 multitudinem,
1871 1598 1939 1653 ob

72 1689 319 1746 innatam
339 1691 547 1748 scilicet
562 1694 987 1767 propensionem
1014 1693 1080 1749 ad
1100 1693 1457 1749 deserendum
1486 1693 1712 1766 majoris
1731 1695 1951 1751 numeri

64 1786 297 1859 judicio.
331 1786 465 1843 Hinc
486 1788 839 1861 provisurum
875 1789 1151 1846 Christum
1177 1807 1246 1846 ne
1271 1790 1327 1845 id
1359 1808 1607 1864 unquam
1634 1791 1943 1863 contingat,

68 1885 265 1941 merito
301 1886 581 1944 inclusum
607 1888 792 1944 haberi
808 1894 999 1967 potest
1030 1890 1084 1945 in
1119 1890 1238 1963 ejus
1269 1889 1659 1964 promissione,
1688 1892 1755 1947 Et
1777 1900 1945 1964 portae

66 1983 219 2055 inseri
257 2001 361 2039 non
380 1985 802 2057 praevalebunt...
827 1986 936 2059 qu
976 1987 1230 2042 vobiscum
1254 2005 1368 2042 sum
1398 2006 1559 2061 usque
1599 1989 1668 2044 ad
1707 2007 1943 2045 consum-

65 2082 338 2136 mationem
359 2082 557 2138 saeculi.
597 2080 714 2138 Non
745 2087 931 2139 autem
976 2083 1117 2139 mihi
1152 2086 1524 2159 peremptoria
1570 2085 1791 2143 videtur
1839 2087 1945 2143 alia

66 2176 204 2232 ratio
240 2194 361 2249 quae
398 2176 572 2232 menti
614 2194 903 2234 occurrere
931 2184 1141 2252 posset,
1185 2197 1386 2253 nempe
1417 2202 1427 2235 ε
1456 2180 1755 2238 Ecclesiam
1785 2200 1814 2237 a
1847 2183 1943 2238 Pa-

0 2299 2 2323 1
67 2271 243 2328 trihus
269 2272 542 2344 generalis
569 2273 789 2328 concilii
817 2275 1225 2349 repraesentari;
1268 2292 1508 2349 cumque
1545 2276 1855 2333 infallibilis
1871 2278 1942 2334 sit

67 2369 122 2424 in
157 2367 284 2436 fide,
329 2374 517 2443 utpote
557 2369 796 2426 columna
830 2379 878 2426 et
905 2373 1287 2443 firmamentum
1322 2376 1576 2442 vernalia,
1627 2381 1940 2449 competere

66 2483 187 2521 eam
211 2466 664 2523 infallibilitatem
693 2468 887 2542 majori
920 2469 1113 2526 saltem
1146 2470 1368 2527 Patrum
1394 2489 1645 2530 numerO.
1670 2472 1804 2528 Nam
1824 2490 1941 2528 res·

68 2562 297 2637 ponderi
335 2569 534 2637 potest,
578 2566 962 2639 repraesentari
1011 2567 1237 2640 quidem
1279 2569 1577 2625 Ecclesiam
1616 2587 1716 2644 per
1752 2569 1938 2626 Patres

0 2678 2 2699 1
70 2659 287 2716 concilii
334 2667 606 2734 quatenus
644 2668 696 2719 et
727 2664 997 2736 quamdiu
1037 2672 1326 2723 remanent
1361 2666 1418 2722 in
1457 2667 1716 2739 Ecclesia,
1751 2686 1935 2724 veram

70 2755 232 2811 tidem
254 2764 524 2831 tenenteS‚
554 2760 608 2816 id
638 2766 738 2829 est,
765 2762 1023 2820 Romanae
1051 2763 1204 2822 Sedis
1237 2764 1365 2822 fidei
1389 2766 1760 2834 adhaerentes3
1802 2773 1853 2823 at
1893 2768 1938 2822 si

72 2849 139 2903 ab
168 2867 229 2905 ea
267 2851 370 2907 fide
404 2855 581 2928 major
612 2875 879 2915 numerus
909 2859 1146 2930 deficiat,
1169 2861 1290 2934 'jam
1323 2880 1435 2918 non
1459 2880 1555 2936 per
1582 2862 1717 2919 istos
1743 2863 1803 2918 in
1831 2864 1937 2918 hae-

71 2943 238 2999 resim
263 2945 445 3020 lapsos
484 2950 780 3009 Ecclesiam
820 2957 1228 3030 repraesentari,
1265 2958 1359 3013 sed
1400 2976 1498 3032 per
1522 2959 1721 3032 Papam
1750 2965 1799 3014 et
1840 2977 1938 3015 cae-

75 3046 219 3096 teros
244 3041 349 3115 ipsi
376 3044 716 3104 adhaerentes
746 3059 799 3106 et
825 3051 883 3106 in
915 3052 1020 3108 fide
1060 3055 1483 3124 consentienteS‚
1527 3055 1777 3128 quamvis
1803 3073 1938 3129 pau-

74 3138 247 3194 ciores
289 3156 521 3198 numero
548 3147 963 3206 remansissent.
998 3150 1147 3207 Unde
1170 3153 1310 3210 ratio
1338 3171 1402 3210 ex
1427 3152 1570 3209 dicta
1595 3162 1937 3227 repraesenta-

75 3238 210 3291 tione
250 3254 361 3292 non
406 3240 621 3312 probat.
676 3241 782 3298 Nec
817 3243 953 3300 dixit
999 3253 1222 3304 sanctus
1269 3247 1618 3321 Ambrosius,
1649 3252 1734 3305 ubi
1771 3253 1938 3325 major

72 3333 290 3389 Parrum
336 3335 536 3391 concilii
576 3356 842 3410 numerus,
890 3343 955 3398 ibi
1009 3344 1274 3411 Ecclesi03
1319 3349 1436 3417 sed,
1479 3349 1564 3403 ubi
1613 3349 1822 3420 Petrus,
1868 3351 1935 3405 ibi

0 3447 8 3478 ι
74 3429 323 3487 Ecclesia.
378 3432 547 3501 Unde,
602 3438 748 3508 quod
801 3455 928 3495 vera
963 3441 1163 3498 Christi
1218 3444 1455 3500 Ecclesia
1506 3445 1737 3517 docenS,
1770 3453 1823 3504 et
1849 3466 1937 3504 su-

0 3539 10 3573 2
74 3544 323 3600 premam
377 3533 757 3590 auctoritatem
807 3537 1036 3607 habens,
1073 3540 1143 3596 sit
1189 3540 1245 3596 in
1290 3540 1533 3598 Romano
1579 3543 1843 3601 Pontitice
1884 3552 1936 3601 et

0 3628 9 3659 ³
73 3621 353 3701 Episcopis
396 3628 499 3703 ipsi
535 3630 962 3707 adhaerentibus,
1007 3636 1108 3694 hoc
1164 3638 1562 3709 certissimum;
1612 3641 1759 3714 quod
1810 3658 1935 3698 vero
