2306 4010
787 190 920 238 Pius
950 190 1195 239 SECUNDA.
1619 204 1627 212 ·
1807 169 1812 175 ’
1852 193 1939 241 237

55 307 108 360 et
148 301 464 371 necessario
503 301 883 377 praesupponit
924 308 978 358 et
1030 300 1257 358 involvit
1297 299 1674 357 definitionem
1718 298 1884 355 istam
1922 322 1933 352 :

52 398 360 471 Competens
402 417 517 455 sum
554 400 724 471 quoad
765 416 876 455 rem
921 398 1214 471 definitam,
1266 405 1317 454 et
1363 399 1492 454 Ιιαηο
1542 390 1937 471 competentiam

47 513 217 552 meam
255 496 564 552 credendam
599 496 862 569 praecipio.
902 494 1071 550 Porro
1109 493 1256 567 quod
1277 495 1441 569 Papa,
1481 511 1547 551 ex
1586 493 1939 551 institutione

49 593 277 662 Christi,
319 595 574 648 situecne
606 593 769 666 judex
802 598 1096 664 competens
1131 592 1303 664 quoad
1342 591 1501 648 talem
1530 594 1831 661 materiam,
1856 597 1939 648 est

51 688 183 762 quid
224 688 293 744 ad
328 688 526 761 dogma
562 687 871 761 pertinenS‚
906 691 970 741 ut
991 692 1162 759 patet.
1200 687 1361 760 ErgO,
1403 687 1677 762 quidquid
1710 687 1935 744 definiat

50 783 213 858 Papa,
247 783 350 840 hoc
394 784 514 858 ipso
561 783 734 839 simul
771 789 825 839 et
863 782 1175 839 necessario
1218 782 1410 839 definit
1440 784 1660 858 dogma.
1710 785 1848 859 Ergo
1891 786 1938 842 si

51 888 259 938 erraret
286 882 343 936 in
366 881 552 954 aliqua
577 881 921 950 definitione,
947 886 1155 938 erraret
1177 881 1320 937 circa
1344 881 1564 954 dogma.
1588 884 1729 956 Ergo
1755 889 1937 940 stante

45 978 223 1052 ipsius
254 978 647 1035 infallibilitate
684 979 829 1035 circa
861 978 1080 1053 dogma,
1129 979 1474 1053 impossibile
1509 986 1590 1036 est
1622 963 1807 1053 ipsum
1852 1000 1936 1039 er-

46 1092 172 1132 rare
202 1075 259 1131 in
285 1075 470 1149 aliqua
497 1075 843 1134 definitione.
869 1077 1007 1150 Ergo
1038 1076 1385 1150 impossibile
1415 1083 1496 1132 est
1531 1077 1717 1151 ipsum
1749 1096 1936 1135 errare

48 1189 111 1228 ex
163 1172 380 1228 defectu
425 1173 828 1247 competentiae.
901 1174 1039 1246 Ergo
1085 1173 1280 1246 nequit
1321 1191 1571 1246 unquam
1611 1174 1936 1247 contingere

49 1274 110 1326 ut
136 1270 361 1327 excedat
403 1271 829 1344 competentiam
880 1288 1062 1326 suam.
1103 1271 1241 1343 Ergo
1285 1271 1534 1327 Romano
1580 1271 1830 1328 Pontifici
1871 1289 1933 1328 ex

0 1375 1 1378 ’
54 1367 301 1447 cathedra
346 1367 633 1424 definienti
663 1386 957 1442 nunquam
995 1368 1246 1441 legitime
1273 1369 1533 1442 denegari
1572 1376 1753 1444 potest
1782 1370 1936 1426 obsc-
1978 1424 1981 1429 ,

62 1462 244 1534 quium
270 1466 372 1521 sub
406 1471 674 1539 praetextu
706 1466 1174 1541 incompetentiae.

132 1557 261 1616 Hinc
297 1562 503 1619 absone
542 1562 667 1636 quis
700 1563 1031 1636 obsequium
1076 1563 1374 1620 Pontiticiae
1421 1563 1735 1620 definitioni
1773 1565 1937 1621 denc-

60 1660 231 1726 garet,
263 1658 361 1714 sub
404 1665 673 1733 praetextu
718 1661 864 1731 quod
914 1660 1220 1735 propositio
1266 1660 1491 1717 delinita
1534 1678 1644 1716 non
1687 1662 1758 1716 sit
1805 1680 1935 1735 pars

59 1750 323 1824 dogmatis
364 1773 462 1812 seu
502 1757 876 1829 revelationis,
919 1759 1015 1814 sed
1051 1755 1657 1833 objectum'proprium
1697 1758 1936 1832 alicujus

55 1847 294 1906 scientiae
333 1854 622 1925 naturaliS‚
658 1856 807 1912 verbi
842 1857 1040 1930 gratia,
1078 1857 1466 1931 philosophiae,
1499 1858 1774 1932 pliysiceS‚
1818 1877 1935 1914 ma-

51 1941 287 2014 theseos,
321 1947 586 2023 historiae‚
635 1958 742 2007 etc.
788 1953 947 2022 Nam,
980 1971 1046 2008 ex
1077 1953 1260 2024 dictis,
1293 1953 1614 2026 contingere
1638 1954 1834 2028 nequit
1874 1962 1935 2012 ut

48 2037 187 2114 Papa
217 2035 491 2103 definiens*
510 2066 574 2103 ox
601 2048 862 2105 cathedra
889 2049 1316 2124 competentiam
1346 2069 1505 2107 suam
1537 2051 1783 2108 excedat.
1826 2053 1932 2126 Igi-

48 2140 140 2191 tur
171 2141 317 2211 quod
352 2142 614 2213 definivit,
646 2146 890 2203 definivit
931 2152 1330 2221 competentem
1374 2166 1503 2222 ergo
1539 2150 1927 2207 infallibiliter.

47 2228 319 2288 Nimirum
353 2254 416 2291 ex
455 2239 595 2294 sacto
622 2243 961 2298 definitionis
988 2243 1367 2299 concludenda
1399 2251 1452 2299 et
1486 2246 1761 2302 credenda
1799 2248 1932 2303 defi-

52 2326 256 2383 nientis
289 2335 675 2405 competentia.

124 2423 352 2497 objicies,
387 2461 456 2468 —
493 2429 827 2503 Sequeretur
866 2434 1196 2492 credendam
1241 2437 1619 2495 definitionem
1659 2441 1827 2496 etiam
1873 2442 1929 2497 in

46 2539 176 2578 casu
218 2538 326 2596 quo
350 2526 488 2601 Papa
519 2531 940 2604 competentiam
984 2552 1144 2590 suam
1184 2553 1371 2593 revera
1398 2538 1703 2596 excederet.
1731 2573 1804 2580 —
1828 2540 1929 2596 Ne-

47 2626 207 2691 gatur
237 2639 417 2680 casus,
