2306 4010
830 195 957 243 PAns
987 194 1225 243 SECUNDA.
1789 160 1791 163 ’
1886 190 1972 238 251
2037 162 2041 166 ’

78 295 302 355 scilicet
340 313 452 352 non
492 297 680 354 existit
731 302 1078 371 monarchia,
1128 299 1225 358 sed
1258 297 1344 356 vel
1385 296 1747 367 democratia,
1789 297 1879 354 vel
1906 297 1976 355 ad

93 412 379 454 summum
407 393 771 458 aristocratia.
802 395 969 452 Porro
1004 398 1132 455 talis
1166 399 1308 455 soret
1345 395 1601 452 Ecclesiae
1629 395 1972 465 constitutio,

95 494 221 551 data
259 491 491 548 Romani
538 490 819 549 Pontificis
871 492 1230 552 fallibilitate.
1279 495 1418 551 Nam
1471 493 1681 550 erranti
1728 493 1978 550 Romano

91 589 360 659 Pontifici,
394 596 448 646 et
474 607 718 646 erroneae
740 589 1057 646 definitioni·
1075 609 1190 647 suae
1216 591 1543 667 obsequium
1572 590 1977 666 praescribenti,

76 694 80 697 ’
87 688 214 761 jure
236 694 462 762 possent
495 687 768 762 Episcopi,
795 687 908 743 imo
940 694 994 744 et
1019 688 1287 744 deberent
1309 690 1594 745 resistere.
1622 691 1849 746 Posscnt
1875 689 1981 745 sci-

89 786 214 842 licet
250 804 313 842 ac
338 786 602 842 deberent
620 785 952 860 opportunis
975 786 1174 842 mediis
1208 770 1417 842 et'totis
1446 787 1658 844 viribus
1686 787 1979 862 impedire,

90 902 160 942 ne
183 885 415 940 Romani
433 884 710 940 Pontificis
731 885 971 958 jussioni
988 885 1251 940 dioeceses
1279 901 1398 940 sese
1416 884 1815 941 submitterent
1836 910 1847 952 3
1870 886 1982 941 imo

48 968 50 971 ¹
98 983 143 1038 si
172 982 333 1038 aliter
364 1000 392 1036 a
422 982 645 1056 populis
669 982 842 1038 arceri
869 1001 979 1038 non
1004 983 1212 1038 valeret
1245 981 1622 1056 perversionis
1643 983 1982 1055 periculum,

92 1078 220 1151 jure
246 1083 471 1153 possent
498 1095 561 1134 ac
594 1078 857 1134 deberent
885 1077 1233 1134 coactionem
1268 1082 1460 1134 contra
1503 1077 1816 1132 Romanum
1838 1079 1978 1133 Pon-

79 1173 301 1229 tificem
329 1172 612 1243 adhibere,
642 1191 704 1229 ac
725 1190 854 1228 eum
883 1172 1090 1229 carceri
1130 1172 1371 1245 tradere,
1422 1172 1702 1247 postulato
1735 1174 1803 1227 ad
1832 1174 1909 1241 id,
1940 1173 1986 1228 si

75 1288 237 1343 opus
264 1270 426 1339 foret,
458 1270 671 1325 brachii
697 1270 985 1326 saecularis
1020 1269 1249 1326 auxilio.
1278 1270 1452 1343 Igitur
1474 1270 1716 1325 admissa
1747 1269 1982 1340 Romani

94 1366 374 1423 Pontificis
403 1367 760 1438 fallibilitate,
789 1368 1045 1441 neganda
1067 1386 1298 1442 prorsus
1322 1368 1472 1424 venit
1499 1368 1860 1423 monarchica
1892 1368 1984 1422 Ec-

83 1462 272 1518 ·-clesiae
293 1462 493 1530 forma,
529 1482 652 1535 quae
671 1470 855 1527 tamen
885 1470 1036 1519 certa
1059 1471 1140 1519 est
1160 1469 1210 1519 et
1240 1463 1307 1518 de
1327 1463 1453 1519 fide.

173 1559 266 1614 Ῥω
296 1561 661 1617 Conssscmmmu
710 1582 912 1618 FALSUM.
945 1595 1019 1602 —
1043 1562 1380 1635 Sequeretur
1420 1561 1665 1633 legitime
1718 1561 1989 1636 appellari

113 1673 263 1730 posse
294 1677 323 1714 a
351 1660 666 1717 definitione
712 1661 946 1717 Romani
984 1660 1266 1716 Pontificis
1296 1660 1363 1716 ad
1398 1661 1652 1715 futurum
1687 1659 1987 1714 concilium

109 1754 372 1826 generale,
397 1759 479 1813 vel
504 1757 573 1813 ad
593 1758 893 1814 Ecclesiam
921 1759 1230 1833 dispersam
1250 1775 1349 1814 seu
1375 1757 1444 1811 ad
1470 1757 1871 1830 Episcoporum
1899 1756 1989 1812 hic

106 1856 162 1906 et
188 1869 333 1909 nunc
361 1855 709 1912 existentium
737 1875 1100 1923 consensum3
1133 1874 1254 1930 quae
1289 1854 1584 1930 appellatio
1622 1873 1854 1929 prorsus
1880 1855 1989 1910 illi-

102 1947 213 2003 cita
244 1957 321 2005 est
353 1969 413 2008 ac
449 1955 815 2028 reprobanda,
852 1962 1015 2030 prout
1073 1955 1226 2010 illam
1258 1955 1365 2029 ipsi
1397 1954 1566 2009 etiam
1616 1953 1883 2009 Gallicani
1926 1954 1987 2026 (ii

102 2061 298 2121 nempe
325 2050 421 2120 qui
448 2070 620 2126 usque
649 2054 715 2109 ad
738 2054 1150 2110 Jansenismum
1173 2052 1768 2127 non'progrediuntur)
1799 2070 1988 2125 repro-

100 2141 231 2198 bant
258 2152 310 2200 et
333 2165 429 2218 pro
455 2148 713 2206 damnata
745 2152 968 2207 hahent.
996 2152 1150 2216 Quod
1183 2169 1370 2208 revera
1404 2158 1670 2224 sequatur
1714 2151 1984 2223 ejusmodi

98 2242 486 2322 ‚appellationis
541 2249 888 2318 legitimitaS,
940 2255 1090 2320 patet
1125 2270 1134 2300 ε
1187 2250 1465 2320 appellare
1504 2250 1783 2320 siquidem
1837 2249 1986 2318 licet,

103 2351 429 2408 semperque
452 2340 659 2410 licebit,
695 2344 761 2397 ab
792 2344 1120 2399 auctoritate
1151 2344 1369 2398 sallibili
1406 2352 1459 2400 et
1486 2346 1738 2400 inferiori
1763 2346 1831 2399 ad
1863 2363 1989 2400 auc-

102 2433 382 2489 toritatem
414 2437 755 2510 superiorem
784 2446 835 2494 et
863 2439 1237 2495 infallibilem.
1268 2442 1434 2497 Porro
1465 2442 1521 2496 in
1549 2442 1828 2497 Gallicano
1874 2461 1989 2516 sys-

101 2534 324 2599 temate,
354 2531 596 2587 sallibilis
630 2534 992 2605 praetenditur
1034 2534 1315 2591 Romanus
1342 2536 1622 2605 Pontifex;
1674 2538 1987 2594 infallibilis

99 2643 248 2694 vere,
274 2634 323 2682 et
356 2629 458 2684 hoc
488 2629 604 2702 ipso
634 2630 927 2686 Pontificiae
958 2635 1278 2689 auctoritati
1308 2636 1586 2709 superior,
1615 2636 1860 2710 synodus
1895 2655 1986 2709 ge-

105 2724 308 2779 neralis
337 2742 546 2782 necnon
573 2728 971 2803 Episcoporum
1002 2730 1385 2803 dispersorum
1430 2752 1758 2790 consensus.
1808 2735 1985 2808 Igitur

100 2817 150 2872 si
173 2838 360 2875 verum
392 2822 530 2879 foret
558 2824 706 2880 istud
728 2834 988 2900 systema,
1022 2827 1222 2885 invicte
1260 2838 1588 2903 sequeretur
1615 2833 1774 2889 dictae
1803 2833 1984 2908 appel-

107 2910 328 2971 lationis
356 2918 694 2989 legitimitas.
724 2922 960 2980 Aliunde
987 2929 1176 2980 tamen
1207 2932 1357 2982 certo
1392 2946 1560 3000 prava
1587 2935 1671 2983 est
1702 2948 1764 2984 ac
1806 2929 1983 2999 illegi-

106 3009 260 3066 tima.
288 3013 421 3070 Nam
447 3020 736 3092 appellatio
762 3023 830 3077 acl
855 3024 1087 3094 futurum
1114 3028 1406 3096 concilium,
1435 3027 1644 3099 pluries
1664 3046 1692 3081 a
1718 3026 1983 3082 Romanis

106 3107 461 3168 Pontificibus
494 3115 747 3172 damnata
777 3118 902 3188 fuit,
955 3128 1008 3176 et
1042 3123 1351 3194 praesertim
1393 3141 1493 3197 per
1522 3123 1979 3179 constitutionem

109 3203 437 3276 Uniyenitus‚·
458 3210 546 3265 cui
572 3213 866 3288 multiplici
890 3217 1233 3275 damnationi
1251 3220 1587 3292 jamdudum
1610 3220 1842 3275 accessit
1857 3221 1983 3277 uni-

106 3303 337 3359 versalis
363 3304 613 3362 Ecclesiae
636 3326 962 3378 eonsensus;
994 3315 1070 3370 ita
1102 3323 1185 3380 ut,
1212 3334 1277 3371 ex
1311 3316 1602 3389 principiis
1623 3316 1791 3372 etiam
1813 3318 1979 3375 Galli-

102 3401 227 3456 cani
252 3405 587 3475 systematiS,
615 3424 715 3479 pro
740 3407 1028 3480 illegitima
1060 3429 1289 3484 prorsus
1312 3431 1372 3469 ac
1400 3415 1702 3472 damnabili
1729 3417 1979 3474 habenda

105 3495 178 3552 sit
202 3500 493 3572 appellatio
517 3501 584 3557 ad
627 3502 879 3560 futurum
908 3506 1229 3563 concilium.
1265 3509 1326 3566 Et
1363 3509 1428 3567 de
1464 3512 1605 3570 facto
1634 3532 1733 3589 pro
1772 3514 1977 3588 injuria

105 3593 369 3655 ducerent
400 3600 687 3672 Gallicani,
743 3602 787 3659 si
836 3621 929 3661 eos
958 3622 1284 3665 vocaremus
1323 3611 1646 3684 appellantes
1662 3634 1680 3679 ‚·
1733 3632 1980 3687 quone-
