2306 4010
894 220 1021 268 PARS
1052 219 1294 268 SECUNDA.
1973 220 2026 266 91

148 325 503 398 vincialibuS,
553 327 656 384 toti
702 327 956 386 Societati
996 329 1173 403 magis
1208 320 1557 404 placituram.
1606 325 1820 382 Omissa
1879 326 2028 383 enim

148 423 335 480 vicarii
367 423 656 496 electione,
683 443 805 498 quae
837 427 956 483 sine
983 425 1221 501 strepitu
1260 425 1376 482 tieri
1399 442 1510 480 non
1536 424 1740 500 potuit,
1771 424 1840 480 ad
1868 424 2029 480 Sum-

150 541 302 578 mum
327 523 646 579 Pontificem
671 530 733 580 ut
754 534 965 599 patrem
994 541 1351 581 communem
1377 524 1747 593 recurrimus,
1777 530 1830 580 et
1852 529 2033 580 trans-

150 622 319 678 misso
350 622 416 677 ad
437 622 612 678 illum
648 622 890 697 supplici
922 620 1110 677 libello
1154 623 1472 679 humillime
1505 622 1817 696 petimus...
1849 645 1876 676 »

222 721 279 775 In
305 720 645 791 defensione,
684 737 806 793 quae
830 719 1110 793 Praepositi
1138 720 1412 792 generalis
1459 728 1511 777 et
1542 722 1716 778 totius
1754 722 2032 778 societatis

148 817 388 888 nomine,
414 822 475 872 ut
506 833 625 872 sese
650 821 841 871 contra
866 813 1110 870 Jesuitas
1128 814 1315 869 Galliae
1343 822 1659 885 tuerentur,
1689 823 1906 873 exarata
1924 823 2026 886 est,

146 918 522 980 recensentur,
559 909 903 985 paragrapho
929 910 1020 975 14,
1045 894 1174 983 ‘quae
1203 927 1232 964 a
1267 908 1511 965 Summis
1539 911 1901 970 Pontificibus
1929 921 1980 971 et
2001 932 2030 970 a

148 1010 414 1066 Societate
430 1010 547 1084 ipsa
567 1009 784 1064 decreta
805 1014 958 1076 sunt,
977 1008 1268 1064 occasione
1287 1007 1662 1080 quorumdam
1687 1009 2030 1066 Jesuitarum

146 1108 439 1182 Hispaniae,
485 1107 579 1179 qui
626 1125 725 1181 per
766 1106 1037 1162 vicarium
1069 1105 1383 1179 generalem
1411 1107 1714 1179 gubernari
1755 1108 1811 1162 in
1851 1108 2039 1183 Hispa-

148 1207 286 1262 nicis
316 1206 640 1279 regionibus
674 1205 1002 1261 Societatem
1055 1205 1305 1262 obtinere
1339 1205 1623 1278 quondam
1659 1211 2033 1281 tentaverunt,

148 1306 353 1378 quique
397 1313 662 1379 tanquam
694 1307 1105 1379 perturbatores
1158 1306 1373 1379 expulsi
1414 1312 1565 1362 sunt.
1600 1289 1850 1371 Quorum
1883 1325 2038 1364 occa-

148 1404 299 1460 sione
331 1406 407 1460 ita
433 1406 498 1460 de
522 1403 747 1460 Jesuitis
779 1403 965 1459 Galliae
993 1403 1353 1476 subjungitur
1380 1426 1389 1458 :

229 1523 254 1552 «
289 1501 398 1555 lloc
442 1501 573 1555 dum
607 1518 704 1572 ago
748 1499 1093 1573 praefandum
1137 1499 1277 1553 mihi
1309 1506 1413 1569 est,
1468 1518 1557 1555 me
1607 1500 1794 1556 Galliae
1832 1507 2037 1575 patreS,

153 1615 356 1651 novum
381 1597 766 1669 magistratum
796 1602 1045 1670 petentes
1082 1595 1182 1650 hoc
1210 1604 1480 1671 tempore,
1515 1616 1871 1671 nequaquam
1898 1599 2038 1654 velle

152 1693 377 1748 collatos
411 1711 538 1748 cum
567 1693 896 1749 indubitatis
922 1693 1207 1748 Societatis
1238 1694 1726 1767 perturbatoribus
1750 1712 1888 1749 nova
1922 1713 2039 1749 mo-

152 1790 266 1844 litis
297 1790 575 1861 quondam
605 1790 662 1852 in
701 1789 982 1864 Hispania.
1016 1790 1228 1862 Novum
1265 1791 1659 1863 magistratum
1712 1791 1932 1861 studeO,
1977 1799 2040 1848 ut

114 1865 117 1869 ⁸
151 1890 414 1950 meretur,
446 1884 698 1940 odiosum
736 1885 1158 1941 facerezPatres
1203 1874 1329 1941 illo's
1375 1887 1548 1962 habeo
1598 1905 1697 1961 pro
1732 1887 1870 1942 viris
1916 1906 2040 1962 per-

148 1998 314 2052 quam
340 1981 635 2052 religiosis,
676 1999 813 2053 quos
839 1981 1203 2037 interdictum
1228 1983 1468 2055 regium,
1493 2002 1670 2055 eoque
1696 1986 2028 2058 perturbata

148 2079 369 2134 illarum
406 2079 814 2153 provinciarum
850 2079 1180 2152 gubernatio
1206 2080 1491 2152 induxere,
1527 2087 1590 2137 ut
1638 2083 2036 2155 magistratum

148 2177 309 2233 illum
336 2179 776 2251 specularentur,
820 2184 870 2233 et
904 2179 1024 2250 ejus
1066 2197 1288 2251 quaque
1323 2180 1528 2252 specie,
1566 2188 1630 2236 ut
1670 2201 1700 2237 a
1739 2183 2038 2256 Praeposito

153 2274 395 2345 generali
428 2275 809 2347 dependentiS,
838 2275 1040 2344 delusi,
1068 2275 1223 2347 pium
1249 2275 1635 2331 existimarent
1662 2278 1918 2332 eumdem
1945 2297 2041 2352 pe-

157 2375 296 2437 tere,
325 2369 391 2423 ad
424 2369 728 2424 remedium
755 2370 1118 2442 praesentium
1147 2370 1444 2424 malorum.
1471 2371 1727 2425 Attamen
1752 2372 1860 2445 ipsi
1887 2373 2038 2428 vide-

154 2466 264 2521 rint
296 2466 424 2538 quid
470 2467 608 2521 seris
648 2445 991 2539 temporibus
1035 2466 1329 2521 Societatis
1372 2467 1603 2522 historia
1646 2468 1713 2524 de
1757 2469 1844 2524 his
1870 2471 2039 2526 rebus

152 2564 285 2638 ipsis
316 2564 531 2643 dictura
567 2565 658 2634 sit,
690 2564 1012 2638 posterique
1046 2565 1268 2620 sensuri
1303 2586 1329 2617 »
1365 2564 1612 2636 (ibidem,
1650 2567 1850 2639 pagina
1878 2568 2033 2641 180).

221 2661 357 2717 Dum
400 2662 476 2717 ibi
511 2661 783 2734 generalis
814 2662 1149 2735 Praepositus
1193 2662 1439 2718 Jesuitas
1474 2663 1660 2718 Galliae
1710 2664 1844 2720 dicit
1889 2666 2037 2722 viros

141 2779 238 2833 per
276 2779 429 2832 quam
467 2762 758 2831 religi-0303,
800 2759 926 2832 pius
981 2767 1136 2833 pater
1182 2759 1327 2816 filios
1367 2760 1723 2834 aliquatenus
1763 2781 2033 2820 excusare
2062 2768 2074 2778 “

142 2862 394 2913 conatur.
421 2855 608 2919 Quoad
639 2846 1163 2928 novi'magistratus
1192 2855 1542 2928 petitionem,
1574 2858 1641 2913 de
1668 2877 1778 2930 qua
1810 2860 1925 2914 sola
1953 2860 2033 2915 ibi

141 2951 342 3022 agitur,
371 2952 719 3024 aliquatenus
756 2951 1010 3007 excusari
1037 2958 1292 3025 poterant
1318 2971 1382 3007 ex
1421 2953 1567 3008 bona
1595 2954 1701 3009 fide
1728 2979 1738 3021 3
1769 2973 1833 3010 eo
1851 2956 2019 3026 quod,

143 3047 325 3120 specie
355 3048 590 3122 decepti,
619 3053 877 3121 putarent
900 3066 1000 3122 per
1033 3049 1304 3121 ejusmodi
1336 3050 1696 3121 magistratus
1720 3051 2029 3107 institutio-

144 3164 270 3201 nem
291 3164 398 3200 non
413 3147 668 3220 abrumpi
687 3147 912 3202 omnino
937 3147 1364 3221 dependentiam
1390 3166 1418 3202 a
1439 3149 1687 3220 generali
1711 3149 2031 3222 Praeposito.

140 3247 205 3298 At
231 3242 375 3316 quod
402 3243 464 3297 de
485 3245 605 3314 jure
631 3248 883 3299 communi
912 3245 1201 3319 potuerint
1230 3245 1417 3300 Galliae
1442 3251 1627 3319 patres
1652 3246 1799 3299 hunc
1830 3247 2034 3318 magis-

140 3347 348 3397 tratum
371 3339 707 3395 constituere
738 3359 801 3396 ac
830 3341 936 3416 ipsi
963 3341 1414 3415 jurisdictionem
1447 3341 1713 3411 tribuere,
1739 3348 1907 3416 prout
1932 3362 2025 3400 su—

144 3514 268 3562 trius,
297 3514 514 3554 horrorem
537 3514 756 3553 incussura
780 3512 863 3552 sint
885 3513 999 3554 omni
1018 3512 1089 3563 qui
1114 3512 1318 3563 aspexerit
1343 3511 1500 3552 homini
1520 3513 1740 3563 societatis,
1758 3514 1945 3556 instituti
1962 3518 2029 3558 sui

144 3583 275 3634 perito
295 3588 337 3623 et
363 3582 518 3622 amanti
551 3593 560 3621 :
589 3587 635 3620 ut
660 3580 814 3620 mirum
849 3580 899 3620 sit
927 3585 1085 3631 patrem
1109 3580 1371 3620 assistentem
1400 3591 1546 3620 eorum
1578 3582 1640 3621 vel
1671 3583 1786 3623 tenui
1819 3584 2029 3626 mentione

145 3661 365 3702 aspergere
388 3648 568 3689 voluisse
591 3647 800 3700 epistolam
825 3646 875 3687 ad
899 3645 1172 3698 provinciales
1197 3645 1422 3687 Societatis.
1438 3659 1459 3686 i>
1487 3645 1674 3699 (ibidem,
1692 3650 1840 3701 pagina
1864 3649 1972 3701 125.)
