2262 3990
384 985 464 1037 DE
506 983 1044 1037 ARClllEPISCOPO
1086 983 1474 1036 PARISIENSI
1516 984 1598 1037 DE
1641 984 1911 1054 HAJRLAY

753 1143 1037 1179 commotum
1075 1143 1189 1177 ANNI
1225 1140 1316 1178 1682
1351 1144 1554 1179 PRAESIDE

249 1625 580 1686 Episcoporum
600 1624 756 1671 Gallia}
780 1626 856 1686 qui
884 1626 969 1672 sub
996 1626 1217 1673 Ludovico
1235 1625 1326 1672 XIV
1353 1627 1623 1684 floruerunt,
1643 1642 1694 1675 ac
1712 1642 1873 1676 eorum
1889 1629 2112 1690 imprimis

190 1703 266 1762 qui
293 1703 339 1748 in
364 1703 529 1748 celebri
555 1709 782 1750 conventu
807 1704 914 1749 anni
941 1704 1059 1751 1682
1097 1710 1296 1764 quatuor
1337 1705 1554 1752 articulos
1581 1707 1839 1763 ediderunt,
1858 1708 1969 1754 adeo
1992 1709 2116 1757 inva-

192 1779 275 1825 luit
299 1779 418 1839 apud
435 1785 663 1826 nostrates
697 1780 958 1834 auctoritas,
989 1786 1039 1827 ut
1069 1795 1162 1827 non
1184 1787 1362 1827 tantum
1383 1781 1531 1835 laicis,
1555 1783 1633 1828 sed
1660 1788 1703 1829 et
1723 1783 1811 1843 ipsi
1837 1785 1973 1830 etiam
1997 1785 2115 1832 clero

192 1857 438 1916 dclyrantis
462 1857 609 1903 instar
633 1857 857 1912 videatur,
890 1857 968 1918 qui
1009 1859 1172 1905 asserit
1199 1858 1425 1918 ejusmodi
1454 1859 1679 1919 praesules
1704 1862 1952 1908 enormiter
1971 1862 2118 1912 devios

195 1946 247 1979 ac
270 1934 639 1993 praevaricatores
665 1934 884 1980 extitisse.
913 1934 1135 1994 Perpetuo
1162 1936 1332 1982 scilicet
1358 1936 1599 1996 juniorum
1621 1937 1808 1989 auribus
1833 1938 2118 1999 obstrepente

194 2010 407 2067 formula,
435 2011 476 2056 le
499 2010 650 2070 yrand
676 2011 908 2071 episcopal
935 2011 995 2056 du
1023 2012 1174 2071 yram!
1194 2012 1345 2067 siecle,
1368 2013 1414 2058 la
1445 2014 1620 2059 celebre
1637 2014 1883 2060 assemble'e
1898 2014 1953 2061 de
1979 2015 2114 2071 1682,

192 2090 250 2134 ou
279 2088 319 2133 le
343 2085 491 2147 qrcmd
517 2086 708 2131 Bossuet
731 2086 917 2146 re'diyea
947 2087 1009 2133 les
1036 2089 1064 2133 4
1091 2089 1298 2142 articles,
1340 2088 1427 2135 alte
1462 2089 1627 2135 animis
1652 2090 1790 2136 infixa
1837 2096 1882 2137 et
1920 2092 2118 2139 radicata

193 2166 279 2211 suit
301 2164 403 2223 plus
430 2176 570 2222 quam
596 2162 664 2207 bis
692 2162 930 2209 saecularis
955 2178 1061 2222 erga
1085 2165 1298 2223 praefatos
1323 2165 1548 2224 praesules
1570 2167 1764 2212 fanatica
1796 2170 2007 2228 quaedam
2039 2169 2119 2214 ad-

191 2242 395 2295 mirati03
425 2254 511 2301 qua
538 2254 631 2286 non
649 2244 829 2286 tantum
857 2241 1082 2293 doctrina,
1110 2241 1189 2287 sed
1217 2243 1354 2287 etiam
1381 2243 1641 2301 integritate
1666 2258 1718 2290 ac
1757 2246 1991 2292 sanctitate
2008 2260 2118 2293 con-

191 2320 356 2380 spicui,
386 2319 555 2378 absque
582 2317 649 2362 vel
697 2317 888 2364 minima
915 2318 960 2364 in
989 2319 1273 2364 contrarium
1320 2320 1595 2379 suspicione,
1631 2327 1967 2381 supponuntur.
1994 2322 2114 2376 Quod

190 2397 377 2457 quidem
398 2396 565 2441 falsum
585 2396 974 2456 praesuppositum
1001 2395 1089 2441 nisi
1115 2397 1303 2442 tandem
1329 2397 1601 2452 eradicetur,
1620 2413 1705 2444 nec
1730 2400 1918 2446 omnino
1941 2404 2115 2446 corruet

191 2475 467 2533 gallicanum
492 2479 706 2533 systema,
733 2473 1057 2534 peremptoriis
1094 2473 1198 2519 licet
1241 2473 1523 2533 argumentis
1547 2483 1913 2536 conquassatum.
1962 2477 2116 2523 Pareat

192 2562 301 2607 ergo
328 2549 485 2594 lector.
512 2549 651 2606 Cogor
674 2549 828 2594 fodere
851 2549 1106 2607 parietem;
1137 2554 1181 2594 et
1208 2548 1314 2608 quia
1336 2549 1505 2594 dictam
1522 2563 1737 2596 vesanam
1757 2551 2011 2598 multorum
2035 2551 2113 2598 ad-

193 2626 485 2671 mirationem
502 2625 634 2671 aliter
661 2639 820 2671 sanare
847 2639 940 2671 non
963 2638 1168 2684 possum,
1190 2626 1397 2684 ipsorum
1417 2626 1603 2672 naribus
1625 2641 1702 2673 eas
1725 2627 1973 2675 admovebo
1990 2629 2114 2688 igno-

193 2703 349 2748 miniae
371 2703 506 2755 seces,
531 2702 695 2762 quibus
722 2717 829 2761 erga
850 2702 1052 2762 perditos
1072 2716 1153 2748 con
1163 2707 1323 2748 ventus
1355 2702 1462 2748 anni
1485 2702 1604 2748 1682
1626 2703 1745 2750 viros
1763 2710 1908 2751 cesset
1928 2705 2110 2751 demum
2179 2711 2181 2713 ’

194 2778 451 2834 admiratio,
494 2778 681 2837 incipiat
722 2779 901 2824 horror.
947 2778 995 2822 Id
1020 2783 1172 2823 tamen
1198 2777 1424 2837 praestabo
1451 2777 1685 2823 dumtaxat
1715 2778 1861 2837 quoad
1897 2777 2114 2823 illustrem
2170 2783 2171 2786 ’

194 2855 301 2902 dicti
322 2860 571 2901 conventus
590 2856 853 2914 praesulem.
884 2854 942 2900 De
977 2854 1156 2902 caeteris
1178 2855 1225 2900 in
1250 2855 1602 2914 praesentiarum
1622 2855 1781 2900 silebo.
1805 2853 1971 2901 Forsan
1995 2853 2112 2901 enim

194 2933 248 2978 ad
275 2933 502 2978 intentum
537 2946 727 2992 scopum
755 2932 1001 2988 sufficient,
1029 2947 1132 2992 quaa
1158 2932 1213 2978 de
1239 2931 1402 2978 eorum
1425 2931 1695 2992 diqnissimo
1716 2931 1783 2993 (ut
1802 2945 1911 2978 eum
1934 2921 2113 2992 ipsimet

195 3008 430 3069 vocarunt)
453 3009 651 3069 praeside
677 3008 968 3068 subjecturus
996 3021 1118 3054 sum.

254 3088 381 3133 Anno
403 3087 521 3132 1625
546 3092 707 3132 natum
729 3086 910 3133 Parisiis
931 3086 988 3132 de
1010 3085 1170 3145 Harlay
1194 3084 1252 3130 de
1275 3083 1616 3144 Champvallon‚
1643 3098 1751 3131 cum
1776 3090 1954 3131 sextum
1966 3097 2098 3144 supra

192 3164 462 3224 vigesimum
488 3178 663 3209 annum
682 3164 755 3209 vix
775 3168 947 3222 ageret,
974 3163 1021 3208 id
1042 3167 1128 3216 est,
1151 3176 1271 3208 anno
1297 3160 1434 3216 1651,
1463 3162 1511 3207 in
1529 3162 1912 3233 Rothomagensis
1935 3159 2107 3208 archie-
2163 3190 2166 3210 2
2236 3182 2241 3225 j

190 3241 362 3300 piscopi
383 3239 699 3299 coadjutorem
719 3239 931 3300 deputari
955 3239 1218 3300 procuravit
1257 3238 1521 3284 Mazarinus.
1549 3238 1674 3291 Quod
1694 3235 1921 3298 impedire
1944 3235 2103 3298 nequi·
2239 3244 2241 3303 ᾗ

189 3319 250 3364 vit
273 3323 458 3364 sanctus
483 3316 749 3363 Vincentius
772 3332 797 3363 a
821 3318 973 3372 Paulo,
1002 3317 1088 3364 etsi
1117 3318 1258 3363 Annae
1282 3316 1530 3363 Austriacae
1551 3331 1575 3363 a
1599 3316 1892 3363 conscientiae
1907 3311 2104 3362 consiliis
2140 3305 2160 3377 ἶ
2176 3306 2194 3358 ᾗ
2247 3328 2250 3343 ›

191 3400 327 3449 esset,
360 3395 466 3455 quia
486 3399 616 3449 tunc,
642 3395 860 3441 curandae
877 3394 1152 3441 valetudinis
1169 3408 1322 3448 causa,
1350 3394 1519 3440 aberat.
1547 3393 1844 3453 Aptissimum
1866 3391 2105 3438 Mazarinus

188 3469 410 3528 juvenem
435 3477 698 3531 agnoverat,
730 3472 810 3533 qui
836 3473 952 3518 aulae
977 3472 1116 3530 regiae
1142 3485 1276 3530 sagax
1310 3484 1442 3531 aeque
1478 3485 1530 3516 ac
1557 3470 1721 3516 servile
1745 3470 2103 3516 instrumentum

196 3552 366 3603 ageret.
395 3547 712 3603 Postmodum,
740 3550 921 3595 favente
953 3547 1168 3594 ministro
1193 3546 1389 3601 Colbert,
1418 3562 1443 3593 a
1466 3546 1689 3593 Ludovico
1709 3545 1794 3591 XlV
1818 3543 2005 3606 plurimi
2023 3544 2105 3588 ha·
2180 3566 2184 3585 .·

195 3619 319 3666 bitus
344 3621 401 3666 de
422 3621 600 3683 Harlay,
629 3638 748 3672 anno
775 3623 894 3672 1670
929 3625 984 3672 ad
1010 3614 1170 3671 sellem
1199 3623 1504 3671 Parisiensem
1537 3622 1800 3669 nominatus
1829 3625 1913 3671 est,
1944 3624 1989 3666 et
2010 3630 2112 3665 om-
