2262 3990
592 145 741 194 INDEX
769 146 925 195 Jux'rA
952 148 1285 198 MATERIARUM
1316 149 1560 198 mimum.

250 247 387 302 Prop..
412 249 586 293 V11·.—
603 251 783 307 collegio
805 253 1120 308 Episcoporum,
1144 264 1354 310 quatenus
1373 258 1550 301 seorsim
1565 270 1588 302 a
1604 258 1711 312 Papa
1731 262 1895 314 specta-

299 320 451 368 torum,
490 320 686 372 competit
719 321 764 363 in
798 321 940 376 aliquo
965 334 1093 366 sensu
1129 322 1407 368 infallibilitas
1427 337 1437 366 ε
1458 323 1652 368 videlicet
1670 337 1720 369 eo
1751 338 1890 379 sensu,

287 384 412 436 ,quod
442 386 690 440 contingere
714 399 797 430 non
819 390 963 443 possit,
988 396 1038 433 ut
1061 391 1151 434 sere
1183 403 1328 436 omnes
1351 404 1375 436 a
1399 392 1483 436 fide
1513 392 1630 436 Sedis
1660 394 1894 448 apostolicae

301 451 541 514 dissideant,
559 466 635 498 seu
653 459 702 498 ut
723 468 812 499 non
829 463 1072 502 remaneant
1085 459 1208 502 multi
1224 460 1410 502 Romano
1431 459 1618 503 Pontifici
1637 460 1897 503 adherentes

301 523 344 560 et
365 519 408 561 in
423 521 505 564 fide
525 524 827 569 consentientes
832 557 1885 573 .....................

250 585 376 640 Prop.
409 586 531 631 71112.
555 612 607 620 —
634 590 881 646 contingere
914 594 1061 647 nequit
1091 601 1138 637 ut
1169 594 1358 648 Episcopi
1399 593 1626 648 pontificiae
1663 593 1898 637 definitioni

300 653 561 700 adhaerentes
587 658 631 700 in
658 657 850 701 haeresim
877 672 1123 704 erroremve
1152 662 1305 704 cadant
1310 690 1889 707 ............

250 721 378 775 Prop.
408 723 498 766 IX·.
524 747 576 755 —
596 724 864 768 concluditur
881 728 1003 780 Papae
1029 733 1266 782 competere
1291 727 1582 771 auctoritatem
1606 740 1733 782 supra
1758 728 1900 771 conci-

303 787 649 844 lium-sine-Papa
671 792 716 834 in
739 793 916 836 materia
936 794 1034 837 fidei
1043 823 1891 839 .................

201 855 288 898 Car.
309 856 360 898 11.
379 880 431 889 -
449 859 678 904 Auctoritas
697 862 814 915 Papae
841 874 969 915 supra
995 861 1488 916 concilium-sine-Papa‚
1508 862 1552 905 in
1570 862 1748 906 materia
1777 862 1902 906 disci-

251 923 1889 977 plmae‘

202 990 291 1034 Cir.
317 993 390 1035 111.
413 1017 463 1025 -
484 996 719 1040 Auctoritas
738 997 858 1050 Papae
882 1010 1008 1051 supra
1038 996 1531 1051 concilium-sine-Papa,
1563 997 1700 1050 quoad
1724 997 1900 1051 Judicia.

251 1061 379 1116 Prop.
402 1061 452 1105 1·.
472 1085 524 1094 —
540 1064 650 1117 Papa
670 1076 754 1107 non
771 1069 903 1118 potest
927 1065 1125 1118 judicari,
1152 1076 1200 1106 ac
1220 1063 1399 1117 proinde
1427 1075 1503 1107 nec
1526 1064 1694 1118 deponi,
1725 1075 1802 1107 nec
1827 1075 1905 1118 pu-

302 1130 384 1172 niri
407 1142 430 1172 a
457 1132 874 1186 concilio-sine-Papa
883 1159 1893 1177 ....................

252 1198 475 1251 Prop.11·.
494 1193 555 1230 -’
567 1201 706 1244 Potest
729 1203 839 1255 Papa
879 1200 1107 1254 cujuslibet
1141 1198 1309 1243 concilii
1336 1199 1497 1254 judicia
1527 1200 1719 1252 judicare
1751 1211 1799 1241 ac
1823 1211 1907 1242 res-

304 1263 479 1306 cindere
484 1292 1893 1310 ............................

252 1332 378 1384 Prop.
405 1332 679 1385 III·.—Ergo
695 1333 815 1385 Papae
834 1332 1061 1375 auctoritas
1084 1337 1149 1374 est
1165 1331 1357 1385 superior
1381 1330 1556 1373 concilio
1573 1331 1709 1383 quoad
1729 1330 1901 1384 Judicia.

149 1398 312 1440 SECTIO
341 1398 405 1440 lv.
430 1422 482 1429 —
500 1399 610 1452 Papa
635 1412 719 1442 non
744 1400 888 1442 subest
912 1400 1087 1442 concilio
1108 1400 1152 1440 in
1175 1399 1338 1440 casibus
1376 1397 1731 1447 extraordinariis,
1759 1397 1803 1438 id
1826 1403 1902 1448 est,

201 1478 299 1508 casu
322 1478 407 1519 quo
430 1466 484 1509 sit
507 1469 785 1518 scandalosus,
803 1467 1042 1518 haereticus,
1065 1467 1130 1508 vel
1154 1466 1280 1507 dubie
1296 1464 1511 1517 legitimus
1519 1492 1892 1507 ........

200 1533 287 1575 Cu».
301 1533 518 1580 I.—Quod
527 1533 712 1576 Christus
722 1536 873 1586 Papam
889 1533 1066 1577 concilio
1082 1532 1309 1586 subjecerit
1325 1530 1665 1584 exceptionaliter
1675 1530 1721 1573 in
1739 1531 1906 1574 casibus

252 1603 604 1652 extraordinariis,
618 1615 703 1645 non
718 1603 975 1654 sufficienter
998 1602 1216 1655 probatur,
1243 1606 1285 1642 et
1307 1601 1384 1642 hoc
1407 1601 1496 1653 ipso
1522 1599 1801 1652 rejiciendum
1821 1606 1900 1642 est.

203 1671 288 1711 Cn.
314 1671 365 1713 11.
390 1695 443 1702 —
464 1672 519 1713 De
532 1683 633 1714 casu
651 1673 770 1725 Papae
791 1672 929 1725 pravis
946 1671 1138 1713 moribus
1162 1668 1294 1711 noxii.
1308 1692 1359 1699 —
1381 1668 1548 1711 Falsum
1567 1674 1631 1710 est
1649 1669 1694 1710 in
1708 1669 1786 1711 hoc
1806 1681 1903 1711 casu

252 1739 408 1793 Papam
439 1740 615 1783 concilio
637 1739 790 1793 subjici
799 1764 1890 1783 ......................

254 1810 381 1862 Prop.
419 1810 470 1851 1².
487 1810 569 1851 —J
576 1810 795 1852 urisdictio
822 1809 986 1852 concilii
1010 1809 1054 1850 in
1075 1809 1249 1862 Papam,
1274 1807 1325 1847 ob
1361 1817 1507 1859 pravos
1530 1804 1621 1857 ejus
1643 1817 1799 1855 mores,
1839 1811 1899 1847 est

306 1878 574 1930 impossibilis
581 1901 1893 1920 ..........................

252 1947 380 2000 Prop.
406 1947 478 1988 11·.
497 1968 549 1976 -
568 1946 734 1988 Etiamsi
751 1946 986 2000 jurisdictio
1011 1945 1178 1987 concilii
1198 1945 1240 1984 in
1261 1944 1414 1995 Papam
1427 1952 1511 1982 non
1538 1941 1651 1982 foret
1669 1941 1903 1993 impossibi-

303 2015 370 2064 lis,
383 2014 519 2056 adhuc
535 2014 640 2055 falsa
657 2019 699 2055 et
712 2013 942 2065 rejicienda
953 2013 1064 2054 foret
1079 2010 1223 2064 opinio
1240 2020 1333 2061 quae
1352 2012 1470 2049 tenet
1481 2007 1687 2059 ejusmodi
1702 2006 1904 2058 jurisdic-

306 2086 463 2127 tionem
488 2096 511 2125 a
536 2082 696 2124 Christo
724 2086 923 2123 statutam
957 2079 1087 2121 fuisse
1116 2090 1191 2130 pro
1216 2076 1404 2118 remedio
1432 2075 1479 2115 in
1504 2087 1601 2116 casu
1623 2076 1741 2127 Papae
1768 2076 1906 2127 pravis

306 2152 495 2192 moribus
519 2150 631 2190 noxii
637 2168 1894 2190 .........................

255 2218 382 2270 Prop.
406 2218 494 2257 ΙΙΙ·.
515 2239 566 2246 -
590 2216 754 2256 Falsum
780 2219 856 2265 est,
876 2214 920 2254 in
943 2224 1040 2254 casu
1061 2212 1179 2263 Papae
1204 2209 1395 2250 moribus
1421 2207 1547 2258 noxii,
1571 2207 1904 2261 jurisdictionem

308 2284 472 2325 concilii
502 2284 544 2324 in
572 2285 723 2335 Papam
745 2295 834 2324 esse
857 2280 1090 2323 remedium
1118 2277 1416 2323 necessarium,
1444 2275 1502 2316 ita
1530 2280 1579 2315 ut
1611 2276 1773 2316 nullum
1791 2272 1903 2318 aliud

308 2351 541 2393 remedium
562 2351 774 2393 sufficiens
799 2355 839 2391 et
868 2347 1119 2390 comeniens
1139 2344 1319 2398 reperiri
1349 2343 1787 2396 possit..

258 2419 383 2473 Prop.
416 2421 435 2461 1
443 2420 500 2461 V
522 2443 573 2450 —
590 2421 740 2471 Papam
760 2430 844 2460 non
860 2430 932 2470 pos
937 2429 980 2458 se
1000 2416 1051 2456 ob
1080 2425 1230 2466 pravos
1256 2423 1352 2452 suos
1380 2422 1518 2451 mores
1538 2421 1560 2449 a
1586 2409 1758 2449 concilio
1783 2409 1902 2461 judi-

309 2488 395 2528 cari
420 2499 468 2529 ac
493 2486 659 2539 deponi,
684 2492 745 2527 est
765 2483 999 2527 eommunis
1021 2481 1318 2524 catholicorum
1341 2479 1557 2518 doct01u1n
1574 2477 1846 2517 sententia..
1887 2508 1897 2518 .

206 2556 293 2597 Cn.
318 2556 388 2596 lli.
411 2578 459 2585 —
479 2555 535 2595 De
556 2566 654 2595 casu
670 2554 788 2606 Papae
807 2550 1009 2594 haeretici.
1028 2572 1080 2580 —
1096 2549 1238 2601 Neque
1257 2546 1309 2587 ob
1334 2546 1446 2586 hunc
1464 2556 1608 2586 casum
1637 2545 1743 2596 Papa
1760 2545 1903 2586 conci-

257 2623 311 2663 lio
339 2621 565 2674 subjicitur
576 2643 1893 2665 ..........................

258 2692 283 2742 S
306 2691 344 2731 1.
370 2713 420 2720 —
451 2689 725 2742 Exponuntur
748 2689 877 2731 variae
911 2685 1134 2730 sententiae
1161 2694 1309 2725 eorum
1342 2682 1561 2722 doctorum
1589 2678 1902 2730 catholicorum,

311 2758 383 2810 qui
421 2759 676 2800 concordant
713 2758 756 2799 in
795 2755 1041 2808 deneganda
1074 2752 1251 2795 concilio
1278 2748 1462 2802 qualibet
1493 2747 1740 2789 auctoritate
1777 2759 1904 2799 supra

309 2827 459 2879 Papam
484 2826 534 2867 ob
553 2838 696 2867 casum
730 2826 935 2867 haereseos
946 2845 1898 2864 ..................

314 2894 457 2936 Prima
481 2895 702 2938 sententia.
733 2917 785 2924 —
809 2894 908 2940 Quae
937 2894 1066 2943 negat
1089 2889 1178 2930 dari
1202 2899 1317 2940 posse
1344 2896 1488 2926 casum
1514 2885 1635 2936 Papae
1659 2882 1866 2923 haere'tici.
1896 2912 1906 2922 .

311 2962 501 3004 Secunda
530 2962 751 3004 sentencia.
786 2984 839 2992 -
864 2961 976 3007 Quae,
1011 2967 1250 3011 supponens
1284 2954 1434 3006 Papam
1466 2962 1585 3004 posse
1615 2950 1708 2991 fieri
1735 2949 1910 2991 haereti-

363 3042 472 3079 cum,
511 3035 625 3071 tenet
647 3041 745 3071 eum
765 3040 839 3081 per
860 3026 1059 3068 haeresim
1083 3025 1172 3077 ipso
1196 3024 1303 3063 facto
1324 3020 1471 3073 deponi
1484 3048 1900 3063 .........

315 3096 450 3137 Tertia
471 3097 691 3139 sentencia.
717 3120 762 3127 —
782 3097 930 3148 Papam
958 3093 1206 3134 haereticum
1224 3091 1434 3142 deponere
1463 3091 1595 3138 potest
1614 3090 1658 3125 et
1686 3085 1809 3125 debet
1830 3096 1909 3136 ge-

361 3164 515 3206 neralis
537 3165 741 3217 synodus;
766 3175 851 3205 non
873 3161 1044 3214 quidem
1065 3157 1395 3212 iurisdietionem
1433 3155 1476 3194 in
1507 3154 1626 3194 illum
1663 3151 1905 3200 exercendo,

365 3232 480 3284 quod>
495 3232 692 3284 possibile
714 3244 796 3273 non
822 3235 897 3279 est,
929 3240 1027 3270 cum
1049 3229 1156 3278 Papa
1179 3226 1232 3266 sit
1253 3223 1428 3265 concilio
1451 3220 1663 3273 superior3
1693 3219 1767 3260 sed
1807 3219 1908 3260 sim-

363 3299 525 3351 pliciter
553 3299 799 3341 declarando
825 3310 922 3339 eum
950 3307 1042 3336 esse
1061 3293 1331 3339 hacreticu1n;
1353 3302 1436 3343 qua
1465 3289 1591 3341 posita
1611 3287 1907 3335 declaratione,

365 3368 473 3419 Papa
497 3366 636 3408 statim
659 3378 683 3407 a
708 3364 870 3407 Christo
893 3363 982 3415 ipso
1001 3360 1224 3413 deponitur
1234 3385 1898 3400 ..............

315 3434 472 3484 Quarta
495 3433 717 3474 sententia.
745 3455 798 3463 —
817 3430 1026 3472 Generalis
1059 3427 1242 3481 synodus
1280 3426 1398 3466 nullo
1425 3423 1548 3465 modo
1578 3423 1744 3463 efficere
1775 3429 1909 3475 potest

307 3515 310 3518 ⁴
366 3506 414 3542 ut
431 3502 539 3552 Papa
554 3500 775 3543 hacreticus
796 3498 848 3552 (si
874 3498 970 3540 talis
995 3497 1086 3538 dari
1110 3506 1295 3547 unquam
1319 3491 1460 3547 possit)
1485 3489 1699 3532 Pontificia
1713 3489 1910 3541 jurisdic-

367 3568 482 3609 tione
503 3567 694 3620 privetur
702 3585 1904 3611 ........................

398 3671 445 3704 11.
1741 3646 1799 3694 46

1946 525 2026 570 014

1950 660 2031 703 616

1951 793 2032 836 618

1950 929 2032 972 620

1956 995 2034 1037 625

1955 1131 2035 1173 623

1954 1262 2034 1304 632

1957 1329 2035 1372 634

1953 1463 2032 1505 635

1956 1601 2035 1641 659

1949 1736 2001 1778 64
2009 1736 2034 1778 0

1955 1873 2031 1915 641

1956 2143 2036 2184 646

1882 2376 1893 2387 .
1956 2346 2033 2387 648

1957 2478 2032 2519 652

1956 2614 2032 2654 655

1956 2813 2037 2854 654

1958 2883 2034 2923 654

1959 3016 2038 3057 659

1958 3356 2038 3396 662

1962 3557 2040 3598 665
