2262 3990
836 197 960 247 PARS
994 197 1216 246 SECUNDA
1226 233 1236 245 .
1895 198 1983 248 579

101 287 211 362 {fisi
246 321 310 360 cx
345 319 530 359 crassa
576 301 911 375 ignorantia,
946 301 1031 358 vel
1065 317 1132 358 ex
1170 298 1381 358 malitia
1422 316 1642 357 summa
1673 305 1853 358 textus
1884 300 1983 359 ille

97 399 298 458 adduci
339 399 536 475 potuit.
585 400 783 457 Textus
823 400 1037 472 integer
1094 397 1175 455 sic
1214 397 1378 455 habet
1411 421 1424 451 ε
1452 397 1570 467 ‚Qui
1615 397 1910 471 baptizatur
1950 416 1983 454 a

97 505 301 553 mortuo
338 503 387 552 et
415 500 599 554 iterum
636 498 808 570 tangit
835 514 974 567 eum,
999 495 1124 568 quid
1150 496 1359 568 proficit
1395 494 1586 551 lavatio
1608 495 1751 567 ejus?
1779 493 1983 567 (Eccle-

96 592 342 664 siastico,
375 611 498 668 cap.
527 612 698 663 xxxiv,
729 611 780 649 v.
820 591 934 662 50).
971 592 1035 647 Et
1073 608 1273 648 sensus
1309 595 1426 648 est:
1471 590 1704 655 Quando
1751 591 1880 664 quis
1919 609 1984 649 ex

93 695 349 747 contactu
378 689 583 746 mortui
627 693 966 746 contractam
1015 686 1430 743 immunditiam
1473 687 1702 762 deponit
1741 706 1863 745 sese
1902 687 1982 744 la—

91 786 289 858 vando,
313 787 359 843 si
385 792 691 843 revertatur
715 783 782 841 ad
809 783 1096 840 cadaveris
1121 790 1467 855 contactum,
1495 786 1697 842 lavatio
1723 787 1864 842 nihil
1894 786 1979 842 illi

86 882 332 956 prodest,
363 882 492 955 quia
520 879 942 936 immunditiam
977 879 1181 934 iterum
1217 880 1517 935 contrahit.
1557 881 1684 948 Quae
1719 886 1980 939 sententia

87 979 182 1053 (ait
209 979 426 1052 Rigault
451 979 508 1032 in
539 995 640 1033 sua
666 975 1118 1053 Cyprianicorum
1152 993 1383 1050 operum
1418 977 1679 1057 editione)
1708 982 1839 1036 nihil
1866 999 1977 1036 om-

83 1077 205 1128 nino
250 1075 380 1146 facit
419 1073 487 1127 acl
528 1080 750 1127 mentem
790 1070 1059 1144 Cypriani.
1121 1071 1343 1127 Certum
1398 1077 1480 1127 est
1530 1073 1867 1146 Cyprianurn
1914 1077 1972 1131 in

78 1167 379 1242 Scripturis
406 1169 580 1224 sacris
609 1167 1050 1223 versatissimum
1076 1167 1268 1224 fuisse.
1303 1168 1419 1222 Non
1445 1185 1575 1240 ergo
1602 1170 1845 1243 supponi
1875 1190 1972 1245 po-

77 1269 183 1322 test
213 1271 364 1320 tanta
394 1265 707 1337 ignorantia
744 1265 1043 1331 laborasse,
1076 1271 1136 1320 ut
1164 1265 1432 1321 'nescierit
1474 1271 1797 1321 truncatum
1826 1283 1970 1338 esse,

77 1367 239 1437 prout
280 1362 505 1431 citatur,
550 1363 701 1417 hunc
738 1368 975 1430 textum,
1025 1368 1078 1417 et
1119 1380 1230 1418 non
1271 1363 1614 1436 perspexerit
1656 1363 1962 1435 genuinum

76 1457 333 1513 eumdem
360 1463 573 1515 textum
615 1458 954 1532 perridicule
996 1460 1051 1513 in
1083 1460 1257 1515 thesis
1290 1460 1357 1514 de
1389 1460 1818 1534 rebaptizatione
1844 1480 1969 1536 pro-

75 1552 348 1610 bationem
387 1555 631 1628 allegari.
660 1555 896 1612 Aliunde
933 1575 1044 1612 non
1081 1557 1271 1612 minus
1308 1563 1520 1613 certum
1568 1563 1647 1613 est
1675 1558 1846 1614 fuisse
1874 1560 1967 1636 Cy-

75 1650 351 1728 prianum‚
382 1671 495 1709 non
527 1655 850 1710 mendacem
877 1673 940 1710 ac
975 1655 1400 1710 fraudulentum
1432 1656 1638 1728 virum,
1677 1658 1773 1711 sed
1805 1675 1962 1713 sanc-

76 1753 216 1822 tum,
244 1756 295 1807 et
327 1754 413 1826 (ut
440 1752 514 1807 ait
541 1759 770 1808 sanctus
798 1754 1161 1826 Augustinus
1189 1755 1539 1810 ccmdidissimi
1571 1757 1813 1826 pectori&
1842 1755 1960 1810 Non

73 1861 201 1918 ergo
242 1850 477 1923 supponi
518 1856 696 1923 potest
730 1851 1113 1906 fraudulenter
1154 1852 1222 1906 ab
1257 1869 1318 1906 co
1350 1856 1670 1907 truncatum
1719 1856 1957 1922 textum,

72 1958 235 2015 quem
281 1946 463 2014 sciret,
519 1946 628 2002 nisi
679 1952 1054 2017 truncaretur,
1104 1947 1171 2001 ad
1222 1948 1587 2019 quaestionem
1635 1948 1958 2005 nullatenus

73 2040 364 2112 pertinere.

147 2135 379 2207 objicies,
407 2171 474 2179 -—-
503 2139 684 2194 Potuit
720 2140 1026 2213 Cyprianus
1065 2158 1175 2194 non
1207 2142 1516 2211 attendere,
1559 2143 1792 2197 citatum
1835 2162 1864 2198 a
1897 2163 1955 2200 sc

72 2237 280 2284 textum
323 2251 432 2286 non
466 2252 583 2289 esse
616 2236 915 2305 integrum,
951 2237 996 2289 si
1029 2236 1254 2306 quidem
1293 2245 1516 2292 sanetus
1548 2239 1714 2293 etiam
1739 2243 1954 2313 Augus-

73 2324 225 2380 tinus
251 2326 316 2380 ad
345 2329 443 2382 boc
476 2347 586 2383 non
621 2331 874 2386 attendit.
917 2331 1052 2385 Nam
1089 2349 1214 2385 cuin
1247 2333 1538 2388 Donatistze
1574 2336 1723 2390 hunc
1765 2336 1951 2409 ipsum

73 2426 283 2478 textum
314 2423 391 2479 sic
427 2431 743 2481 truncatum
778 2427 1099 2501 objicerent,
1126 2446 1235 2482 non
1271 2447 1363 2484 eos
1401 2431 1701 2487 confutavit
1729 2438 1952 2490 trunca-

73 2518 275 2574 tionem
303 2522 642 2578 ostendendo
678 2531 725 2579 et
769 2524 1073 2596 genuinum
1116 2543 1344 2580 sensum
1383 2528 1701 2601 aperiendo,
1737 2531 1829 2585 sed
1870 2532 1948 2586 sic

65 2613 478 2688 interpretando
506 2640 516 2671 :
550 2638 577 2669 «
602 2619 662 2673 Et
690 2618 828 2674 illud
862 2620 1013 2692 quod
1041 2621 1312 2695 scriptum
1339 2630 1440 2690 est,
1479 2628 1562 2696 qui
1598 2628 1945 2697 baptizaturo

63 2719 261 2767 mortuo
292 2715 413 2786 quid
439 2718 652 2787 proficit
689 2717 875 2771 Iacalio
902 2719 1035 2790 ejus,
1082 2725 1142 2772 ut
1170 2719 1394 2775 interim
1429 2721 1685 2777 disseram
1714 2724 1944 2795 diligen·
2013 2745 2026 2754 “

63 2807 259 2865 tiorem
296 2811 530 2868 istorum
570 2816 870 2870 verborum
909 2816 1353 2890 inquisitionem,
1390 2820 1673 2877 tutissime
1709 2825 1942 2897 accipio,

62 2921 401 2977 paganorum
438 2910 771 2984 baptismata
808 2931 927 2970 esse
981 2914 1259 2986 denotata,
1299 2917 1430 2989 quia
1479 2919 1733 2972 homines
1775 2924 1827 2972 et
1872 2921 1941 2975 ab

55 3001 270 3074 justitia
313 3010 365 3059 et
401 3005 467 3060 ab
504 3006 610 3062 ista
643 3010 751 3064 vita
794 3017 1043 3066 mortuos
1080 3014 1292 3084 eolunt‚
1339 3015 1395 3068 in
1434 3032 1674 3085 quorum
1715 3015 1940 3071 nomine

62 3097 408 3170 baptizantur
435 3121 463 3153 »
501 3100 758 3175 (Operum
790 3111 939 3160 tomo
963 3107 1046 3174 IX,
1075 3108 1179 3163 col.
1216 3109 1308 3181 59,
1345 3104 1605 3164 editionis
1633 3109 1939 3166 Benedicti-

62 3196 338 3266 norum).-

135 3289 484 3362 Respondeas
526 3290 793 3364 Equidem
825 3293 1044 3350 videtur
1072 3296 1437 3367 Augustinu5‚
1477 3298 1613 3354 dum
1652 3300 1768 3356 haec
1796 3301 1930 3357 scri-

57 3385 210 3442 beret
260 3405 367 3443 non
412 3388 629 3444 novisse
669 3396 880 3445 textum
922 3390 1223 3463 integrum,
1267 3411 1370 3450 nec
1409 3395 1475 3450 ad
1519 3395 1927 3470 scripturarum

56 3483 299 3541 codicem
346 3486 672 3544 recurrisse.
710 3488 966 3562 Proponit
997 3494 1179 3545 tamen
1205 3490 1621 3564 inquisitionem
1654 3494 1807 3552 illam
1842 3497 1925 3554 ta-

0 3577 1 3606 *
56 3594 196 3638 cere.
235 3583 409 3648 Quam
447 3583 643 3642 secisse
673 3585 790 3659 jam
819 3585 1038 3643 videtur
1072 3588 1291 3660 quando
1313 3592 1665 3666 postmodum
1702 3595 1922 3672 scripsit
