2306 4010
344 137 431 186 168
534 179 538 182 .
1018 129 1310 180 TRACTATUS
1339 130 1406 178 DE
1435 130 1584 178 PAPA.

357 245 621 317 aedificata
644 251 742 310 est,
781 257 888 296 non
914 239 1018 310 fuit
1051 235 1148 290 illa
1177 235 1531 308 particularis
1571 237 1705 310 fides
1737 255 1842 311 qua
1865 238 2061 296 Petrus
2090 238 2207 296 solu
2304 274 2306 279 ·

358 343 638 399 articulum
675 340 738 393 de
774 336 1054 392 divinitate
1077 332 1271 390 Christi
1304 336 1576 408 confessus
1602 344 1742 407 erat,
1771 338 1865 394 sed
1898 343 2006 394 tota
2045 345 2096 394 et
2125 339 2259 394 into?-
2278 338 2306 392 'a

350 461 446 515 θνα
474 439 728 496 catholica
766 435 919 507 fides,
954 451 1109 506 quam
1146 442 1263 490 erat
1297 442 1487 509 postea
1522 438 1906 510 praedicaturus
1947 445 1998 494 et
2029 439 2093 494 de
2117 441 2263 514 facto

342 537 671 614 praedicavit.
699 567 770 575 —
795 531 1084 590 Evincitur
1108 550 1176 590 ex
1207 533 1353 591 facto
1380 534 1502 611 ipso
1525 535 1810 593 aedificatae
1835 536 2114 594 Ecclesiae.
2142 537 2262 594 Non

351 635 500 692 enim
539 630 811 689 aedificata
854 638 939 689 est
976 650 1078 708 per
1116 632 1305 690 solum
1347 633 1522 691 istum
1565 634 1893 705 articulum,
1932 652 2036 692 nec
2066 635 2262 693 Petrus

317 720 527 790 ⁸solum
560 729 735 787 istum
762 730 1068 788 articulum
1094 732 1433 808 praedicavit3
1459 733 1558 791 sed
1583 733 1730 792 Petri
1756 733 2077 809 praedicatio
2101 741 2261 792 caete-

345 847 440 885 ros
475 827 646 884 etiam
680 827 811 885 fidei
835 829 1107 886 articulos
1146 829 1435 906 complexa
1465 838 1569 899 est;
1606 839 1659 890 et
1685 850 1786 908 per
1809 833 1955 889 hanc
1976 833 2145 890 fidem
2181 833 2262 890 sic

346 923 705 1000 praedicatam
736 924 1003 983 ‘Ecclesia
1045 926 1322 984 catholica
1365 933 1621 986 extructa
1659 937 1764 988 est.
1806 930 1964 994 Qu‘od
2006 931 2076 988 de
2116 931 2260 988 facto

346 1023 478 1081 fecit
526 1024 804 1094 Christus,
846 1024 905 1080 id
947 1043 1083 1083 sane
1133 1032 1187 1084 et
1229 1044 1343 1082 non
1376 1026 1555 1097 aliud,
1594 1045 1654 1084 se
1693 1028 1979 1086 facturum
2023 1029 2256 1087 dixerat.

341 1123 649 1181 AEdificavit
679 1124 749 1181 de
783 1124 927 1182 facto
964 1143 1136 1202 super
1159 1125 1330 1184 fidem
1357 1126 1505 1183 Petri
1528 1133 1758 1184 caeteros
1791 1129 1959 1185 etiam
1990 1128 2261 1185 articulos

336 1223 826 1299 complectentem3
851 1242 982 1299 ergo
1006 1224 1231 1299 quando
1254 1225 1472 1282 dicebat
1496 1249 1507 1282 ε
1530 1225 1825 1298 AEclificabo
1842 1246 2003 1302 super
2020 1229 2152 1285 hanc
2166 1247 2262 1303 pe-

342 1330 501 1394 tram,
537 1322 591 1378 id
624 1329 730 1395 est,
771 1341 941 1399 super
970 1323 1139 1380 fidem
1165 1323 1336 1396 Petri,
1365 1323 1714 1398 intelligebat
1742 1325 1910 1382 fidem
1947 1345 2059 1383 non
2088 1327 2262 1384 solius

344 1421 571 1478 articuli
599 1421 666 1479 de
699 1422 1015 1495 divinitate,
1055 1422 1152 1479 sed
1192 1422 1493 1496 integram.
1536 1423 1710 1496 Igitur
1743 1442 1905 1480 voces
1939 1444 2099 1499 super
2133 1426 2263 1481 hcmc

338 1530 571 1596 petram,
608 1529 785 1580 totam
813 1523 983 1580 fidem
1017 1542 1047 1580 a
1072 1523 1231 1579 Petro
1261 1522 1678 1598 praedicandam
1711 1522 2029 1596 designant.

417 1623 699 1679 Pnorosmo
730 1623 833 1679 ΙΨ.
856 1658 927 1666 —-
948 1623 1114 1681 Petra
1142 1641 1301 1697 super
1328 1641 1488 1696 quam
1514 1623 1760 1680 Christus
1791 1623 2078 1680 Ecclesiam
2113 1641 2263 1680 suam

340 1739 395 1777 se
433 1723 815 1793 aedificaturum
840 1725 998 1795 dixit,
1037 1743 1145 1780 non
1173 1731 1252 1779 est
1283 1725 1429 1780 solus
1462 1710 1678 1795 Petrus,
1716 1724 1812 1779 sed
1851 1731 1901 1780 et
1935 1742 2264 1781 successores

350 1820 735 1893 ejus.—Na1n
776 1820 1033 1877 Christus
1064 1822 1368 1879 Ecclesiam
1404 1841 1565 1878 suam
1602 1841 1715 1878 non
1756 1822 2046 1879 aedificavit
2082 1839 2266 1896 usque

347 1917 415 1972 ad
459 1924 700 1974 mortem
753 1919 1045 1975 dumtaxat
1086 1919 1232 1974 Petri
1268 1920 1630 1990 duraturam,
1687 1925 1741 1976 et
1782 1919 2061 1976 moriente
2104 1919 2264 1976 Petro

342 2014 742 2091 collapsuram,
772 2016 870 2072 sed
896 2032 1080 2089 usque
1106 2015 1175 2071 ad
1197 2015 1367 2072 finem
1390 2016 1591 2071 mundi
1610 2033 2066 2091 permansuram;
2096 2021 2266 2092 prout

347 2114 588 2190 ipsemet
634 2115 956 2185 declaravit,
1004 2113 1230 2170 dicens:
1269 2115 1401 2189 Ecce
1435 2134 1527 2190 eqo
1562 2117 1822 2172 vobiscum
1852 2135 1967 2172 sum
2001 2135 2162 2189 usque
2198 2117 2267 2174 ad

348 2217 853 2270 consummationem
891 2213 1098 2283 saeculi,
1135 2218 1188 2269 et
1214 2218 1384 2287 prout
1414 2220 1530 2271 tota
1553 2214 1783 2269 Patrum
1817 2214 2062 2276 traditio
2083 2214 2262 2271 docet.

345 2311 488 2369 Sane
539 2319 735 2370 contra
786 2312 1095 2370 Ecclesiam
1155 2330 1185 2368 a
1232 2312 1450 2370 Christo
1497 2311 1826 2369 aedificatam
1876 2312 2044 2369 inferi
2094 2319 2269 2388 portae

347 2413 798 2487 praevaluissent,
839 2415 887 2472 si
920 2422 1311 2491 persecutores
1344 2412 1648 2471 occidendo
1681 2413 1932 2485 Petrum,
1960 2412 2266 2470 Ecclesiam

347 2511 550 2569 Christi
579 2514 751 2570 simul
776 2516 1167 2574 extinxissent.
1196 2515 1360 2572 Omni
1396 2531 1509 2572 aevo
1535 2518 1684 2569 certa
1716 2513 1825 2569 fuit
1858 2512 2267 2570 catholicorum

353 2610 634 2679 omnium,
665 2611 779 2667 imo
814 2617 869 2668 et
896 2613 1287 2669 haereticorum
1319 2610 1594 2680 doctrina,
1628 2609 2013 2684 permansisse
2043 2615 2267 2666 mortuo

353 2703 514 2761 Petro
540 2704 744 2762 Christi
777 2708 1106 2780 Ecclesiam,
1135 2716 1191 2766 et
1223 2709 1300 2765 ita
1330 2707 1559 2782 quidem
1599 2712 1663 2763 ut
1701 2707 1869 2763 inferi
1911 2712 2083 2781 portae
2125 2725 2269 2764 nun-

354 2820 525 2876 quam
561 2812 788 2879 possent
826 2811 1022 2863 contra
1051 2825 1174 2864 eam
1211 2806 1534 2882 praevalere.
1564 2805 1718 2861 Unde
1748 2805 1884 2861 dum
1911 2805 2050 2861 dixit
2086 2805 2268 2862 Chris-

345 2906 469 2958 tus:
511 2902 808 2962 AEdificabo
848 2924 1009 2979 super
1043 2907 1175 2962 hanc
1211 2914 1445 2980 petram,
1491 2923 1606 2961 non
1644 2903 1925 2961 intellexit
1961 2904 2145 2960 solum
2170 2904 2265 2960 Pe-

360 3008 537 3075 trum,
568 3021 674 3060 nec
701 3004 879 3060 solam
908 3005 1116 3080 abipso
1142 3003 1557 3081 praedicandam
1593 3002 1785 3074 fidem,
1819 3001 1917 3059 sed
1947 3002 2120 3059 simul
2146 3002 2267 3077 ejus

352 3118 704 3160 successores
731 3110 785 3160 et
816 3103 1233 3180 praedicandam
1280 3104 1349 3161 ab
1389 3103 1528 3179 ipsis
1563 3101 1733 3158 fidem
1765 3119 1948 3174 usque
1989 3100 2058 3157 ad
2095 3100 2267 3157 finem

351 3201 577 3258 mundi.
604 3201 778 3276 Igitur
810 3196 971 3261 vcces
1006 3203 1129 3284 istae
1161 3222 1322 3279 super
1348 3203 1480 3259 hanc
1499 3208 1711 3277 petram
1737 3200 2033 3274 designant
2059 3218 2268 3257 unum-

355 3317 636 3378 quemque
668 3302 1050 3362 Romanorum
1085 3304 1438 3374 Pontificum,
1472 3301 1622 3359 Petri
1667 3318 2086 3373 successorum,
2123 3300 2268 3357 sicut

361 3402 413 3452 et
443 3398 630 3472 ipsum
660 3401 907 3473 Petrum,
943 3408 997 3459 et
1030 3402 1198 3459 fidem
1232 3402 1301 3459 ab
1337 3417 1681 3476 unoquoque
1717 3401 1947 3456 Summo
1977 3397 2262 3468 Pontifice‚

354 3513 467 3586 non
491 3499 681 3557 minus
707 3521 878 3576 quam
903 3504 1072 3561 fidem
1100 3504 1168 3560 ab
1194 3502 1317 3578 ipso
1342 3502 1500 3560 Petro
1525 3500 1965 3577 praedicandam.

431 3596 717 3656 Pnoposmo
753 3603 834 3659 Va.
866 3638 943 3646 —
973 3605 1156 3663 Εὐταία
1197 3605 1357 3660 verba
1396 3602 1615 3674 Christi,
1657 3607 1721 3658 tu
1773 3618 1830 3658 es
1874 3600 2092 3670 PetrUS,
2129 3606 2262 3671 etc.‚
