2306 4010
222 153 278 199 50
892 133 1178 187 TRAGTATUS
1209 127 1274 175 DE
1306 126 1433 172 ΡΑΡΑ
1442 159 1451 167 .

223 277 352 316 mus
372 255 674 315 consilium
701 247 990 309 relaxandi
1014 254 1290 300 canonum
1309 230 1668 307 disciplinam
1687 248 1788 306 pro
1806 235 2127 305 temporum

221 355 569 425 necessitate,
594 351 695 409 ubi
724 347 844 406 fieri
866 345 922 401 id
949 338 1127 417 possit
1159 334 1281 392 sine
1310 329 1441 389 fidei
1470 335 1524 387 et
1558 348 1783 386 morum
1815 327 2126 404 dispendio.

220 454 338 509 imo
379 451 639 509 addimus
677 463 805 503 cum
845 435 1160 512 Augustino
1189 428 1477 491 toleranda
1508 427 1808 503 aliquando
1844 445 1946 504 pro
1979 427 2130 484 hono

221 549 477 620 unitatiS,
509 564 630 621 quae
667 561 768 618 pro
809 541 952 596 bono
987 533 1269 610 aequitatis
1297 529 1425 588 odio
1461 527 1717 584 habenda
1749 531 1905 596 sunt,
1949 544 2132 601 neque

221 644 551 705 eradicanda
594 638 820 711 zizania,
861 635 961 694 ubi
1004 632 1323 711 periculum
1352 628 1446 699 sit,
1490 645 1560 684 ne
1587 624 1763 683 simul
1797 631 1852 682 et
1878 624 2132 683 triticum

221 743 553 801 eradicetur.
593 739 652 796 Id
686 738 764 795 ita
792 744 984 795 tamen
1011 732 1189 809 accipi
1228 734 1463 806 oportet,
1497 731 1560 783 ut
1595 725 1655 782 in
1688 725 1879 800 aliquo
1911 730 2134 783 tantum

220 839 494 918 peculiari
518 857 674 908 casu,
705 842 758 894 et
782 835 851 893 ad
884 840 1133 910 tempus,
1166 835 1220 888 et
1244 828 1341 887 ubi
1367 825 1674 885 necessitas
1701 831 1885 900 urget,
1913 824 2134 882 licitum

221 939 318 1007 sit3
361 937 529 997 sicuti
567 938 780 994 factum
818 941 900 992 est
937 933 995 989 in
1030 929 1274 987 Ecclesia
1312 946 1444 985 cum
1482 925 1716 983 Arianos
1748 930 1803 982 et
1827 924 2140 983 Donatistas

222 1038 543 1114 EpiscopOS,
574 1038 790 1111 ejurato
828 1050 1042 1104 errore,
1079 1030 1197 1088 suis
1227 1025 1487 1085 Ecclesiis
1515 1025 1784 1098 restituit,
1813 1031 1878 1083 ut
1903 1024 2140 1101 populos

226 1139 324 1214 qui
346 1138 521 1196 secuti
548 1155 641 1193 eos
669 1136 890 1192 fuerant
915 1132 974 1189 in
999 1130 1181 1188 officio
1207 1129 1582 1186 continerent.
1612 1126 1778 1183 Aliud
1804 1131 1890 1183 est
1912 1124 2008 1182 ubi
2031 1125 2143 1182 dis-

229 1239 433 1314 ciplina
460 1235 717 1295 Ecclesiae
742 1254 839 1310 per
873 1230 1122 1290 universi
1160 1228 1498 1306 amplissimi
1524 1227 1683 1302 regni
1714 1227 1993 1284 ambitum
2023 1225 2144 1283 sine

227 1337 497 1414 temporis
524 1334 789 1404 termino,
820 1339 874 1390 et
903 1331 1200 1388 manifesto
1227 1329 1479 1416 periculo
1507 1347 1577 1385 ne
1613 1328 1937 1402 exemplum
1978 1326 2150 1383 latius

226 1442 436 1505 manet,
465 1434 861 1502 labefactatur,
896 1431 1009 1487 imo
1034 1429 1303 1487 evertitur
1326 1427 1506 1503 ipsius
1530 1425 1844 1502 disciplinae
1866 1432 1919 1483 et
1938 1425 2153 1483 hierar-

228 1533 365 1590 chiae
396 1531 785 1589 ecclesiasticae
820 1529 1275 1598 fundamentum,
1312 1525 1480 1583 sicuti
1525 1523 1748 1582 evenire
1779 1541 2006 1580 necesse
2043 1528 2148 1591 est,

231 1631 278 1688 si
304 1651 428 1706 quae
455 1651 485 1687 a
514 1608 647 1703 rege
677 1628 1157 1686 christianissimo
1193 1628 1254 1682 in
1285 1625 1511 1699 negotio
1548 1625 1775 1699 regaliae
1814 1642 1995 1700 nuper
2029 1628 2151 1680 acta

234 1737 388 1802 sunt,
409 1730 863 1796 conniventibuS,
895 1728 1009 1783 imo
1036 1727 1205 1783 etiam
1231 1725 1722 1782 consentientibus
1748 1724 1927 1794 vobiS,
1956 1731 2151 1780 contra

241 1837 434 1889 notam
477 1829 596 1903 jam
634 1827 791 1885 vobis
828 1827 887 1883 in
932 1845 1054 1883 eam
1089 1844 1211 1882 rem
1253 1829 1499 1880 mentem
1536 1829 1811 1895 nostram,
1867 1828 1920 1879 et
1959 1827 2155 1879 contra

241 1933 421 2008 ipsam
447 1927 824 2004 jurisjurandi
844 1925 1177 2000 religionem
1209 1926 1341 2000 (qua
1369 1942 1465 1981 vos
1493 1923 1622 1995 Deo,
1649 1923 1916 1980 Romanae
1942 1921 2162 1978 vestris-

244 2046 351 2103 que
383 2027 632 2084 ecclesiis
671 2025 981 2100 obligastiS,
1012 2044 1141 2081 cum
1172 2023 1474 2099 episcopali
1515 2025 1834 2080 charactere
1872 2021 2153 2078 imbuere-

244 2126 406 2198 mini)
446 2129 562 2183 haec
587 2125 907 2183 executioni
932 2123 1213 2194 mandari,
1245 2129 1298 2180 et
1333 2125 1548 2179 malum
1575 2122 1915 2180 invalescere
1942 2121 2157 2178 diutius

243 2226 559 2282 differendo
586 2225 1037 2301 permitteretur3
1067 2242 1131 2280 ac
1154 2242 1268 2279 non
1294 2242 1357 2279 ea
1384 2242 1506 2294 nos,
1532 2241 1632 2299 pro
1658 2223 1865 2280 tradita
1890 2222 2160 2279 divinitus

242 2322 551 2380 humilitati
575 2329 778 2379 nostrae
802 2340 1067 2397 suprema
1095 2321 1155 2378 in
1175 2320 1498 2378 universam
1533 2321 1842 2379 Ecclesiam
1863 2326 2157 2397 potestate,

243 2422 481 2480 solemni
500 2441 657 2479 more
676 2423 1154 2495 praedecessorum
1168 2428 1494 2479 nostrorum
1525 2422 1778 2496 vestigiis
1798 2422 2159 2490 inhaerenteS,

245 2521 720 2596 improbaremus.
761 2519 895 2574 Cum
930 2520 1242 2593 praesertim
1282 2537 1382 2593 per
1411 2521 1652 2574 abusum
1687 2519 1907 2591 regaliae
1936 2537 2049 2574 non
2075 2538 2162 2575 so-

247 2621 368 2676 lum
401 2617 570 2675 everti
613 2616 971 2692 disciplinam
1015 2617 1276 2674 Ecclesiae
1318 2635 1406 2674 res
1443 2617 1564 2692 ipsa
1606 2617 1818 2687 doceat,
1866 2619 1962 2674 sed
1997 2618 2163 2675 etiam

251 2718 380 2776 fidei
409 2717 589 2794 ipsius
623 2716 1006 2791 integritatem
1034 2716 1095 2772 in
1125 2716 1434 2774 discrimen
1464 2717 1650 2774 vocari
1685 2717 1848 2775 facile
1882 2717 2165 2793 intelliga-

255 2836 382 2873 mus
404 2835 470 2872 ex
488 2809 627 2890 ipsis
646 2815 932 2890 regiorum
964 2815 1320 2873 decretorum
1339 2816 1550 2887 verbiS,
1582 2835 1704 2892 quae
1726 2816 1820 2891 jus
1843 2817 2168 2875 conferendi

240 2912 520 2971 --beneficia
543 2912 660 2987 regi
678 2912 987 2982 vindicant,
1008 2932 1121 2970 non
1146 2920 1418 2988 tanquam
1447 2916 1734 2989 profluens
1762 2934 1828 2972 ex
1856 2915 2046 2989 aliqua
2074 2915 2170 2972 Eo-

255 3013 438 3070 clesiae
461 3011 845 3084 concessione,
875 3012 972 3070 sed
1001 3019 1274 3088 tanquam
1303 3014 1621 3089 ingenitum
1642 3015 1807 3090 regiae
1829 3035 2066 3074 coronae.

338 3134 365 3165 «
393 3112 554 3168 Illam
588 3130 719 3169 vero
750 3118 965 3187 partem
995 3111 1316 3170 litterarum
1340 3121 1656 3171 vestrarum
1686 3133 1798 3171 non
1832 3114 1957 3172 sine
1999 3113 2172 3172 animi

263 3210 492 3267 horrore
519 3211 704 3285 legere
739 3209 1050 3286 potuimuS,
1086 3211 1144 3266 in
1180 3230 1293 3285 qua
1326 3212 1550 3283 dicitur,
1592 3233 1688 3271 vos
1718 3214 1845 3288 jure
1874 3219 2056 3270 vestro
2083 3214 2175 3270 de-

262 3308 516 3366 cedentes
554 3309 698 3367 illud
739 3309 797 3365 in
842 3328 1027 3384 regem
1055 3311 1388 3380 contulisse3
1434 3314 1596 3386 quasi
1632 3313 2008 3372 Ecclesiarum
2052 3333 2178 3388 quae

265 3426 413 3464 curae
435 3415 628 3465 vestrae
645 3410 874 3467 creditae
893 3415 1047 3485 sunt,
1067 3411 1264 3469 essetis
1284 3412 1503 3483 arbitri,
1519 3433 1629 3472 non
1649 3414 1929 3483 custodes;
1947 3418 1999 3471 et
2017 3413 2177 3488 quasi

267 3506 523 3564 Ecclesiae
547 3507 681 3582 ipsae
711 3515 764 3565 et
787 3508 1102 3584 spiritualia
1134 3529 1330 3568 earum
1356 3513 1483 3586 jura
1508 3518 1733 3590 possent
1757 3512 1863 3568 sub
1889 3511 2180 3588 potestatis

269 3606 559 3664 saecularis
588 3605 791 3680 jugum
827 3609 974 3666 mitti
1001 3610 1069 3666 ab
1098 3610 1408 3688 Episcopis,
1436 3613 1534 3687 qui
1562 3629 1622 3671 se
1651 3630 1753 3688 pro
1790 3630 1987 3670 earum
2013 3612 2179 3670 liber-
