2306 4010
852 171 979 218 PARS
1009 168 1246 217 SECUNDA.
1908 170 1996 216 159

118 274 282 330 nibus
300 275 719 331 Constantiense
734 275 1032 332 concilium
1049 289 1401 347 nequaquam
1432 271 1844 328 oecumenicum
1863 272 1992 345 fuit,

117 389 218 428 nec
236 373 303 428 ad
337 373 470 429 talia
496 373 843 430 definidenda
866 373 985 447 ejus
1017 378 1258 448 potestas
1283 370 1706 428 extendebatur.
1729 370 1994 444 Indignus

113 470 339 527 aliunde
366 471 548 541 Gerso,
585 491 714 528 cum
741 472 1096 546 sequacibuS‚
1123 471 1220 544 qui
1253 470 1337 527 vel
1367 468 1662 526 minimam
1695 470 1994 528 auctorita-

113 573 224 624 tem
257 568 401 642 apud
427 568 727 624 catholicos
754 572 1148 639 consequatur.
1181 566 1242 621 Et
1274 566 1501 622 tandem
1532 584 1849 642 compressa
1885 573 1995 624 sta-

113 664 214 721 tim
241 665 465 720 omnino
496 664 599 720 fuit
639 669 691 720 et
731 682 858 719 cum
902 662 1155 718 unanimi
1201 662 1374 718 totius
1402 664 1659 719 catholici
1691 665 1841 720 orbis
1867 682 1996 731 con-

109 769 324 836 temptu
365 762 563 833 rejecta
595 758 920 816 transitoria
969 759 1062 814 illa
1096 777 1403 833 paucorum
1447 762 1755 828 aberratio;
1805 762 1881 818 ita
1932 768 1995 818 ut

109 857 311 914 iterum
349 876 540 913 omnes
584 857 924 912 unanimiter
963 856 1216 911 doctores
1244 856 1507 911 catholici
1533 857 1877 914 Pontificiam
1903 859 1989 914 in-

107 954 497 1011 fallibilitatem
516 960 785 1026 tanquam
817 951 1220 1008 inconcussum
1242 957 1411 1024 atque
1437 953 1668 1007 omnino
1687 956 1991 1012 tenendum

106 1051 302 1126 dogma
332 1050 571 1107 confessi
612 1050 744 1106 sint.

179 1155 232 1210 5⁰
269 1154 346 1209 Ab
373 1172 515 1210 anno
549 1154 692 1210 1665
721 1153 788 1208 ad
822 1172 1035 1209 annum
1070 1153 1238 1221 1682,
1264 1152 1575 1209 Ludovicus
1598 1154 1703 1209 XIV
1731 1172 1860 1210 cum
1891 1156 1995 1210 mi-

107 1250 296 1307 nistris
327 1251 465 1320 suis,
510 1249 780 1305 inauditis
825 1249 1357 1318 machinationibUS,
1394 1250 1687 1306 fraudibus
1726 1269 1788 1306 ac
1817 1258 1994 1307 terro-

108 1348 280 1419 ribuS‚
311 1355 636 1420 extorquere
661 1348 820 1403 nisus
858 1352 938 1403 est
973 1347 1265 1420 pontificiae
1302 1347 1644 1403 infallibitati
1680 1349 1992 1406 contrarios

109 1463 199 1502 sex
226 1444 489 1502 articulos
531 1445 830 1501 Facultatis
867 1444 1192 1500 Parisiensis
1216 1444 1346 1499 anni
1373 1445 1539 1514 1665,
1566 1451 1618 1500 et
1646 1451 1885 1517 quatuor
1905 1466 1992 1502 a1·-·

112 1543 306 1600 ticulos
329 1545 459 1599 anni
481 1544 624 1600 1682
651 1568 660 1609 ;
697 1544 791 1599 sed
814 1562 964 1599 nunc
992 1542 1214 1599 tandem
1245 1543 1569 1615 plenissime
1594 1550 1809 1600 constat
1843 1547 1990 1617 ejus-

114 1640 260 1695 modi
301 1641 664 1697 doctrinalem
711 1641 1166 1711 declarationem,
1211 1659 1311 1696 nec
1358 1640 1622 1697 Facultati
1663 1642 1988 1710 Parisiensi,

50 1807 61 1819 ⁸
114 1754 213 1793 nec
235 1737 585 1812 Episcopatui
612 1737 791 1792 Galliae
821 1736 1059 1793 adscribi
1092 1754 1270 1810 posse.

189 1835 244 1889 4⁰
268 1835 530 1908 Equidem
557 1853 621 1891 ex
653 1841 787 1890 tunc
807 1852 985 1908 usque
1021 1834 1088 1889 ad
1119 1833 1412 1908 praesentia
1437 1839 1712 1908 tempora,
1733 1842 1990 1891 constan·

114 1938 195 1989 ter
233 1935 555 2007 urgentibus
602 1933 771 1989 variis
806 1951 929 2005 quae
971 1938 1363 1989 successerunt
1388 1933 1446 1987 in
1477 1933 1648 1988 Gallia
1673 1934 1985 2006 guberniiS‚

115 2029 405 2085 notabilem
429 2030 594 2103 hujus
620 2029 858 2102 regionis
884 2029 1017 2085 cleri
1040 2037 1254 2104 partem
1277 2029 1477 2085 invasit
1507 2029 1573 2084 de
1599 2030 1743 2105 Papa
1765 2030 1989 2086 fallibili

115 2142 326 2181 necnon
352 2127 475 2182 aliis
498 2127 870 2182 Gallicanismi
902 2127 1120 2200 placitis
1142 2146 1319 2183 error.
1341 2129 1406 2183 At
1434 2129 1607 2202 pestis
1639 2128 1735 2184 illa
1763 2147 1988 2185 reman-

118 2221 189 2275 sit
216 2223 358 2277 intra
394 2223 532 2276 fines
558 2223 742 2276 Galliae
773 2224 851 2277 ita
896 2224 1341 2295 circumscripta,
1378 2231 1438 2278 ut
1476 2230 1683 2280 attenta
1732 2226 1992 2282 universa

116 2315 355 2370 Ecclesia
390 2318 679 2385 catholica,
707 2318 978 2388 generalis
1018 2326 1285 2392 perpetuo
1308 2323 1681 2392 permanserit
1708 2340 1770 2376 ac
1796 2323 1990 2376 hodie-

125 2411 255 2465 dum
277 2419 595 2485 permaneat
623 2413 1012 2486 Episcoporum
1038 2431 1099 2468 ac
1129 2415 1418 2470 doctorum
1444 2416 1843 2471 catholicorum
1865 2436 1993 2473 cum

119 2506 359 2562 Romana
388 2508 636 2563 doctrina
669 2509 978 2564 consensio.

193 2604 247 2657 5⁰
286 2604 488 2659 Dictam
533 2605 866 2660 Gallicanam
906 2606 1215 2661 doctrinam
1255 2608 1554 2680 apostolica
1581 2609 1745 2664 Sedes
1778 2610 1993 2682 pluries

117 2700 443 2773 reprobavit.
480 2700 631 2764 Quod
667 2708 852 2757 autem
893 2702 1135 2757 dictitari
1172 2703 1310 2758 solet
1341 2704 1399 2759 in
1436 2705 1629 2760 Galliis
1658 2706 1833 2762 dictas
1879 2708 1995 2782 opi-

117 2795 311 2852 niones
339 2815 368 2852 a
392 2797 653 2853 Romanis
677 2798 1032 2854 Pontificibus
1060 2817 1347 2872 nunquam
1391 2802 1565 2858 fuisse
1594 2805 1986 2874 condemn.ata3‚

122 2908 344 2963 prorsus
369 2891 571 2947 falsum
601 2898 708 2958 est;
750 2893 1027 2966 siquidem
1056 2896 1352 2969 reprobare
1384 2899 1759 2955 condemnare
1802 2908 1905 2956 est.
1934 2901 1992 2955 ld

121 2986 399 3045 dumtaxat
431 3008 645 3061 verum,
674 3010 783 3046 cum
808 2995 942 3047 notis
970 2994 1270 3065 theoloyicis
1306 2996 1704 3052 condemnatos
1743 2998 1991 3053 nondum

123 3085 288 3141 fuisse
312 3094 544 3159 quatuor
570 3089 829 3145 articulos
857 3091 987 3145 anni
1014 3092 1177 3149 1682.
1204 3093 1477 3149 Nimirum
1497 3095 1586 3168 pia
1607 3103 1786 3150 mater
1808 3096 1991 3152 Eccle-

122 3181 203 3236 sia
227 3182 487 3254 Romana‚
519 3192 769 3242 metuens
799 3206 867 3243 ne
896 3172 1151 3244 obcaecati
1199 3190 1323 3259 filii,
1365 3191 1410 3245 si
1449 3193 1799 3246 anathemate
1841 3210 1993 3264 urge-

122 3286 331 3347 rentur,
364 3282 588 3356 obsequi
613 3293 909 3342 renuerent
939 3304 1171 3359 seseque
1210 3288 1278 3342 ab
1326 3288 1540 3343 unitate
1565 3288 1867 3345 scindendo
1896 3309 1989 3365 pe-

122 3376 313 3447 rirent,
341 3378 728 3450 dissimulavit,
751 3384 1147 3458 opportuniora
1171 3385 1407 3439 curandi
1425 3385 1671 3440 vulneris
1694 3394 1989 3460 expectans

121 3478 382 3547 tempora.
412 3475 497 3532 Vae
527 3485 709 3534 autem
741 3481 852 3536 illis
883 3481 950 3536 de
975 3481 1147 3542 clero,
1176 3498 1272 3552 per
1303 3499 1440 3552 quos
1488 3489 1597 3538 stat
1639 3488 1698 3539 ut
1726 3484 1987 3543 funestis-

122 3567 322 3626 simum
353 3571 492 3630 illud
514 3576 715 3632 vulnus
740 3577 991 3632 nondum
1022 3575 1206 3631 sanari
1238 3582 1436 3646 queat!
