2306 4010
784 194 912 241 PARS
940 194 1179 243 SECUNDA.
1303 171 1307 179 ’
1838 195 1928 242 225

47 311 239 362 certam
271 300 496 372 aliquam
522 300 711 354 seriem
745 298 856 354 sibi
878 299 1296 356 succedentium
1329 299 1707 356 Romanorum
1743 300 1929 356 Ponti-

42 401 232 463 ficum3
264 416 363 474 per
398 396 662 453 sedentem
693 412 841 467 ver0,
878 414 1342 470 unumquemque
1375 396 1692 454 Pontificem
1733 399 1927 470 singu„

0 486 1 519 l
43 500 238 559 lariter
264 480 567 570 sumptum.
608 493 668 549 Et
705 492 895 548 dicunt
930 493 1279 551 infallibilem
1312 495 1537 570 quidem
1570 513 1691 552 esse
1716 496 1926 567 sedem,

48 598 104 654 id
133 601 233 662 est,
260 593 634 649 Romanorum
664 587 992 644 Pontificum
1018 589 1242 660 seriem,
1268 609 1380 646 non
1405 597 1589 647 autem
1617 591 1926 661 sedentem,

50 694 107 750 id
127 697 227 760 cst,
254 703 712 761 unumquemque
731 683 1047 740 Pontificem
1071 685 1435 758 singulariter
1458 694 1771 762 sumptum.
1793 689 1930 745 Sub-

46 789 219 848 tilitas
246 788 347 843 ista
383 783 663 841 Bossuetio
687 781 872 838 senior
901 798 1012 836 non
1045 787 1153 838 est.
1198 781 1313 836 lmo
1341 783 1469 838 licet
1492 785 1559 864 ad
1590 802 1709 840 eam
1737 786 1937 841 confu-

47 887 186 963 gerit
206 883 548 952 Bossuetius,
587 898 698 936 non
727 879 805 935 ita
833 885 1020 934 tamen
1047 878 1106 932 in
1134 896 1194 934 ea
1230 886 1493 934 constans
1532 882 1701 937 haeret
1725 890 1787 939 ut
1820 902 1934 939 non

47 983 360 1043 adhibuerit
386 981 551 1038 etiam
583 977 915 1052 quandoque
944 975 1100 1050 prius
1128 982 1392 1052 systema,
1434 975 1492 1030 in
1525 995 1633 1057 quio
1662 980 1819 1036 sedes
1847 982 1934 1035 in-

48 1082 317 1154 telligitur
349 1078 518 1134 simul
554 1083 605 1132 et
643 1074 986 1147 conjunctim
1028 1073 1096 1128 de
1124 1073 1267 1147 Papa
1301 1072 1562 1145 cleroque
1593 1080 1647 1129 et
1682 1075 1937 1132 fidelibus

47 1180 297 1239 dioecesis
335 1180 612 1234 Romanae.
640 1177 805 1231 Porro
840 1181 892 1230 et.
919 1173 1070 1230 istud
1111 1173 1382 1230 Bossuetii
1415 1175 1702 1230 inventum
1731 1175 1933 1232 falsum

56 1286 137 1336 est
167 1285 216 1333 et
251 1278 543 1331 absonum.

52 1370 58 1375 ’
123 1377 303 1433 Primo
335 1373 485 1428 enim
522 1390 631 1427 non
659 1371 839 1445 potuit
871 1370 1121 1425 Christus
1166 1370 1588 1444 praerogativam
1632 1371 1938 1426 infallibili-

59 1472 184 1530 tatis
210 1471 461 1526 conferre
488 1467 649 1523 seriei
668 1473 730 1522 ut
757 1466 1022 1523 tali.Nam
1047 1465 1240 1534 series,
1262 1472 1536 1537 quatenus
1561 1467 1716 1534 talis,-
1734 1474 1816 1522 est
1840 1485 1939 1522 ens

66 1567 283 1623 rationis
340 1583 401 1620 ac
433 1583 584 1619 mera
640 1563 960 1619 abstractio.
1013 1563 1104 1618 Est
1147 1562 1383 1636 proinde
1428 1563 1727 1637 cujuslibet
1781 1570 1936 1619 actus

68 1662 304 1738 incapax.
338 1662 611 1718 Nimirum
651 1661 842 1730 serieS,
882 1667 1157 1733 quatenus
1183 1660 1375 1728 serieS,
1404 1679 1515 1715 non
1537 1666 1719 1733 'potest
1753 1661 1931 1732 loqui,

71 1779 170 1818 nec
210 1761 445 1827 definire3
489 1759 638 1816 unde
678 1758 912 1831 incapax
958 1764 1041 1813 est
1081 1757 1462 1831 ,praerogativae
1499 1756 1930 1814 infallibilitatis.

67 1856 236 1928 Igitur
263 1874 322 1912 eo
348 1837 629 1913 dumtaxat
651 1872 815 1911 sensu
843 1853 1075 1925 intelligi
1109 1859 1293 1927 posset
1321 1852 1691 1908 infallibilitas
1719 1854 1878 1908 seriei
1909 1871 1938 1908 a

63 1951 275 2008 Christo
316 1954 525 2024 collata,
574 1951 720 2026 quod
757 1951 1075 2025 promiserit
1108 1950 1356 2005 Christus
1394 1967 1451 2005 se
1491 1967 1604 2004 non
1631 1955 1938 2024 permissu-

60 2067 204 2120 rum,
228 2058 288 2107 ut
326 2053 499 2125 major
523 2069 648 2126 pars
673 2048 1118 2122 uniuscujusque
1155 2048 1317 2104 seriei
1349 2048 1678 2104 Pontificum
1705 2056 1849 2105 erret
1880 2050 1936 2103 in

59 2146 184 2217 fide,
203 2149 325 2204 licet
350 2150 568 2204 nullum
592 2147 949 2220 singulariter
971 2151 1260 2220 sumptum
1286 2146 1596 2201 Romanum
1619 2147 1936 2202 Pontificem

66 2241 410 2298 infallibilem
434 2243 753 2298 reddiderit.
782 2243 972 2312 PorrO,

133 2338 387 2411 Secunde,
434 2338 598 2392 etiam
639 2337 719 2391 sic
747 2337 1024 2390 intellecta
1060 2337 1420 2391 Bossuetiana
1461 2337 1761 2407 subtilitas,
1804 2340 1941 2395 falsa

60 2453 293 2512 prorsus
336 2442 419 2490 est
461 2439 511 2488 et
555 2433 779 2499 absona,
809 2437 1001 2504 utpote
1041 2449 1162 2504 quae
1196 2449 1424 2505 prorsus
1466 2433 1783 2497 excluditur
1815 2455 1942 2510 pro-

58 2531 417 2588 missionibus
438 2528 635 2583 Christi
655 2527 721 2582 ad
743 2527 963 2581 Petrum
986 2527 1350 2600 personaliter
1372 2529 1620 2600 directiS,
1643 2531 1898 2588 videlicet
1923 2552 1933 2584 :

58 2629 134 2686 Tu
157 2648 208 2684 es
235 2629 423 2683 Petrus
450 2633 498 2681 et
520 2643 674 2697 super
695 2625 825 2678 hanc
851 2624 1135 2678 Petram...
1158 2626 1243 2680 tibi
1262 2626 1392 2680 (labo
1424 2627 1587 2682 claves
1613 2631 1760 2700 requi
1786 2632 1936 2686 coelo·

55 2745 239 2783 rum...
278 2725 626 2797 quodcumque
659 2722 944 2777 solveris...
973 2721 1136 2777 Pasce
1179 2740 1360 2795 aynos,
1395 2741 1555 2795 pasce
1588 2743 1774 2783 oves...
1816 2747 1939 2783 con-

0 2828 3 2861 *
61 2827 210 2894 firma
257 2826 448 2895 {ratres
490 2830 621 2877 tuos.
670 2821 958 2876 Enimvero
1002 2822 1375 2894 praerogativa}
1421 2823 1559 2894 istae,
1610 2825 1695 2880 vel
1734 2826 1938 2883 intelli-

60 2918 248 2989 gendae
288 2924 414 2973 sunt
446 2918 511 2972 de
554 2917 669 2972 solo
706 2917 884 2985 Petr0,
932 2917 1006 2971 ita
1036 2924 1098 2972 ut
1126 2897 1249 2991 post
1287 2919 1407 2991 ejus
1445 2927 1681 2975 mortem
1712 2941 1840 2976 cum
1871 2941 1933 2978 eo

0 3050 1 3078 2
59 3012 309 3068 extinctae
331 3013 555 3083 suerint,
580 3014 664 3069 vel
689 3015 974 3069 censendae
1010 3020 1142 3068 sunt
1172 3014 1290 3086 ejus
1318 3015 1486 3069 etiam
1519 3019 1935 3074 successoribus

0 3113 2 3158 t
62 3128 90 3164 a
117 3109 355 3177 Christo,
394 3109 450 3162 in
471 3126 703 3181 persona
732 3110 877 3165 beati
907 3110 1070 3182 Petri,
1109 3111 1343 3166 collatae.
1380 3112 1435 3166 Si
1464 3113 1643 3185 prius,
1674 3113 1937 3171 infallibi-

58 3206 213 3261 litate
249 3223 310 3259 ac
346 3221 604 3276 suprema
632 3205 931 3261 Ecclesiam
973 3207 1347 3263 universalem
1398 3210 1624 3280 regendi
1667 3217 1939 3284 potestate

57 3303 345 3368 carebunt,
389 3318 498 3355 non
527 3304 740 3356 tantum
767 3301 970 3373 singuli
993 3302 1226 3357 Romani
1263 3304 1552 3359 Pontifices
1583 3306 1939 3379 singulariter

57 3400 284 3472 sumpti,
319 3396 415 3452 sed
453 3396 619 3451 etiam
665 3395 925 3467 quaelibet
962 3397 1338 3453 Romanorum
1379 3399 1705 3458 Pontificum
1741 3407 1930 3465 series.
1997 3436 2000 3440 ·

56 3495 109 3551 Si
135 3495 434 3569 posterius,
462 3493 516 3547 id
544 3500 647 3563 est,
677 3492 721 3547 si
758 3492 1146 3566 praerogativas
1172 3494 1327 3565 istas,
1370 3513 1478 3552 non
1507 3500 1606 3556 soli
1631 3502 1808 3574 Petro,
1838 3507 1933 3563 sed

57 3590 224 3648 simul
253 3590 515 3662 legitimis
537 3590 654 3663 ejus
686 3589 1098 3645 successoribus
1129 3589 1377 3649 Christus
1410 3598 1728 3672 contulerit,
1761 3612 1926 3676 prout

290 3712 335 3741 ιι.
1627 3707 1682 3752 15
