2262 3990
254 151 341 198 556
923 141 1223 189 TRACTATUS
1254 141 1321 188 DE
1351 141 1496 190 PAPA.

251 253 601 331 impossibile
645 255 728 308 est
774 254 839 306 ut
884 248 1194 306 articulum
1239 267 1271 306 a
1310 249 1456 324 Papa
1497 246 1794 307 definitum
1840 249 2073 308 absolute
2104 271 2166 312 ac
2259 322 2262 328 ,

248 357 448 408 sincere
479 367 663 406 verum
696 349 899 419 credat,
946 346 1093 404 sicut
1133 347 1384 423 praecipit
1423 348 1589 424 Papa.
1632 347 1840 405 Poterit
1875 348 2164 412 dumtaxat

248 450 413 505 illum
456 465 653 505 verum
688 448 919 505 credere
952 448 1056 505 sub
1098 449 1201 504 hac
1240 447 1564 505 conditione
1598 470 1610 503 :
1659 449 1940 505 dummodo
1974 454 2166 510 nonsit

248 548 539 604 credendus
561 549 730 621 salsus
755 566 822 604 ex
841 549 1043 623 judicio
1071 548 1354 604 tribunalis
1382 549 1694 623 superioria,
1727 547 1943 604 scilicet
1971 547 2167 606 collec-

245 647 420 704 tionis
445 647 872 724 Episcoporum.
918 649 1087 705 Porro
1127 649 1357 706 credere
1392 649 1498 706 sub
1531 648 1631 706 tali
1668 648 2014 718 conditione,
2052 668 2159 709 non

244 753 328 803 est
353 748 589 814 credere,
621 748 716 804 sed
746 749 1007 806 dubitare.
1050 749 1117 806 Et
1148 749 1246 824 qui
1283 749 1364 806 sic
1409 749 1607 820 credit,
1654 768 1767 806 non
1817 750 2174 826 obtemperat·

241 846 432 922 Papae3
465 847 597 923 quia
626 848 772 924 Papa
803 868 917 906 non
945 849 1198 926 praecipit
1230 850 1495 923 dubium,
1537 850 1635 907 sed
1662 856 1850 907 actum
1882 848 2031 906 fidei.
2061 850 2163 925 lgi-
2244 870 2247 872 ·

242 952 338 1002 tur
366 946 450 1003 vel
480 947 737 1024 Episcopi
794 949 1138 1023 sinqulariter
1164 953 1360 1025 sumpti
1392 968 1506 1007 non
1531 955 1799 1008 tenentur
1825 949 2052 1006 obedire
2073 949 2162 1008 de·
2191 968 2193 971 ’

243 1046 411 1103 cretis
444 1046 604 1123 Papae
646 1048 795 1106 circa
830 1049 1024 1120 fidem,
1070 1049 1154 1104 vel
1203 1049 1580 1117 tenentureis
1606 1049 1838 1107 obedire
1864 1048 2034 1106 etiam
2064 1051 2165 1107 col-

241 1147 423 1204 lective
454 1151 669 1223 sumpti.
711 1183 782 1191 —-
819 1149 1022 1205 Eadem
1052 1150 1293 1206 recurrit
1328 1150 1759 1226 impossibilitas
1806 1149 1992 1223 quoad
2017 1150 2163 1224 leges

241 1247 399 1322 Papae
419 1247 780 1324 disciplinam
809 1253 1145 1324 spectantes
1168 1249 1408 1305 Possunt
1428 1248 1603 1320 enim,
1631 1249 1688 1304 in
1717 1247 2160 1306 adversariorum

242 1352 576 1421 systemate,
609 1346 869 1422 Episcopi
907 1347 1171 1403 collective
1213 1349 1408 1421 sumpti
1450 1345 1624 1403 semel
1665 1364 1765 1421 pro
1808 1363 2034 1425 semper
2061 1351 2164 1404 sta·

242 1453 422 1521 tuere,
452 1454 516 1504 ut
548 1447 744 1505 nullus
785 1447 1094 1524 Episcopus
1121 1447 1328 1522 ligetur
1354 1447 1575 1521 legibus
1600 1446 2156 1518 RomaniPontificiS,

240 1548 350 1604 nisi
372 1568 401 1605 a
423 1549 695 1607 totalitate
711 1550 1113 1626 Episcoporum
1140 1548 1315 1606 libere
1333 1548 1635 1625 acceptatis
1654 1554 1706 1606 et
1723 1547 2089 1605 confirmatis,
2102 1547 2163 1604 Et

239 1658 375 1708 tunc
407 1651 646 1725 quilibet
681 1652 988 1727 Episcopus
1017 1651 1254 1708 seorsim
1290 1657 1554 1726 sumptus
1601 1649 1776 1706 simul
1816 1649 2161 1723 obligaretur

240 1754 294 1804 et
340 1767 452 1806 non
499 1750 844 1826 obligaretur
886 1750 1006 1823 lege
1046 1750 1352 1808 Pontificio.
1389 1748 1747 1822 obligaretur
1784 1767 1849 1804 ex
1882 1747 2160 1823 principio

242 1847 390 1920 quod
422 1847 675 1923 Episcopi
707 1849 1075 1922 singulariter
1112 1848 1326 1923 sumpti
1366 1848 1524 1923 Papae
1567 1847 1791 1904 obedire
1828 1851 2155 1915 teneantur;

243 1951 297 2000 et
323 1963 435 2000 non
464 1946 833 2019 obligaretur,
865 1948 997 2020 quia
1032 1947 1429 2019 obligationem
1459 1946 1629 2001 istam
1656 1944 2026 2001 sustulissent
2044 1942 2161 2019 Epi-

243 2042 397 2117 scopi
421 2043 688 2100 collective
707 2047 919 2119 sumpti,
950 2043 1288 2101 auctoritate
1315 2043 1637 2118 superiores
1666 2049 1720 2099 et
1747 2042 1805 2097 in
1844 2042 2031 2116 ipsum
2066 2042 2162 2097 Pa-
2246 2110 2252 2115 υ

242 2161 369 2216 pam
392 2142 857 2216 jurisdictionem
885 2144 1180 2200 habenteS.

319 2240 374 2294 5⁰
401 2240 608 2298 Eadem
639 2241 1069 2317 impossibilitas
1093 2241 1172 2296 sic
1196 2239 1423 2315 probari
1450 2246 1633 2314 potest
1660 2260 1671 2293 ε
1702 2237 1888 2311 agitur
1916 2237 1982 2293 de
2006 2237 2162 2313 Papae

239 2338 299 2394 in
350 2341 587 2413 sinqulos
627 2341 929 2417 Episcopos
967 2339 1390 2415 jurisdictione,
1436 2356 1561 2412 quae
1599 2338 1672 2394 sit
1707 2337 1869 2412 plena
1909 2337 2162 2393 etaincle-

234 2440 472 2513 pendens
499 2459 529 2496 α
552 2440 863 2498 collectione
885 2440 1289 2516 Episcoporum.
1317 2437 1506 2494 Talem
1529 2436 1681 2493 enim
1706 2436 1957 2492 Romano
1978 2434 2160 2491 Ponti-

240 2537 331 2593 fici
352 2538 815 2611 jurisdictionem
854 2545 1172 2614 competere
1199 2537 1268 2594 de
1294 2535 1403 2592 fide
1429 2540 1535 2607 est,
1570 2541 1631 2591 ut
1664 2533 1773 2609 ipsi
1800 2534 1969 2591 etiam
2001 2531 2159 2606 galli-

239 2636 364 2691 cani
392 2639 713 2712 systematis
746 2645 1194 2715 propugnatores
1218 2636 1369 2693 ultro
1405 2633 1768 2692 confitentur.
1823 2634 1991 2690 Porro
2031 2630 2160 2689 talis

240 2753 363 2792 esse
398 2738 596 2810 nequit
630 2739 789 2812 Papae
810 2737 1134 2812 jurisdictio
1163 2739 1219 2793 in
1253 2734 1510 2809 sinqulos,
1540 2733 1648 2790 nisi
1674 2733 1872 2791 existat
1905 2733 2071 2789 etiam
2107 2733 2159 2788 in

241 2835 508 2892 collective
534 2844 790 2910 sumpta&
815 2837 951 2892 Nam
989 2836 1037 2891 si
1062 2837 1206 2910 Papa
1230 2832 1689 2909 jurisdictionem
1711 2850 1825 2888 non
1845 2832 2076 2889 haberet
2099 2829 2155 2885 in

242 2936 542 3012 Episcopos
587 2937 855 2994 collective
879 2944 1141 3010 summm,
1171 2933 1268 2991 sed
1296 2940 1523 2991 econtra
1555 2933 1636 2989 eis
1674 2933 2011 3007 subjaceret,
2038 2948 2158 3006 pos·

242 3045 367 3094 sent
394 3038 676 3114 Episcopi,
706 3037 993 3095 collective
1027 3035 1264 3110 agend0‚
1295 3033 1603 3108 quemlibet
1634 3032 1937 3090 Pontificiae
1963 3031 2020 3088 in
2048 3030 2158 3088 sin-

240 3135 401 3209 gulos
436 3135 850 3212 jurisdictionis
899 3141 1087 3191 actum
1121 3130 1430 3188 invalidum
1458 3129 1712 3202 reddere,
1748 3129 1942 3204 sicque
1982 3133 2156 3186 totam

239 3236 398 3311 Papae
436 3236 895 3311 jurisdictionem
936 3233 1164 3291 elidere.
1218 3230 1382 3287 Verbi
1434 3229 1634 3305 gratia,
1677 3229 1869 3287 statim
1913 3247 1975 3285 ac
2016 3228 2156 3302 Papa

242 3336 421 3409 legem
469 3337 716 3411 aliquam
779 3334 1069 3406 edidisset,
1117 3337 1304 3408 posset
1350 3330 1527 3405 major
1572 3347 1704 3405 pars
1752 3329 2154 3405 Episcoporum

243 3434 422 3506 legem
451 3437 608 3493 illam
647 3438 939 3512 abrogare.
983 3436 1100 3490 Imo
1140 3438 1328 3508 posset
1378 3430 1437 3486 in
1480 3435 1835 3486 antecessum
1882 3427 2156 3502 quaslibet

243 3531 394 3604 leges
427 3535 641 3610 absque
680 3537 861 3612 ipsius
892 3552 1173 3593 consensu
1225 3532 1284 3587 in
1323 3535 1614 3606 posterum
1658 3546 1688 3584 a
1718 3528 1862 3603 Papa
1898 3524 2154 3583 ferendas

247 3626 520 3688 invalidas
547 3632 875 3691 decernere.
904 3634 1074 3691 Porro
1105 3629 1236 3687 talis
1268 3628 1421 3703 Papae
1440 3625 1763 3700 jurisdictio
1794 3624 1853 3679 in
1879 3622 2151 3695 singulm,
