2262 3990
882 199 1007 250 PARS
1037 198 1235 249 marti.
1881 221 1890 228 ·
1908 195 1996 244 585

133 316 235 373 tam
259 319 534 387 aperteque
556 310 857 380 deserimus,
894 325 1046 383 quam
1081 306 1188 364 haee
1220 307 1338 380 ipsa
1370 305 1555 380 pietati
1592 310 1694 361 tuas
1743 303 1995 361 indicare-

132 428 263 468 mus.
293 409 531 482 Diqneris
555 405 775 481 proinde
796 404 917 479 quid
944 405 1027 460 hic
1067 404 1264 460 sentias
1287 401 1620 477 praescribere
1634 422 1653 467 ,·
1675 417 1772 475 quo
1799 400 1994 473 liquido

132 510 274 565 nobis
297 513 513 576 constet,
535 485 974 562 communicarem
1005 519 1102 559 nos
1138 518 1252 558 cum
1283 501 1371 558 illo
1394 505 1652 575 oporteat,
1691 517 1760 556 an
1786 516 1904 556 vero
1937 498 1996 556 a·

126 607 243 662 bere
259 604 424 662 eidem
451 604 777 672 deauratam,
798 602 1054 658 neminem
1083 617 1194 656 cum
1213 617 1271 656 eo
1292 600 1688 656 communicare.
1713 597 1882 671 Rogat
1914 596 1996 655 in-

127 716 291 774 super
313 699 369 755 S.
405 697 646 774 Cyrillus
669 703 731 754 ut
748 696 803 753 S.
825 695 1150 752 Caelestinus
1175 713 1335 752 suam
1363 694 1466 751 hae
1487 694 1553 752 de
1578 712 1639 752 re
1665 692 1994 751 sententiam

126 795 307 852 mittat
329 794 397 850 ad
424 811 615 851 omnes
636 791 870 850 Orientis
887 789 1199 866 EpiscopOS,
1227 798 1283 846 ut
1306 808 1480 846 omnes
1501 809 1604 847 uno
1631 792 1801 849 animo
1826 793 1997 848 inuna

121 893 374 948 sententia
397 892 698 964 persistant,
733 895 982 959 rectaeque
1013 887 1136 958 fidei
1167 903 1314 959 opem
1347 887 1523 958 ferant
1564 887 1782 961 (Labbe,
1821 893 1860 944 t.
1903 887 1991 958 111,

124 991 227 1047 eol.
255 989 382 1059 544,
410 987 543 1044 edit.
581 986 768 1059 1671).
799 984 878 1042 lbi
919 985 1034 1058 jam
1085 983 1232 1041 videt
1261 984 1434 1042 lector
1456 983 1690 1041 Romani
1723 984 1997 1043 Pontitieis

119 1085 393 1162 judicium
421 1085 638 1161 exposci
662 1084 729 1141 ab
757 1082 1125 1141 Alexandrino
1154 1082 1492 1152 Patriarcha,
1517 1088 1784 1156 tanquam
1815 1090 1996 1141 tutam

126 1187 489 1242 communionis
516 1189 568 1240 et
597 1185 719 1255 fidei
753 1182 1025 1256 regulam.
1075 1181 1362 1257 Supponit.
1382 1187 1565 1238 autem
1608 1181 1841 1259 Cyrillus
1872 1189 1995 1258 post

124 1282 397 1357 prolatum
423 1299 451 1337 a
473 1282 613 1356 Papa
625 1279 899 1354 judicium
923 1297 1032 1336 non
1062 1297 1222 1354 posse
1250 1278 1412 1336 aliter
1436 1278 1734 1354 Episcopos
1762 1280 1996 1351 sentire,

126 1379 398 1452 siquidem
428 1378 701 1453 judicium
745 1377 893 1435 istud
931 1377 1154 1453 expetit,
1197 1387 1255 1435 ut
1291 1396 1466 1435 omnes
1506 1380 1560 1434 in
1599 1396 1704 1434 etna
1742 1382 1997 1438 sententia

124 1479 428 1551 persistant,
471 1484 726 1549 reetaeque
758 1478 879 1550 fidei
904 1476 1237 1533 adhaereant.

200 1572 254 1627 2⁰
286 1572 426 1628 Misit
451 1571 506 1629 S.
526 1572 849 1630 Coelestinus
879 1574 1185 1649 postulatas
1217 1573 1501 1648 epistolas,
1526 1574 1733 1648 quihus
1760 1574 1998 1632 Nestorii

127 1667 430 1724 doctrinam
457 1668 756 1737 damnavit,
793 1675 845 1726 et
885 1687 976 1726 eas
1023 1669 1090 1725 ad
1121 1670 1300 1726 varios
1329 1670 1568 1726 Orientis
1597 1670 1892 1745 Episcopos
1915 1670 1998 1726 di-

125 1764 265 1821 rexit
288 1765 340 1820 S.
370 1765 619 1839 Cyrinus.
659 1765 714 1821 In
746 1784 846 1821 sua
886 1773 1071 1822 autem
1115 1767 1183 1822 ad
1212 1766 1476 1841 Cyrillum
1509 1766 1739 1841 epistola
1773 1767 1822 1822 ei
1850 1767 1997 1824 vices

124 1878 251 1916 suas
278 1860 541 1933 delegavit
560 1861 626 1918 ad
644 1861 1031 1935 deponendum
1048 1862 1382 1919 Nestorium.
1406 1861 1767 1933 Quamobrem,
1788 1863 1992 1936 inquit,

121 1962 308 2011 nostrat
334 1956 483 2013 Sedis
508 1959 820 2015 auctoritate
847 1958 1067 2028 adscita,
1098 1966 1380 2031 nostraque
1400 1959 1504 2014 vice
1529 1966 1580 2013 et
1620 1959 1733 2014 Ioco
1766 1977 1879 2015 cum
1899 1977 1993 2034 po-

121 2058 302 2108 testate
341 2070 482 2119 usus,
520 2055 771 2126 ejusmodi
823 2071 925 2110 non
959 2056 1145 2128 absque
1183 2056 1438 2128 exquisita
1474 2057 1748 2111 severitate
1796 2064 1997 2113 senten-

122 2149 243 2204 tiam
277 2150 541 2221 exequeris
564 2170 578 2202 :
599 2167 802 2222 nempe,
841 2158 897 2205 ut
926 2152 1025 2205 nisi
1053 2151 1226 2206 decem
1248 2152 1448 2206 dierum
1469 2151 1746 2207 intervallo
1764 2154 1825 2207 ab
1844 2154 1994 2225 hujus

120 2251 317 2299 nostrae
361 2245 724 2300 admonitionis
765 2246 848 2300 die
884 2247 1346 2319 numerandormn,
1397 2249 1659 2319 nefaria-m
1703 2248 1995 2304 doctrinam

121 2360 266 2397 suant
316 2343 568 2414 conceptis
594 2342 753 2396 verbis
793 2343 1287 2412 anathematizet...,
1326 2343 1468 2399 illico
1491 2346 1758 2401 sanctitas
1792 2353 1878 2400 tua
1915 2346 1995 2401 illi

122 2438 368 2495 Ecclesiae
408 2440 692 2513 prospiciat
743 2438 960 2510 (Labbe‚
1002 2444 1042 2494 t.
1086 2439 1174 2510 111,
1225 2439 1328 2496 eol.
1383 2440 1514 2509 549,
1558 2440 1690 2497 edit.
1746 2440 1992 2513 ParisiiS,

123 2538 311 2609 1671).
364 2537 512 2592 llane
561 2535 797 2592 Nestorii
833 2536 1353 2594 condemnationem
1395 2555 1425 2592 a
1467 2539 1608 2613 Papa
1648 2538 1707 2593 in
1747 2538 1993 2596 Romana

121 2633 325 2710 synodo
365 2633 776 2709 pronuntiatam
807 2640 1075 2690 memorat
1109 2633 1161 2689 S.
1198 2634 1430 2710 Cyrillus
1461 2635 1519 2691 in
1559 2635 1676 2692 suis
1716 2636 1784 2692 ad
1834 2638 1995 2694 Joan-

122 2749 247 2787 nem
271 2733 709 2789 Anthioehenum
737 2732 1110 2790 Patriareham
1140 2733 1339 2790 litteris
1367 2754 1378 2788 t
1415 2735 1610 2792 Sancta
1644 2735 1882 2793 Romana
1913 2756 1994 2810 sy-

124 2830 307 2898 nodus,
336 2829 431 2899 ait,
471 2832 714 2886 disertam
737 2833 914 2887 statim
939 2833 992 2886 in
1025 2830 1170 2887 illum
1198 2835 1506 2889 sententiam
1541 2833 1678 2888 tulit.
1707 2833 1768 2888 Et
1801 2839 1989 2908 postea

127 2923 404 2996 subjungit
435 2926 657 2983 :Horum
683 2930 901 3001 proinde
921 2931 1123 2985 decreto
1143 2932 1309 2986 modis
1331 2933 1566 2987 omnibus
1593 2931 1889 3003 parendum
1911 2939 1986 2986 est

127 3020 229 3076 illis
245 3025 326 3094 qui
344 3041 374 3078 a
392 3025 547 3079 totius
572 3023 860 3081 Occidentis
879 3030 1232 3084 communione
1247 3030 1485 3085 excidere
1511 3028 1846 3086 noluerint...
1873 3028 1984 3086 Nos

127 3118 260 3173 enim
288 3135 556 3191 sequemur
578 3137 688 3192 quae
715 3120 789 3175 illi
811 3122 1196 3193 judicaverunt.
1224 3126 1470 3182 Veremur
1494 3143 1712 3198 namque
1736 3143 1803 3181 ne
1828 3143 1859 3182 a
1880 3134 1988 3182 tan-

126 3222 294 3269 torum
329 3215 679 3271 communione
709 3217 1019 3275 excidamus.
1064 3219 1140 3275 lbi
1184 3220 1390 3277 iterum
1417 3221 1563 3278 videt
1594 3221 1766 3279 lector
1783 3222 1987 3280 admis-

68 3389 70 3391 .
125 3328 242 3366 sam
272 3329 300 3366 a
327 3310 380 3367 S.
415 3311 609 3388 Cyrilto
655 3313 1036 3371 necessitatem
1081 3316 1393 3375 adhaerendi
1426 3318 1635 3392 judicio
1677 3319 1983 3396 dogmatico

125 3406 350 3463 Romani
379 3408 671 3466 pontificis.

198 3507 252 3560 5⁰
277 3507 334 3563 In
354 3508 621 3564 sententia
647 3508 1004 3585 depositionis
1027 3519 1217 3570 contra
1250 3512 1558 3572 Nestorium
1577 3515 1654 3573 sie
1676 3513 1983 3592 loquuntur

123 3602 380 3677 Ephesini
423 3605 643 3663 concilii
672 3608 892 3665 Patres:
919 3607 1210 3685 Coactiper
1237 3631 1412 3670 sacros
1457 3633 1674 3674 cationes
1711 3624 1761 3673 et
1797 3619 1983 3691 episto-
