2262 3990
794 139 922 187 PARS
949 138 1189 188 saeuum.
1562 168 1567 173 ·
1839 132 1924 180 421

0 248 1 258 ¹
58 251 316 319 mitur.
362 244 439 300 De
477 245 558 301 bis
597 245 828 302 omnibus
855 261 946 318 eqo
977 243 1047 300 ad
1076 241 1224 300 illum
1261 237 1528 314 epistolam
1553 237 1695 304 misi,
1732 253 1924 311 royans

0 370 3 396 ι
59 336 213 416 atque
236 343 514 398 obtestans.
550 341 608 398 Et
643 341 926 415 aliquanto
958 345 1082 416 post
1115 358 1127 392 z
1160 337 1263 395 Sed
1281 342 1334 393 et
1356 335 1691 406 charissimis,
1709 332 1921 407 inquit,

55 436 301 511 fratribus
336 446 386 493 et
409 439 832 511 compresbyteris
870 438 1064 493 nostris
1104 434 1355 507 Dionysio
1386 448 1446 488 ac
1488 429 1804 500 Philemoni,
1835 431 1922 504 qui
1956 421 1965 430 “

52 540 197 611 prins
230 537 365 592 idem
403 554 516 592 cum
541 536 807 610 Stephano
829 541 1099 592 senserant
1133 534 1298 607 deque
1335 531 1518 587 iisdem
1548 529 1698 585 rebus
1743 527 1812 584 ad
1839 544 1922 584 me

56 636 394 707 scripserant,
433 641 587 689 antea
618 633 820 706 quidem
863 633 1108 701 breviter,
1139 647 1275 685 nunc
1311 645 1432 685 vero
1474 627 1712 702 pluribus
1756 624 1925 682 verbis

57 734 259 806 scripsi.
283 731 480 787 Verum
507 730 573 785 de
602 728 912 803 supradicta
941 726 1245 800 quaestione
1273 727 1561 782 hactenus,
1595 745 1624 778 »

130 829 278 886 Alias
302 825 541 903 Dionysii
567 824 828 899 epistolas
866 823 932 878 de
964 822 1267 896 baptismO,
1302 821 1434 877 citat
1464 828 1562 877 aut
1583 838 1926 878 commemo-

56 929 139 979 rat
166 921 435 979 Eusebius
480 918 679 992 (capite
727 935 794 972 vu
837 922 888 972 et
931 916 1295 988 sequentibus
1333 915 1462 970 libri
1508 917 1614 988 vll)
1653 923 1714 972 ut
1747 917 1927 991 sequi-

54 1024 178 1073 tur:
208 1038 235 1069 α
262 1017 321 1071 In
352 1013 514 1071 tertia
537 1018 723 1069 autem
754 1011 988 1087 epistola
1014 1011 1082 1067 ad
1113 1010 1513 1079 Philemonem,
1537 1011 1792 1069 Ecclesiae
1819 1013 1925 1070 Ro-

50 1129 224 1168 manae
252 1112 635 1185 presbyterum
665 1110 729 1165 de
759 1112 1016 1182 baptismo
1049 1109 1274 1183 scripta,
1302 1108 1448 1165 idem
1483 1109 1778 1183 Dionysius
1806 1112 1926 1168 haec

48 1205 211 1263 refert
243 1227 254 1259 ε
378 1205 520 1260 Hanc
553 1222 642 1276 eqo
665 1204 895 1277 requiam
926 1213 973 1258 et
999 1205 1224 1276 formam
1254 1221 1284 1258 a
1310 1205 1605 1259 beatissimo
1629 1204 1779 1277 Papa
1805 1223 1926 1261 nos-

50 1313 128 1360 tro
155 1302 376 1359 Heracla
402 1304 590 1375 accepi.
623 1302 725 1357 Eos
757 1303 894 1356 enim
920 1302 1003 1373 qui
1027 1302 1086 1355 ab
1117 1302 1380 1356 liaereticis
1404 1302 1692 1373 veniebant,
1722 1304 1928 1358 tametsi

48 1403 374 1474 defecissent,
414 1418 502 1455 seu
536 1402 713 1472 potius
751 1417 853 1454 non
901 1400 1214 1471 defecissent
1238 1399 1311 1454 illi
1341 1400 1567 1470 quidem,
1603 1401 1695 1454 sed
1724 1403 1777 1455 in
1803 1419 1921 1472 spe·

48 1501 170 1554 ciem
198 1516 308 1553 cum
337 1498 591 1568 fratribus
615 1498 1069 1566 communicantes,
1100 1498 1231 1551 clam
1255 1514 1519 1568 perversae
1540 1497 1793 1551 doctrinae
1818 1515 1927 1552 ma-

43 1597 233 1667 yistros
267 1594 415 1648 adire
445 1593 607 1648 delati
639 1599 828 1660 essent,
857 1594 919 1646 ab
947 1592 1181 1647 Ecclesia
1211 1594 1424 1665 ejectos,
1447 1601 1568 1664 post
1589 1593 1779 1647 multas
1809 1601 1924 1656 tan-

43 1692 157 1747 dem
177 1709 356 1763 preces
383 1709 481 1745 non
499 1692 646 1762 prius
685 1690 916 1757 adrnisit,
953 1708 1107 1761 qnam
1141 1707 1473 1761 qnaecumque
1499 1691 1559 1744 ab
1593 1690 1919 1744 adversariis

45 1789 318 1844 audierant
343 1786 516 1860 palam
542 1788 917 1859 exposuissent.
952 1786 1025 1842 Ac
1052 1795 1156 1841 tum
1189 1788 1389 1842 demum
1416 1788 1484 1842 ad
1515 1789 1925 1842 communionem

46 1902 131 1941 eos
157 1886 484 1954 admittebat,
520 1902 842 1956 nequaquam
887 1885 1193 1938 existimans
1234 1886 1424 1938 iterato
1455 1885 1767 1956 baptismate
1793 1901 1918 1957 opus

43 1999 172 2037 esse.
215 1982 410 2055 Quippe
441 1984 554 2053 jam
585 1990 737 2036 antea
767 1980 1014 2054 Spiritum
1056 1989 1290 2035 sanctum
1331 1982 1394 2035 ab
1434 1983 1543 2053 ipso
1586 1975 1913 2054 acceperant.

42 2076 250 2134 Rursus
291 2080 390 2134 hac
422 2078 718 2150 quaestionc
765 2077 986 2133 abunde
1017 2077 1300 2140 ventilata,
1343 2077 1626 2133 concludit
1667 2078 1723 2131 in
1767 2079 1916 2133 hunc

46 2172 268 2227 modum
301 2195 312 2224 ι
340 2173 494 2239 Illud,
524 2172 725 2243 inquit,
755 2182 1012 2244 praeterea
1038 2173 1216 2249 didici,
1245 2190 1345 2226 non
1373 2173 1434 2226 ab
1471 2173 1615 2243 Afris
1640 2174 1764 2228 solis
1787 2175 1918 2230 hunc

44 2284 236 2320 morem
263 2284 395 2320 intuo
414 2269 636 2338 primum
671 2270 919 2320 invectum
959 2266 1142 2334 fuisse,
1174 2269 1265 2320 sed
1288 2276 1338 2322 et
1363 2268 1524 2321 multo
1549 2276 1727 2336 antea,
1764 2287 1914 2340 supe·

47 2362 239 2415 riorum
264 2361 632 2433 Episcoporum
652 2351 995 2434 temporibus,
1031 2364 1080 2416 in
1102 2361 1346 2418 Ecclesiis
1388 2365 1822 2436 populosissinn'3‚
1862 2373 1912 2420 et

46 2458 99 2510 in
122 2456 348 2511 conciliis
372 2435 597 2526 fratrum
624 2457 764 2528 apud
792 2455 1021 2511 Iconium
1046 2466 1093 2512 et
1117 2457 1389 2530 Synnada,
1411 2469 1460 2514 et
1481 2461 1621 2532 apud
1638 2461 1769 2515 alios
1787 2459 1908 2532 plu-

42 2554 199 2607 rimos
224 2552 356 2606 idem
373 2554 630 2606 sancitum
649 2554 828 2624 fuisse.
852 2551 1078 2619 Quorum
1095 2557 1376 2611 sententias
1402 2563 1450 2611 et
1468 2564 1669 2611 statuta
1697 2557 1905 2612 subver-

42 2657 171 2729 tere,
217 2668 402 2721 cosque
430 2650 497 2705 ad
522 2652 699 2722 jurqia
729 2658 776 2705 et
804 2654 1158 2707 contentiones
1199 2655 1425 2709 excitare
1461 2655 1697 2726 equidem
1723 2655 1900 2711 nolim.

41 2745 298 2817 Scriptum
330 2754 403 2801 est
426 2748 558 2800 enim
585 2766 600 2799 .·
629 2746 741 2802 Non
775 2749 1109 2804 commutabis
1135 2752 1382 2805 terminos
1418 2753 1648 2823 proximi
1682 2753 1753 2807 tui
1777 2770 1904 2825 quos

34 2848 275 2913 parentes
303 2844 374 2896 tui
402 2845 798 2899 constit-uerunt.
826 2843 1028 2907 Quarta
1051 2847 1170 2919 ejus
1196 2848 1258 2902 de
1290 2849 1550 2920 baptismo
1581 2849 1811 2922 epistola
1833 2849 1903 2903 ad

0 3002 4 3005 ι
39 2936 351 3009 Dionysium
377 2938 578 3011 scripta
601 2947 705 3007 est,
729 2946 863 2996 tunc
886 2942 1107 3014 quidem
1138 2944 1399 2999 Romanae
1428 2944 1584 2998 urbis
1620 2946 1901 3020 presbyte-

41 3050 187 3100 rum,
225 3031 317 3087 sed
355 3032 449 3104 qui
475 3032 756 3104 aliquanto
796 3042 917 3109 post
944 3044 1190 3112 tempore
1229 3039 1476 3111 ejusdcm
1508 3038 1666 3093 urhis
1687 3039 1907 3113 Episco-

41 3147 146 3203 pus
170 3135 249 3184 cst
271 3128 622 3185 constitutus.
646 3129 722 3184 Ex
737 3149 846 3203 qua
873 3133 1019 3188 hunc
1039 3134 1222 3208 ipsum
1247 3136 1558 3190 Romanum
1580 3137 1898 3211 Dionysium

40 3225 477 3281 eruditissimum
502 3225 774 3299 planeque
801 3227 1192 3285 admirandum
1225 3231 1403 3286 virum
1431 3231 1624 3302 fuisse,
1647 3234 1894 3292 testimo-

39 3327 130 3382 nio
169 3326 407 3400 Dionysii
441 3324 810 3394 Alexandrini,
858 3326 984 3382 licet
1027 3346 1375 3401 cognoscere.
1412 3331 1577 3387 Porro
1603 3331 1661 3388 in
1693 3334 1796 3391 hac
1825 3335 1894 3393 ad

39 3422 198 3480 illum
230 3423 459 3497 epistola
482 3423 547 3479 dc
567 3424 765 3479 Novato
794 3424 867 3480 ita
898 3424 1090 3481 scribit
1119 3445 1130 3479 2

114 3540 142 3574 α
175 3519 308 3578 Nam
341 3520 714 3592 Novatianum,
759 3520 966 3594 inquit,
994 3525 1177 3580 merito
1212 3542 1533 3599 aversamur,
1581 3529 1768 3604 quippe
1805 3530 1891 3604 qui
