2262 3990
804 169 931 216 PARS
959 166 1143 214 TERTIA
1153 202 1164 214 .
1692 164 1714 170 ‘
1828 164 1915 212 525

53 282 234 341 diatus
273 280 511 336 vicarius
549 275 772 335 Christi.
800 296 828 328 n
860 274 1032 347 Igitur
1071 274 1142 330 ad
1186 272 1383 346 dogma
1419 272 1751 329 catholicum
1792 291 1916 348 per-

53 378 210 445 tinet,
241 377 441 450 Papam
478 392 599 432 esse
623 372 974 429 immediatum
999 370 1192 427 Christi
1217 370 1483 426 vicarium.
1510 369 1675 426 Porro
1711 369 1758 426 si
1789 388 1917 426 con-

49 470 239 526 cilium
287 476 431 527 esset
477 486 643 545 supra
690 468 913 542 Papam,
952 464 1069 538 jam
1117 482 1228 520 non
1276 465 1453 540 Papa,
1500 465 1597 522 sed
1622 458 1930 521 concilium

50 566 403 623 immediatus
445 564 645 621 Christi
690 562 932 620 vicarius
960 561 1214 617 foret.—
1242 561 1300 616 In
1339 561 1531 618 eadem
1573 561 1779 636 synodo
1823 561 1918 617 de-

46 662 213 718 crevit
239 648 504 718 Martinus
528 661 567 717 V
591 664 873 734 suspectos
900 655 1320 728 interrogandos
1354 674 1473 714 esse
1508 675 1581 713 an
1607 657 1916 728 crederent,

50 760 183 831 qnod
218 759 362 831 Papa
396 759 642 814 canonice
670 755 931 811 electum..
974 753 1044 807 sit
1079 770 1346 808 successor
1372 755 1507 809 beati
1537 754 1704 824 Petri,
1730 756 1917 811 habens

46 873 338 928 supremam
381 855 740 910 auctoritatem
779 851 833 904 in
879 848 1110 904 Ecclesia-
1149 849 1262 904 Dei.
1308 851 1476 907 Porro
1525 851 1572 907 si
1618 852 1915 908 concilium

51 953 191 1008 soret
230 970 394 1025 supra
437 951 656 1024 Papam,
699 945 1037 1002 credendum
1079 963 1190 1000 non
1231 953 1374 1021 essct
1410 947 1566 1021 Papae
1606 956 1918 1024 competere

45 1066 337 1122 supremam
360 1045 739 1103 auctoritatem
779 1043 836 1097 in
869 1042 1110 1098 Ecclesia
1134 1042 1244 1109 Dei3
1275 1061 1464 1098 revera
1496 1045 1645 1100 enim
1671 1065 1915 1119 suprema

45 1145 365 1215 auctoritaS‚
401 1161 510 1198 non
535 1143 711 1215 Papae‚
745 1140 839 1196 sed
873 1139 1105 1195 concilio
1137 1146 1489 1214 competeret.

122 1241 172 1295 7.
203 1240 246 1295 Ε
271 1241 465 1312 synodo
497 1239 800 1294 oecumenica
834 1236 878 1291 F
881 1238 1155 1306 lorentina,
1194 1254 1331 1291 cumo
1369 1236 1533 1292 1458.
1564 1270 1635 1277 —
1663 1237 1914 1294 Definivit

43 1338 283 1393 Romano
307 1335 554 1392 Pontifici
581 1353 610 1389 a
638 1333 850 1389 Christo
885 1332 1140 1387 traditam
1167 1331 1338 1387 fuisse
1363 1332 1573 1405 plenam
1602 1342 1914 1406 potestatem

41 1435 307 1505 pascendi,
343 1434 556 1505 regendi
594 1450 652 1487 ac
689 1432 1009 1503 ynbernandi
1046 1433 1333 1485 universam
1373 1431 1655 1486 Ecclesiam
1691 1433 1911 1506 (Labhe,

47 1538 83 1584 t.
115 1531 241 1599 xm,
283 1531 386 1585 col.
438 1530 568 1598 515,
618 1529 861 1597 Parisiis,
910 1528 1097 1596 1672).
1141 1527 1194 1582 Si
1235 1527 1531 1583 concilium
1569 1529 1709 1584 foret
1745 1548 1914 1603 supra

40 1627 260 1699 Papam,
287 1645 396 1682 non
423 1626 717 1700 recepisset
758 1626 892 1698 Papa
928 1625 1140 1697 plenam
1171 1631 1518 1699 potestatem,
1564 1627 1656 1681 sed
1698 1634 1911 1700 partem

42 1722 325 1779 dumtaxat
354 1723 636 1796 potestatis
666 1744 675 1775 :
710 1722 878 1776 immo
906 1721 1086 1793 potior
1120 1739 1246 1794 pars
1285 1722 1517 1776 concilio
1551 1729 1906 1795 competeret.

37 1817 207 1887 igitur
239 1819 393 1891 plena
425 1819 536 1873 inec
569 1823 808 1890 potestas
845 1817 1009 1889 Papae-
1047 1815 1320 1871 divinitus·
1353 1817 1578 1887 tradita,
1622 1818 1787 1873 ctiam
1826 1838 1908 1875 rc-

37 1912 196 1969 lative
223 1914 289 1968 ad
315 1914 614 1969 concilium
641 1913 994 1984 intelligenda
1021 1919 1124 1967 est.
1154 1912 1307 1974 Quod
1336 1920 1519 1969 autem
1551 1913 1906 1988 intelligenda

38 2007 107 2062 sit
136 2009 317 2079 quoad
347 2009 532 2078 fidem,
572 2008 925 2082 disciplinam
965 2014 1015 2062 ct
1035 2007 1262 2079 judicia,
1293 2008 1554 2064 evincunt
1586 2011 1669 2065 lue
1700 2030 1856 2067 voces
1890 2032 1899 2063 :

42 2104 312 2176 Pascendi‚
342 2107 548 2177 reyendi
570 2124 630 2160 ac
659 2105 994 2178 (subernamlk
1025 2104 1196 2159 immo
1221 2110 1274 2158 ct
1301 2106 1416 2159 sola
1441 2106 1539 2160 ista
1563 2106 1728 2162 dictio
1750 2109 1908 2179 plena

45 2205 289 2268 potestas,
322 2201 492 2254 ¹Plena
537 2200 810 2270 siquidem
852 2217 961 2253 non
1008 2203 1172 2267 essct,
1219 2198 1327 2252 nisi
1374 2199 1495 2253 talis
1544 2200 1685 2254 soret
1728 2202 1906 2273 quoad

48 2292 316 2366 triplicem
348 2294 496 2348 illam
532 2295 836 2348 materiam.

121 2388 175 2442 8.
217 2389 259 2444 E
292 2392 484 2461 syuodo
530 2390 861 2446 Lateranensi
906 2391 1080 2460 quinta
1126 2391 1213 2469 sub
1252 2390 1419 2445 Leone
1454 2390 1520 2446 X.
1555 2424 1628 2430 -—
1655 2393 1904 2466 Synodus

46 2486 179 2556 haec,
216 2485 291 2540 ait
323 2485 709 2567 Bellamdnus,
744 2509 769 2538 «
797 2486 997 2541 diserte
1036 2494 1087 2542 ct
1119 2505 1182 2542 ex
1222 2487 1466 2560 professo
1505 2488 1689 2544 docuit
1727 2490 1907 2546 Ponti-

41 2582 197 2637 ticem
243 2601 362 2639 esse
401 2602 566 2657 supra
611 2583 795 2639 omnia
836 2583 1090 2652 concilia,
1125 2590 1175 2638 et
1210 2585 1521 2658 reprobavit
1563 2587 1904 2642 contrarium

40 2678 318 2735 decretum
372 2681 580 2737 editum
624 2680 682 2735 in
732 2680 963 2735 concilio
1007 2680 1302 2735 Basilccnsi
1337 2704 1361 2732 »
1420 2683 1512 2754 (de
1559 2683 1907 2738 Conciliornm

41 2777 364 2847 auctoritate,
396 2776 490 2832 lib.
522 2777 583 2847 11,
615 2795 734 2851 cap.
771 2775 911 2847 xvu).
953 2775 1039 2830 Sic
1078 2794 1275 2850 nempe
1309 2778 1489 2848 legere
1522 2783 1626 2848 est,
1661 2779 1904 2834 sessione

42 2870 329 2927 undecima
367 2874 584 2928 concilii
618 2875 996 2930 Lateranensis
1037 2875 1216 2946 quinti
1257 2896 1267 2927 ε
1313 2875 1548 2930 «Solum
1593 2877 1902 2931 Romanum

38 2966 371 3036 Pontificem,
408 2977 646 3040 tanquam
678 2989 831 3042 super
858 2974 1031 3026 omnia
1067 2973 1280 3026 concilia
1311 2974 1677 3026 amtoritatem
1717 2974 1903 3027 haben-

42 3071 163 3131 tem,
195 3063 554 3127 conciliorum
585 3066 1025 3135 indicendorum,
1067 3069 1578 3125 transferendorum
1612 3087 1673 3123 ac
1711 3069 1904 3125 dissol-

40 3160 340 3215 vendorum
370 3161 592 3234 plenum
614 3163 706 3235 jus
731 3170 782 3219 et
808 3170 1132 3237 potestatem
1159 3167 1379 3234 hahere,
1409 3166 1613 3221 nedum
1642 3184 1706 3220 ex
1735 3186 1902 3224 sacrae

40 3258 332 3331 Scripturze
364 3258 698 3331 testimonio,
723 3260 895 3332 [dictis
939 3268 1255 3317 sanctorum
1300 3264 1521 3318 Patrum
1564 3282 1626 3317 ac
1666 3263 1899 3320 aliorum

39 3354 408 3409 Romanorum
446 3353 789 3425 Pontificum,
827 3355 923 3410 sed
956 3356 1181 3429 propria
1216 3357 1381 3412 etiam
1421 3358 1741 3414 eorumdem
1770 3379 1895 3417 con-

39 3452 293 3507 ciliorum
334 3451 675 3508 confessione
711 3452 1002 3508 manifeste
1041 3459 1325 3511 constat.»

112 3548 371 3620 Equidem
402 3548 664 3604 Gallicani
703 3548 938 3622 theologi
973 3550 1117 3607 haud
1149 3551 1331 3626 pauci,
1369 3551 1612 3611 ridentes
1643 3573 1740 3629 per
1775 3563 1888 3614 tam
