2262 3990
862 196 989 246 PARS
1019 194 1215 242 TERTIA.
1286 239 1290 244 .
1889 190 1976 238 565

106 311 289 382 caput,
331 312 384 363 et
418 304 667 361 omnium
706 303 1138 361 christianorum
1179 306 1391 377 patrem
1425 317 1487 357 ac
1519 299 1795 357 doctorem
1830 298 1974 356 exis-

106 410 239 474 tere,
274 408 327 459 et
361 402 465 477 ipsi
493 402 550 457 in
590 401 748 457 beato
778 399 932 456 Petro
958 398 1238 475 pascendi,
1273 397 1497 472 regendi
1531 415 1593 454 ac
1629 397 1974 471 gubernandi

105 497 473 556 universalem
501 497 796 554 Ecclesiam
829 515 858 552 a
886 496 1114 553 Domino
1146 502 1336 553 nostro
1368 495 1498 551 Jesu
1530 493 1742 550 Christo
1765 494 1975 569 plenam

102 599 423 669 potestatem
449 593 709 651 traditam
742 609 879 649 esse.
906 613 933 644 »
963 593 1128 667 (SeSS.
1157 611 1271 647 xxv.
1293 591 1530 667 —Apud
1549 590 1748 661 Labbe,
1774 595 1813 647 t.
1839 590 1974 662 XIII,

100 691 204 748 col.
236 691 365 761 5¹5,
395 689 525 747 edit.
554 689 800 758 ParisiiS‚
830 688 1022 760 1671.)
1064 688 1372 761 Supremam
1413 688 1708 745 declaravit
1735 705 1975 745 oecume-

98 786 680 846 nicumTri‹Ientinu1n
707 783 1003 842 concilium
1028 784 1113 839 his
1132 784 1311 840 verbis
1336 806 1345 838 :
1375 785 1699 842 «Pontifices
1721 787 1972 858 maximi,

102 903 246 962 «pro
269 901 511 957 suprema
533 882 857 940 auctoritate
880 880 985 937 sihi
1015 881 1071 935 in
1105 879 1366 936 universa
1387 881 1624 938 Ecclesia
1647 883 1924 943 tradita...
1944 909 1971 940 »

101 987 257 1059 (sess
304 1002 405 1053 xix,
448 1001 496 1038 c.
534 982 642 1054 vn).
676 981 809 1037 Item
845 980 902 1035 in
939 979 1172 1036 concilio
1203 979 1607 1036 Constantiensi
1647 983 1859 1039 editum
1892 994 1971 1043 est

99 1103 127 1141 a
157 1083 382 1140 Martino
403 1084 443 1139 V
472 1082 774 1151 decretum,
806 1098 915 1153 quo
943 1079 1324 1154 praescribitur
1349 1086 1633 1154 suspectos
1661 1081 1729 1137 de
1754 1083 1858 1138 tide
1886 1083 1973 1139 in-

99 1181 451 1254 terrogandos
481 1197 639 1236 esse:
678 1179 911 1235 «Utrum
946 1178 1243 1234 credant...
1290 1178 1488 1253 Papam
1532 1180 1792 1237 canonice
1832 1181 1971 1236 elce-

98 1286 215 1335 tum
243 1296 617 1334 successorem
646 1295 762 1333 esse
791 1277 935 1332 beati
964 1276 1126 1347 Petri,
1157 1277 1446 1332 habentem
1475 1296 1768 1351 supremam
1794 1285 1972 1353 potes-

102 1384 264 1433 tatem
294 1377 348 1431 in
370 1376 601 1432 Ecclesia
619 1376 728 1431 Dei.
756 1375 860 1429 »In
882 1374 1114 1430 concilio
1144 1375 1482 1431 oecumenico
1514 1375 1725 1432 decimo
1745 1385 1967 1451 quart0,

105 1472 157 1527 id
186 1479 289 1543 est,
329 1472 675 1544 Lugdunensi
712 1472 973 1540 secund0‚
1001 1472 1141 1527 edita
1177 1478 1254 1527 est
1286 1472 1552 1546 professio
1587 1472 1736 1543 tidei,
1779 1474 1969 1546 inqua

102 1570 181 1626 sic
210 1571 441 1627 hahetur
467 1594 476 1626 ε
510 1592 536 1622 «
558 1571 677 1645 Ipsa
709 1589 927 1645 quoque
968 1578 1154 1627 sancta
1182 1572 1423 1627 Romana
1453 1572 1690 1627 Ecclesia
1714 1592 1970 1629 stunmnm

101 1676 149 1725 et
175 1670 386 1742 plenum
411 1668 709 1743 primatum
752 1674 803 1724 et
831 1669 1198 1743 priucipatum
1239 1687 1405 1743 super
1435 1669 1751 1725 universam
1782 1669 1966 1725 Eccle-

97 1766 235 1820 siam
263 1765 588 1822 catholicam
614 1765 821 1821 obtinet
849 1787 858 1819 :
902 1784 1064 1838 quem
1107 1783 1163 1821 se
1199 1767 1265 1821 ab
1298 1767 1416 1840 ipso
1440 1765 1665 1820 Domino
1711 1766 1767 1820 in
1810 1768 1968 1822 heato

93 1861 249 1918 Petro
306 1862 677 1937 apostolorum
734 1862 980 1937 principe
1036 1863 1145 1918 sive
1198 1862 1430 1933 vertice,
1473 1861 1632 1934 cujus
1682 1862 1965 1919 Romanus

91 1959 331 2016 Pontifex
385 1966 464 2018 est
495 1978 799 2030 successor,
836 1977 964 2015 cum
1014 1960 1299 2034 potestatis
1323 1959 1648 2032 plenitudiue
1692 1961 1966 2035 recepisse

91 2055 350 2110 veraciter
396 2061 447 2110 et
495 2054 780 2111 humiliter
819 2055 1208 2129 recognoscit»
1247 2056 1464 2129 (Labhe‚
1506 2063 1545 2113 t.
1575 2057 1661 2128 XI,
1690 2057 1795 2115 col.
1830 2057 1962 2128 966,

91 2152 221 2208 edit.
250 2153 495 2221 ParisiiS,
528 2154 714 2225 1671).

168 2249 338 2322 Igitur
382 2251 448 2306 de
486 2252 587 2322 side
627 2258 723 2318 est,
769 2269 869 2306 nec
907 2251 1025 2307 sine
1066 2251 1260 2308 haeresi
1301 2253 1489 2325 negari
1520 2259 1695 2327 potest
1733 2255 1961 2310 Romani

91 2345 364 2401 Pontificis
392 2354 622 2418 potestas
651 2346 806 2420 plena
834 2356 882 2402 et
909 2365 1170 2420 suprema,
1204 2348 1428 2421 ejusque
1458 2352 1716 2421 primatus
1739 2368 1798 2406 ac
1817 2353 1962 2424 prin-

92 2445 286 2517 cipatus
314 2443 497 2515 plenus
523 2451 571 2497 et
592 2462 839 2514 sunnnns,
873 2444 927 2499 in
955 2447 1246 2500 universam
1270 2446 1570 2502 Ecclesiam.

166 2539 226 2593 II.
257 2539 419 2594 Porro
455 2539 744 2595 manifeste
779 2540 977 2596 falsum
1013 2541 1149 2597 soret
1179 2542 1343 2597 hocce
1368 2542 1563 2615 dogma
1599 2544 1957 2617 catholicum,

91 2637 135 2692 si
163 2637 298 2711 Papa
327 2637 709 2694 auctoritatem
738 2656 847 2694 non
879 2639 1101 2696 haberet
1130 2658 1299 2714 supra
1332 2641 1956 2718 concilium-sinc-Papa,

98 2735 192 2790 sed
225 2742 444 2791 econtra
468 2736 517 2791 ei
546 2737 870 2811 subjaceret.
908 2738 1041 2792 Nam
1065 2738 1119 2793 1⁰
1142 2741 1347 2812 plenam
1374 2745 1699 2814 potestatem
1732 2742 1823 2796 ille
1849 2761 1961 2798 non

98 2830 256 2886 habet
290 2831 346 2885 in
383 2833 622 2904 aIIquam
661 2835 998 2900 societatem,
1046 2836 1142 2908 qui
1186 2843 1453 2911 potestate
1489 2844 1638 2893 caret
1678 2838 1736 2893 in
1771 2839 1961 2912 praeci-

94 2946 259 3002 puam
289 2929 453 3000 hujus
478 2931 751 2988 societatis
782 2940 1014 3007 partem.
1046 2935 1185 3009 Papa
1220 2953 1345 2991 vero
1373 2942 1581 2991 careret
1607 2942 1874 3009 potestate
1903 2937 1958 2990 in

92 3025 422 3101 praecipuam
449 3027 699 3083 Ecclesiae
733 3036 966 3103 partem,
995 3031 1246 3088 videlicet
1284 3033 1340 3087 in
1374 3033 1667 3106 Episcopos
1698 3032 1958 3088 concilia-

92 3121 227 3177 riter
267 3120 537 3177 adunatos
579 3141 675 3179 seu
717 3125 995 3181 collective
1028 3135 1295 3202 sumptos
1332 3131 1466 3183 -A
1499 3129 1709 3184 fortiori
1750 3131 1954 3202 plenam

90 3224 410 3292 potestatem
434 3237 544 3275 non
571 3219 730 3277 habet
755 3221 891 3295 Papa
915 3222 971 3277 in
995 3223 1307 3280 universam
1330 3226 1656 3296 Ecclesiam,
1682 3226 1728 3282 si
1755 3227 1812 3282 in
1839 3228 1955 3303 ipsa

90 3315 326 3372 Ecclesia
367 3316 563 3372 existat
602 3323 841 3390 potestas
878 3319 1150 3393 superior,
1183 3326 1345 3394 prout
1382 3323 1719 3380 contendunt
1763 3325 1953 3382 adver-

91 3411 243 3467 sarii.
267 3444 335 3453 —
365 3412 602 3468 Tandem
627 3413 720 3469 ille
746 3433 855 3470 non
880 3416 1039 3471 habet
1067 3416 1276 3489 plenam
1299 3426 1648 3492 potestatem,
1678 3422 1834 3496 cujus
1860 3443 1952 3498 po-

91 3514 258 3564 testas
290 3510 599 3583 concipitur
637 3512 823 3583 augeri
867 3531 1024 3586 posse
1071 3514 1256 3587 aliquo
1292 3517 1465 3589 gradu
1507 3536 1616 3591 quo
1655 3527 1818 3587 caret;
1870 3528 1951 3578 at-

91 3603 206 3673 qui,
235 3603 290 3658 in
317 3604 753 3662 adversariorum
788 3608 1094 3683 hypothesi,
1121 3618 1266 3667 caret
1292 3612 1431 3685 Papa
1460 3614 1643 3687 aliquo
1664 3619 1951 3690 potestatis
