2262 3990
785 158 911 205 PARS
942 157 1178 205 SECUNDA.
1630 182 1636 186 ·
1833 154 1926 202 415

50 278 189 339 thesi
221 292 438 332 merum
464 274 845 329 commentum
876 283 995 323 esse
1022 269 1193 321 totam
1219 263 1371 321 illam
1409 265 1742 341 cyprianum
1775 263 1923 318 inter

49 382 100 435 et
126 376 468 447 Stephanum
495 365 928 424 contentionem.

124 475 161 530 1.
194 471 498 545 Hypothesis
524 484 637 539 (μιᾶς
671 465 913 536 adquam
943 463 1205 517 minimum
1235 461 1433 517 reducit
1460 477 1729 516 numerum
1756 465 1922 532 qesta·

49 590 164 628 rum
187 574 325 625 intra
356 568 517 622 dictos
545 571 649 619 tres
672 579 891 617 menses.
910 559 1143 614 —Inter
1163 558 1410 614 eruditos
1439 575 1638 632 nempe
1662 555 1922 613 viderunt

51 664 304 724 nonnulli
350 678 516 736 quam
563 659 766 714 absone
803 655 948 710 intra
990 654 1200 709 dictum
1246 655 1510 728 temporis
1556 653 1798 729 spatium
1843 657 1922 708 tot

49 768 275 818 eventus
300 756 744 828 congererentur.
786 748 921 803 Hinc
954 747 1175 802 obvium
1211 747 1672 804 documentorum
1712 754 1924 805 textum

48 856 313 912 violenter
336 847 661 923 torquend0,
691 844 866 900 multa
899 842 1050 898 hisce
1086 843 1268 898 tribus
1307 844 1593 900 mensibus
1634 846 1911 902 anteriora

46 952 220 1008 fuisse
254 945 610 1005 contendunt.
638 942 703 996 At
737 939 897 995 fateri
942 938 1115 994 coacti
1158 945 1290 994 sunt
1332 938 1476 995 intra
1513 941 1771 1012 praefatos
1811 946 1926 998 tres

45 1065 262 1105 menses
291 1042 584 1114 contigisse
613 1036 901 1110 sequentia
934 1057 944 1090 :
975 1038 1029 1091 1⁰
1059 1035 1490 1092 celebrationem
1527 1038 1746 1093 concilii
1772 1039 1923 1096 tertii

43 1138 501 1213 Carthaginensis;
530 1137 586 1192 2⁰
607 1135 1005 1207 ablegationem
1034 1133 1272 1189 duorum
1293 1133 1679 1208 episcoporum
1707 1135 1775 1189 ad
1799 1135 1918 1192 Ste-

42 1242 285 1315 phanum
316 1238 543 1310 Papam3
581 1236 635 1290 5⁰
670 1240 752 1290 sat
792 1235 1012 1305 longam
1055 1250 1247 1288 eorum
1281 1232 1465 1288 Romae
1508 1251 1744 1303 moram,
1782 1233 1916 1288 dum

40 1338 270 1394 Romani
295 1335 569 1391 Pontificis
589 1351 918 1407 responsum
943 1336 1313 1405 expectarent3
1347 1331 1399 1386 4⁰
1426 1331 1667 1387 reditum
1697 1350 1921 1388 eorum·

42 1433 165 1488 dem
211 1433 267 1486 in
300 1431 557 1496 Africam3
601 1431 655 1484 5⁰
697 1427 942 1502 epistolae
978 1427 1228 1500 Cypriani
1260 1426 1324 1482 ad
1358 1427 1747 1483 Firmilianum
1793 1447 1923 1483 con-

42 1529 424 1603 scriptionem;
458 1528 513 1583 6⁰
542 1527 934 1601 profectionem
952 1525 1258 1597 Rogatiani,
1302 1525 1600 1581 Caesaream
1624 1525 1692 1581 ad
1721 1526 1757 1580 F
1763 1525 1921 1581 irmi-

41 1626 254 1681 lianum
294 1644 323 1681 a
353 1625 617 1699 Cypriano
650 1624 827 1692 missi,
864 1630 915 1679 et
947 1622 1122 1695 ipsius
1152 1622 1398 1694 aliquam
1443 1623 1500 1677 in
1532 1621 1757 1694 praefata
1783 1623 1921 1679 urbe

44 1738 283 1790 moram,
311 1727 610 1791 antequam
637 1717 1017 1790 Carthaginem
1050 1722 1344 1791 repeteret.

118 1817 182 1872 ΙΙ.
231 1817 537 1889 Hypotltesis
582 1835 696 1888 quae
736 1817 896 1870 multo
936 1813 1115 1885 plures
1165 1822 1378 1869 eventus
1421 1816 1558 1869 intra
1602 1813 1768 1869 dictos
1822 1822 1925 1869 tres

45 1932 240 1970 menses
269 1915 503 1968 collocat.
533 1912 833 1969 ——Eruditi
870 1912 1055 1982 multi,
1089 1912 1314 1967 attentis
1356 1911 1703 1967 documentis
1742 1913 1928 1968 samo-

48 2028 165 2067 sam
213 2010 367 2066 illam
413 2008 866 2066 contestationem
910 2009 1322 2077 exhibentibus,
1364 2026 1539 2081 eaque
1584 2008 1918 2065 documenta

48 2125 148 2180 pro
186 2107 440 2178 genuinis
491 2108 775 2175 habenteS,
808 2105 1188 2162 chronotaxim
1221 2124 1413 2161 eorum
1455 2124 1578 2178 quae
1605 2112 1755 2178 gesta
1793 2113 1925 2162 sunt

55 2208 366 2257 statuerunt
392 2204 448 2256 in
470 2205 618 2258 hunc
645 2203 872 2258 modum
897 2224 907 2254 :
932 2204 985 2256 1Ο
1006 2204 1282 2257 Celebrata
1309 2209 1413 2270 est,
1432 2221 1460 2256 a
1481 2203 1568 2256 die
1590 2203 1773 2276 prima
1800 2223 1925 2278 sep-

57 2296 286 2351 tembris
310 2297 438 2363 256,
472 2287 915 2369 Carthaginensis
947 2298 1187 2371 synodus
1211 2298 1392 2353 tertia.
1425 2299 1478 2352 2⁰
1499 2299 1733 2354 Romam
1765 2318 1925 2373 expe-

61 2390 161 2444 diti
188 2397 317 2446 sunt
346 2391 597 2466 Episcopi
631 2393 757 2460 duo,
791 2393 886 2465 qui
921 2399 1037 2448 acta
1073 2393 1347 2468 Stephano
1376 2394 1703 2467 perferrent.
1744 2396 1799 2451 5⁰
1823 2397 1925 2452 Eos

60 2486 126 2540 ad
151 2486 482 2558 colloquium
509 2488 799 2545 admittere
822 2490 996 2546 noluit
1020 2490 1300 2546 Romanus
1319 2491 1584 2557 Pontifex;
1611 2491 1783 2547 immo
1807 2511 1933 2567 pro-

61 2583 242 2639 hibuit
278 2601 345 2639 ne
390 2603 420 2640 a
462 2585 714 2643 fidelibus
752 2589 983 2662 hospitio
1025 2588 1422 2663 reciperentur.
1470 2591 1525 2644 4⁰
1559 2590 1929 2664 Expectarunt

59 2681 444 2752 nihilominUS,
473 2691 524 2740 et
571 2685 731 2758 longo
773 2685 997 2759 quidem
1041 2693 1304 2760 tempore,
1340 2688 1600 2762 Stephani
1628 2689 1782 2765 Papae
1823 2709 1935 2747 res—

64 2796 317 2852 ponsum.
362 2782 416 2836 5⁰
451 2783 521 2838 De
563 2783 650 2840 his
684 2785 888 2841 certior
928 2785 1105 2842 factus
1153 2792 1234 2842 est
1278 2786 1598 2861 Cyprianus3
1645 2788 1935 2863 ipsiusque

67 2873 259 2945 legatis
284 2876 460 2932 adhuc
485 2879 667 2936 Romae
693 2881 951 2956 Stephani
983 2900 1315 2957 responsum
1344 2883 1781 2957 expectantibuS,
1816 2884 1937 2957 ipse

69 2970 278 3026 interea
302 2975 604 3046 composuit
628 2983 921 3034 tractatum
947 2998 1113 3036 suum
1142 2983 1205 3036 de
1234 2982 1374 3036 Bono
1404 2982 1696 3052 patientiae.
1726 2980 1782 3034 6⁰
1814 2980 1939 3035 Per-

71 3065 179 3121 lata
212 3074 293 3123 est
319 3068 580 3143 Cypriano
603 3074 827 3146 epistola
852 3076 1103 3131 Jubaiani
1130 3077 1400 3150 Episcopi,
1433 3075 1590 3148 cujus
1617 3081 1667 3130 et
1702 3075 1859 3131 sedes
1890 3083 1944 3134 et

76 3161 251 3233 patria
287 3161 592 3234 ignoratur.
622 3167 729 3223 Hac
755 3170 983 3242 epistola
1008 3172 1310 3226 Jubaianus
1348 3170 1679 3246 Cyprianum
1726 3188 1933 3228 consu-

75 3254 221 3310 lebat
272 3257 338 3311 de
382 3260 681 3330 quaestione
725 3264 1187 3337 rebaptizationis,
1224 3267 1393 3321 simul
1449 3272 1636 3320 autem
1679 3265 1941 3325 innuebat

77 3349 412 3426 Stephanum
451 3357 597 3412 haud
626 3365 779 3430 grata
813 3377 1234 3434 responsurum,
1269 3367 1320 3418 et
1350 3362 1619 3438 Cypriane
1654 3364 1939 3421 transmit-

78 3448 225 3504 tebat
266 3451 619 3526 scriptionem
664 3456 984 3529 quamdam,
1028 3458 1187 3530 cujus
1236 3465 1428 3515 auctor
1479 3459 1597 3534 ipse
1630 3459 1939 3536 Stephanus

78 3543 216 3619 Papa
247 3555 533 3622 reputatus
560 3556 655 3608 est.
690 3553 864 3617 Quam
899 3554 1250 3630 scriptionem
1279 3557 1522 3615 confutat
1554 3557 1851 3633 Cyprianus
1879 3559 1941 3617 in
