2262 3990
875 142 1000 193 PARS
1026 141 1227 191 Teum.
1891 137 1974 187 55¹

111 256 278 318 diam
307 272 374 312 ex
405 253 656 331 ipsorum
684 254 1000 328 systemate,
1034 247 1170 306 nulli
1185 223 1368 305 =robori
1396 246 1636 324 porrecte
1661 243 1975 321 aequivalet.

110 353 240 425 Seu,
276 350 399 409 aliis
429 348 708 418 terminis,
742 347 910 405 etiam
937 346 1045 423 ipsi
1085 345 1414 414 admittunt,
1456 344 1586 402 licet
1622 343 1727 401 sibi
1759 349 1978 402 eontra·

108 450 373 520 dicendo,
412 449 721 522 rigorosam
760 444 1055 504 Pontifioiae
1098 444 1515 520 approbationis
1560 443 1978 514 necessitatem,

107 554 170 606 ut
199 546 498 603 eonsilium
522 544 632 602 vim
655 543 1009 601 oecumenicae
1034 542 1228 618 synodi
1255 541 1473 599 habeat.
1827 553 1832 556 ·

88 667 99 677 ·
179 643 352 718 Igitur
380 647 528 699 certa
559 641 785 699 omnino
820 646 903 698 est
938 640 1244 715 propositio
1267 640 1331 711 1¹,
1371 639 1427 696 id
1454 644 1558 712 est,
1594 638 1868 698 concilium
1901 640 1983 696 cui

108 742 255 816 Papa
300 756 568 797 assensum
614 756 765 795 suum
805 721 1023 811 d‘eneqat
1061 754 1166 813 non
1208 754 1319 794 esse
1359 741 1740 810 mammaeam,
1778 746 1829 796 et
1876 739 1984 812 ejus

107 839 312 896 decreta
341 839 439 892 vim
474 855 578 892 non
613 836 819 891 habere.

178 938 462 994 Paoeosmo
499 934 581 990 11⁸.
605 933 767 990 -Eoe
806 950 865 990 eo
908 931 1043 1005 quod
1070 933 1182 987 sine
1221 933 1595 1005 approbatione
1631 932 1788 1006 Papae
1818 935 1983 991 conci-

110 1037 232 1093 lium
269 1050 372 1091 non
418 1035 583 1107 possit
628 1048 740 1090 esse
780 1033 1166 1100 oecumenicum,
1203 1048 1298 1086 nec
1343 1032 1442 1087 vim
1485 1030 1703 1102 habere,
1748 1015 1982 1106 sequitur

108 1133 306 1208 Papam
346 1146 457 1187 esse
502 1147 664 1203 supra
699 1127 1308 1201 concilium-sine-Papa.
1335 1158 1406 1169 ·-—
1432 1127 1611 1183 Posito
1643 1129 1791 1184 enim
1832 1128 1982 1202 quod

107 1230 174 1287 ad
188 1231 428 1286 valorem
456 1228 802 1284 decretorum
828 1226 1047 1283 concilii
1072 1226 1366 1299 generaliS‚
1392 1226 1639 1295 omnine,
1658 1226 1816 1300 juxta
1841 1244 1980 1302 prae-

109 1323 388 1383 cedentem
422 1325 875 1400 propositionem,
914 1323 1232 1396 requiratur
1255 1323 1408 1397 Papae
1436 1342 1731 1396 consensztS,
1762 1324 1900 1397 Papa
1930 1329 1983 1379 et

110 1421 708 1495 concilium-sine-Papa
748 1421 827 1476 sic
863 1437 982 1476 sese
1021 1420 1225 1475 habent
1267 1421 1333 1475 ad
1372 1416 1642 1476 invicem:
1678 1421 1979 1477 concilium

108 1519 362 1592 generale
393 1518 526 1574 nihil
556 1524 732 1592 potest
763 1517 941 1572 valide
971 1522 1212 1574 statuere
1250 1516 1359 1573 nisi
1395 1518 1764 1592 dependenter
1790 1520 1858 1574 ab
1894 1536 1980 1574 as-

109 1633 273 1672 sensu
306 1615 478 1689 Papae3
509 1619 561 1669 et
589 1621 811 1670 econtra
840 1615 1005 1688 Papa,
1037 1622 1189 1671 extra
1221 1615 1539 1685 concilium,
1571 1616 1786 1688 plenam
1817 1617 1980 1672 habet

106 1718 430 1786 potestatem
460 1711 739 1786 pascendi,
767 1712 990 1784 regendi
1031 1718 1081 1767 et
1115 1713 1456 1785 gubernandi
1482 1713 1853 1769 universalem
1880 1713 1976 1768 Ec·

104 1807 349 1863 clesiam.
398 1808 529 1871 Quis
560 1824 724 1881 porro
760 1825 870 1863 non
908 1809 1086 1865 videat
1121 1809 1373 1883 Papalem
1414 1811 1818 1878 auctoritatem,
1854 1826 1978 1882 quae

95 1902 256 1975 plena·
277 1909 358 1959 est
376 1903 493 1958 sine
514 1918 740 1959 assensu
766 1905 1008 1973 concilii,
1030 1922 1291 1980 superare
1309 1907 1527 1962 concilii
1551 1906 1823 1980 generalis
1845 1922 1976 1962 auc-

101 1998 399 2067 toritatem,
429 2015 550 2071 quae
579 1999 728 2054 nulla
759 2003 841 2054 est
868 1999 989 2056 sine
1016 2017 1245 2057 assensu
1274 2002 1463 2077 Papae?

176 2095 410 2167 objicies.
441 2128 506 2138 --
524 2095 675 2151 Sicut
703 2096 923 2152 concilii
948 2098 1164 2154 decreta
1186 2099 1295 2154 vim
1324 2118 1435 2155 non
1467 2102 1672 2157 hahent
1695 2102 1814 2157 sine
1843 2118 1974 2156 con-

100 2211 265 2249 sensu
296 2195 470 2266 Papae,
499 2193 574 2247 ita
604 2194 759 2267 Papae
794 2194 1010 2250 decreta
1034 2196 1144 2249 vim
1178 2214 1287 2250 non
1312 2198 1513 2252 hahent
1555 2197 1674 2252 sine
1700 2214 1973 2252 consensu

98 2291 181 2345 vel
222 2289 438 2345 concilii
474 2290 557 2344 vel
598 2290 848 2346 Ecclesiae
888 2292 1169 2365 dispersae.
1214 2293 1441 2348 Summa
1496 2294 1703 2349 scilicet
1743 2301 1795 2349 et
1837 2295 1971 2349 irre-

99 2386 376 2459 fragabilis
417 2386 739 2455 auctoritaS,
779 2393 838 2442 ut
869 2388 1034 2443 tradit
1065 2389 1312 2459 Bossuet,
1347 2390 1406 2445 in*
1435 2391 1726 2463 utriusque
1762 2410 1973 2446 consen-

98 2488 242 2540 sione
267 2484 497 2558 reposita
524 2491 622 2539 est.
655 2485 889 2540 Proinde
920 2503 982 2540 ex
1009 2488 1318 2543 necessario
1344 2489 1497 2562 Papae
1525 2507 1751 2544 assensu
1789 2489 1971 2561 colligi

99 2581 289 2653 nequit
327 2581 447 2653 ejus
492 2598 658 2653 supra
694 2582 992 2638 concilium
1035 2585 1354 2655 auctoritaS,
1398 2585 1492 2641 sed
1534 2585 1815 2642 dumtaxat
1852 2586 1969 2660 ejus

99 2694 227 2732 cum
253 2676 484 2731 concilio
515 2677 818 2750 aequalitas.

176 2771 517 2843 Respondeo:
558 2773 611 2828 1ο
648 2773 820 2829 Etiam
859 2774 939 2831 sic
976 2783 1160 2834 rueret
1186 2776 1528 2835 Gallicanum
1561 2787 1820 2857 systema,
1863 2799 1971 2852 quo

101 2866 454 2921 contenditur
479 2870 772 2925 concilium
797 2890 915 2928 esse
953 2893 1114 2947 supra
1138 2876 1358 2950 Papam3
1393 2883 1444 2931 et
1465 2876 1799 2931 deserendus
1827 2884 1971 2933 esset

103 2962 378 3017 secundus
405 2980 434 3019 e
458 2972 696 3037 quatuor
735 2968 963 3026 famosis
997 2972 1248 3028 articulis
1283 2973 1412 3028 anni
1449 2974 1614 3040 1682,
1658 2974 1799 3027 lianc
1836 2989 1967 3028 eon-

103 3053 228 3108 cilio
250 3055 693 3128 superioritatem
720 3059 1022 3119 vindicans.
1043 3094 1110 3103 ——
1130 3065 1183 3119 2⁰
1207 3066 1427 3120 Falsum
1456 3070 1538 3119 est
1565 3065 1811 3119 Romano
1835 3065 1971 3120 Pon-

103 3149 237 3205 tifici
268 3167 379 3205 non
428 3158 736 3227 competere
771 3157 982 3227 plenam
1015 3160 1301 3231 regiminis
1340 3159 1699 3215 ecclesiastici
1734 3167 1971 3234 potesta·

103 3251 213 3302 tem
261 3246 380 3302 sine
422 3266 648 3304 assensu
688 3252 905 3306 concilii
944 3259 1036 3308 aut
1077 3255 1328 3310 Ecclesiae
1365 3256 1645 3329 dispersae.
1687 3256 1821 3312 Nam
1863 3259 1974 3315 haec

99 3341 259 3414 plena
300 3350 540 3417 potestas
587 3363 617 3400 a
656 3348 892 3403 concilio
937 3350 1251 3408 Florentino
1300 3370 1557 3427 expresse
1599 3354 1818 3411 definita
1863 3363 1966 3415 est.

102 3438 363 3495 Praeterea
411 3442 590 3513 quoad
642 3444 786 3517 leges
844 3446 1195 3521 disciplinam
1244 3443 1578 3525 spectantcS,
1626 3460 1840 3511 certum
1887 3462 1970 3513 est

106 3552 297 3591 omnes
329 3537 571 3594 Romano
599 3541 839 3596 Pontifici
866 3543 1232 3602 obedientiam
1259 3547 1456 3606 debere
1485 3557 1779 3623 antequam
1802 3554 1966 3611 etiam
