2306 4010
287 178 375 224 ‘29⁶2
959 166 1257 213 wilermus
1290 166 1354 213 υΕ
1387 164 1530 213 PAPA.

286 282 494 340 Deliae
531 274 892 336 contentione
937 271 1007 328 ad
1062 271 1371 329 Honorium
1422 272 1626 348 Papam
1663 270 1996 329 relationem
2049 270 2204 330 misit

285 378 510 452 Sergius
547 369 1198 445 Constantinopolitanus
1233 369 1586 428 Patriarcha.‘
1630 369 1692 425 In
1733 369 1855 427 suis
1895 374 2087 428 autem
2114 369 2205 427 lit·
2267 444 2284 451 *-

283 475 420 533 teris
453 470 725 530 suadebat
754 468 1035 541 HonoriO,
1058 475 1119 526 ut
1157 469 1273 527 sive
1293 489 1457 527 urtam
1489 469 1608 529 sive
1642 469 1905 544 duplice-m
1931 468 2206 545 operatio-

284 593 414 630 nem
459 569 751 648 praedicari
780 587 942 644 aeque
977 569 1329 645 prohiberet3
1367 577 1430 627 ut
1458 568 1696 639 scilicet,
1735 566 2000 645 imposito
2027 567 2208 642 quoad

279 680 587 748 utrumque
631 671 967 728 vocabulum
1013 670 1263 741 silentio,
1305 670 1687 729 dissensiones
1726 673 2239 746 praecaverentur„

363 773 567 830 Extant
599 773 722 829 duae
749 770 979 829 Honorii
1008 772 1077 828 ad
1105 771 1362 846 Sergium
1396 770 1769 848 responsoriae
1804 768 2055 846 epistolae
2090 767 2211 844 qui·
2274 809 2284 848 3

284 867 414 946 bus,
450 875 611 950 juxta
654 872 709 929 id
749 873 903 947 quod
934 872 1261 948 postulabat
1301 871 1551 946 Sergius,
1588 869 1859 941 declarat,
1899 874 2025 926 tum
2060 869 2211 924 innius
2271 927 2278 937 Γ

280 982 403 1032 tum
446 975 667 1051 duplicis
701 973 1041 1050 operationis
1083 974 1424 1031 vocabulum
1447 972 1749 1031 vitandum
1785 989 1930 1028 esse.
1959 969 2212 1028 Declarat

284 1076 519 1152 insuper
563 1094 676 1132 non
722 1094 843 1132 esse
873 1073 934 1130 in
980 1073 1201 1131 Christo
1234 1075 1375 1132 duas
1418 1073 1735 1131 contrarias
1763 1069 1973 1128 mentis
2009 1075 2063 1128 et
2088 1087 2212 1126 car-

283 1177 374 1234 nis
401 1177 742 1233 voluntates
774 1176 836 1232 Et
863 1177 948 1232 hae
969 1180 1099 1231 sunt
1131 1175 1383 1233 celebres
1404 1174 1635 1232 Honorii
1662 1172 1938 1250 epistolae,
1967 1171 2038 1228 oh
2077 1188 2215 1244 quas

281 1276 535 1334 Pontifex
562 1276 658 1333 ille
688 1278 965 1334 haereseos
1005 1281 1324 1332 accusatur.
1362 1276 1501 1333 Hinc
1543 1274 1779 1350 quaestio
1815 1292 1887 1329 an
1929 1271 2212 1327 Monothe-

283 1376 438 1434 lismi
479 1376 746 1434 baeresim
790 1376 1157 1454 contineant,
1183 1383 1236 1433 et
1284 1376 1521 1452 insuper
1566 1395 1638 1432 an
1682 1375 1797 1434 sint
1822 1374 2103 1451 genuinae,
2130 1370 2215 1428 vel
2271 1446 2275 1450 ι

284 1476 475 1552 potius
510 1497 540 1534 a
577 1476 783 1533 Graecis
818 1476 1097 1533 haereticis
1142 1476 1495 1553 interpolatae
1537 1496 1600 1533 ac
1637 1475 1906 1533 confictae.

362 1577 737 1651 Promulgavit
759 1576 1012 1651 Sergius,
1051 1577 1411 1634 subnomine
1443 1575 1682 1634 Heraclii
1711 1573 2095 1652 imperatoris,
2135 1592 2218 1630 ec·
2273 1637 2298 1650 ἢ,

293 1680 440 1734 resim
485 1696 582 1735 seu
615 1677 888 1748 edictum,
922 1697 1034 1753 quo
1071 1677 1482 1754 prohibebatur
1508 1683 1631 1734 tum
1667 1679 1824 1734 unius
1852 1682 1973 1733 tum
1998 1675 2219 1751 duplicis
2275 1660 2297 1690 ³³1

287 1777 631 1854 operationis
670 1778 902 1834 locutiO.

363 1879 520 1934 Anno
550 1878 658 1934 658
681 1877 922 1934 Honorio
945 1877 1220 1935 successit
1241 1878 1543 1936 Severinus
1560 1878 1625 1935 Pa
1635 1884 1796 1955 pa,et
1816 1879 2107 1955 p1·aefatam
2138 1894 2218 1932 ec-

291 1981 466 2047 lesim,
489 1996 662 2051 quam
682 1976 910 2050 Sergius
933 1977 1198 2052 synodice
1212 1978 1697 2054 Constantinopoli
1735 1978 2218 2055 promulgaverat,

289 2061 707 2135 condemnavit.
760 2075 909 2132 Obiit
954 2076 1203 2150 Sergius,
1243 2083 1296 2133 et
1334 2078 1384 2134 ei
1416 2078 1687 2135 successit
1731 2078 2001 2153 Pyrrhus,
2046 2077 2225 2134 Mono-

288 2178 620 2234 thelitarum
650 2177 926 2232 haerescos
967 2177 1282 2233 acerrimus
1312 2184 1717 2254 propugnator.

366 2278 523 2333 Anno
574 2275 707 2345 659,
758 2275 1022 2332 defuncto
1066 2275 1330 2332 Severino
1380 2277 1723 2351 subrogatus
1760 2281 1842 2333 est
1892 2277 2135 2334 Joannes
2163 2277 2222 2333 lv

289 2379 453 2454 Papa.
486 2375 774 2432 Heraclius
802 2376 1130 2452 imperator,
1163 2377 1487 2452 intelligens
1513 2396 1572 2435 se
1599 2385 1871 2452 tanquam
1898 2378 2223 2435 haereticum

295 2478 488 2536 baberi
524 2478 594 2534 ob
618 2479 829 2534 ectesim
856 2477 1040 2553 ipsius
1060 2477 1290 2535 nomine
1310 2479 1751 2554 promulgatam,
1775 2479 2081 2537 declaravit
2103 2486 2223 2538 ecte-

294 2583 415 2650 sim,
436 2599 547 2636 non
568 2599 597 2635 a
622 2598 701 2650 se,
732 2585 817 2636 ast
844 2599 873 2635 a
895 2579 1085 2654 Sergio
1114 2581 1318 2638 factam
1340 2580 1536 2638 fuisse.
1561 2580 1708 2638 Obiit
1733 2587 1922 2639 autem
1942 2581 2226 2639 Heraclius
2265 2639 2276 2644 ,

298 2696 446 2734 anno
476 2677 608 2733 641.
642 2677 702 2732 Ei
739 2678 1014 2735 successit
1043 2679 1465 2747 ConstantinUS,
1507 2679 1605 2755 qui
1633 2685 1758 2755 post
1798 2687 2045 2754 quatuor
2073 2699 2224 2738 men-

298 2795 386 2834 ses
415 2776 538 2853 ipse
575 2776 736 2844 obiit,
776 2796 838 2834 ac
875 2796 1262 2836 successorem
1303 2779 1502 2836 hahuit
1532 2779 1714 2836 filium
1760 2799 1929 2837 suum
1961 2782 2225 2838 Constan-

300 2883 436 2934 tem.

376 2978 622 3036 «Ioannes
657 2977 801 3054 Papa
844 2975 907 3033 IV
935 2977 1432 3039 Monothelitarum
1470 2979 1670 3038 haeresi
1717 2982 1942 3041 fortiter
1985 2980 2224 3049 restitit;

302 3098 365 3136 ac
397 3078 632 3156 insuper
672 3077 990 3154 apologiam
1031 3097 1132 3155 pro
1177 3079 1419 3138 Honorio
1466 3080 1623 3138 misit
1675 3082 1742 3138 ad
1796 3082 2225 3141 Constantinum
2271 3071 2274 3074 ’

307 3181 734 3258 imperatorem.

379 3282 472 3338 Die
492 3283 563 3339 25
583 3280 910 3339 novembris
936 3281 1071 3354 641,
1098 3282 1296 3340 Joanni
1329 3283 1392 3340 IV
1411 3284 1684 3342 successit
1715 3285 2044 3342 Theodorus
2067 3283 2225 3358 Papa.

308 3381 423 3438 Sub
447 3385 612 3458 eujus
642 3381 998 3459 pontificatu,
1025 3382 1300 3458 PyrrhuS,
1332 3385 1404 3441 ob
1437 3384 1782 3442 intentatum
1817 3384 1927 3461 ipsi
1947 3364 2226 3459 quoddam

308 3481 524 3538 crimen
573 3483 681 3540 sibi
715 3489 1000 3554 metuens,
1028 3483 1085 3540 in
1122 3484 1370 3542 Africam
1403 3485 1556 3542 ultro
1595 3485 1843 3553 secessit,
1875 3483 2069 3558 ibique
2091 3482 2230 3541 cele-

309 3578 467 3634 brem
494 3580 650 3638 illam
682 3582 1125 3659 disputationem
1154 3584 1356 3642 habuit
1387 3603 1518 3642 cum
1539 3590 1734 3642 sancto
1759 3583 1996 3641 Maximo
2035 3582 2232 3639 abbate
2260 3602 2261 3605 ¹

311 3694 376 3732 ac
410 3685 679 3757 martyre,
729 3700 899 3755 quam
934 3682 982 3740 is
1018 3684 1125 3740 sub
1175 3683 1394 3758 Dialoyi
1441 3684 1623 3741 forma
1669 3681 1937 3758 scriptam
1979 3675 2229 3754 reliquit,
2276 3734 2278 3736 ,
