2306 4010
276 175 332 220 98
941 156 1236 210 TRACTATUS
1267 155 1332 203 DE
1363 156 1512 203 PAPA.

275 278 637 348 intellexerit,
674 292 795 332 eam
836 289 939 327 nec
972 269 1029 323 in
1054 282 1178 321 mea
1206 282 1308 320 nec
1352 262 1411 318 in
1460 262 1587 320 aliis
1612 265 2056 341 quamplurimis
2081 265 2180 322 Ec-

275 379 462 437 clesiis
496 378 682 432 locum
714 373 939 437 habere,
990 364 1184 438 sicque
1235 362 1450 437 ingenti
1494 363 1701 422 damno
1746 352 2183 438 Ecclesiam‘af-

274 480 456 544 licere,
495 471 719 547 quando
745 467 858 539 regi
885 462 1189 539 persuadet
1211 468 1273 518 ut
1305 480 1429 518 eam
1466 461 1573 519 sibi
1607 469 1917 539 usurpet...
1954 487 1980 518 »
2013 464 2185 540 (apud

275 573 618 633 Cardinalem
643 564 954 634 Sfondrat.,
1003 563 1176 622 Gallia
1218 564 1503 634 vindicata,
1531 563 1738 639 pagina
1785 563 1896 621 265
1921 563 2187 621 editionis

274 669 548 738 secundae,
571 661 949 735 Sancti-Galli,
979 662 1175 736 1702).

345 767 423 822 Ad
464 762 897 838 intelligentiam
940 762 1112 838 hujus
1147 761 1422 838 epistolae,
1450 762 1694 820 breviter
1727 762 2021 820 recolenda
2057 770 2190 820 sunt

270 883 390 940 quae
431 863 489 919 in
518 861 844 938 Apamiensi
876 860 1105 918 dioecesi
1141 861 1515 934 contigerant.
1549 860 1739 917 Edicto
1763 860 1918 934 regio
1944 861 2187 918 declara-

271 972 393 1021 tum
420 965 603 1019 fuerat
643 961 713 1017 ad
750 978 972 1030 omneS,
1002 977 1066 1016 ac
1090 960 1330 1035 proinde
1363 960 1432 1017 ad
1478 962 1625 1017 hanc
1672 960 1844 1017 etiam
1873 960 2186 1031 dioecesim,

270 1064 490 1124 extendi
529 1063 623 1138 jus
671 1062 928 1137 regaliae3
974 1061 1031 1117 id
1078 1067 1161 1118 est
1192 1062 1287 1136 jus
1318 1061 1468 1135 regis
1507 1061 1857 1137 percipiendi
1885 1068 2190 1137 proventus

273 1167 648 1243 episcopatus,
674 1170 907 1220 vacante
927 1162 1080 1234 sede,
1098 1181 1312 1219 necnon
1342 1162 1662 1220 conferendi
1684 1162 1951 1219 beneficia
1969 1181 2095 1236 quae
2122 1162 2190 1218 ad

272 1267 509 1323 liberam
558 1262 813 1339 Episcopi
859 1262 1220 1319 collationem
1276 1262 1653 1337 pertinebant.
1685 1262 1783 1318 Jus
1826 1268 2016 1318 autem
2048 1260 2190 1318 illud

272 1365 496 1439 regaliae
537 1382 649 1420 non
692 1363 1027 1420 censebatur
1059 1362 1253 1431 claudi,
1301 1361 1357 1417 id
1386 1368 1490 1433 est,
1522 1361 1709 1431 finire,
1740 1380 1838 1437 per
1866 1361 1992 1419 novi
2037 1361 2192 1435 Epis-

271 1465 397 1540 copi
430 1464 487 1520 in
535 1483 635 1520 sua
669 1461 897 1520 dioecesi
942 1460 1408 1532 installationem,
1449 1461 1546 1516 sed
1598 1461 1890 1517 dumtaxat
1918 1460 2194 1535 perjura-

274 1571 528 1620 mentum
556 1563 843 1620 fidelitatis
872 1563 940 1618 ab
968 1562 1091 1637 ipso
1118 1560 1439 1638 praestitum
1463 1560 1521 1615 in
1540 1560 1769 1616 Camera
1793 1564 2193 1635 computorum

276 1666 330 1736 (a
362 1663 415 1718 la
451 1663 591 1740 Cour
625 1663 722 1718 des
759 1663 1058 1737 comptos).
1094 1660 1418 1718 Istiusmodi
1465 1661 1857 1735 juramentum
1902 1677 2195 1733 nunquam

276 1760 537 1816 emiserat
572 1759 924 1834 Apamiensis
950 1759 1179 1833 praesul,
1212 1759 1329 1832 jam
1361 1758 1429 1814 ab
1463 1758 1627 1814 annis
1655 1757 2026 1831 quadraginta
2055 1757 2199 1832 epis-

276 1866 539 1934 copatum
573 1877 792 1932 gerens,
838 1877 901 1915 eo
940 1858 1090 1931 quod
1126 1857 1306 1932 ipsius
1353 1857 1612 1913 dioecesis
1654 1856 1773 1930 juri
1819 1855 2042 1929 regaliae
2086 1874 2196 1911 non

277 1958 608 2032 subjaceret.
644 1957 993 2013 Postulatum
1040 1958 1108 2012 ab
1157 1957 1279 2031 ipso
1336 1956 1442 2012 fuit
1482 1958 1906 2031 juramentum3
1961 1954 2109 2028 quod
2152 1954 2198 2010 si

277 2055 654 2130 praestitisset,
684 2055 810 2130 jure
842 2054 1067 2129 regaliae
1109 2073 1272 2110 suam
1302 2053 1590 2110 dioecesim
1624 2053 1823 2126 attingi
1857 2052 2196 2126 agnovisset.

275 2155 450 2229 Igitur
475 2162 739 2229 praestare
763 2155 973 2212 renuit.
1017 2155 1171 2211 Tunc
1212 2154 1298 2227 agi
1327 2162 1578 2230 coeptum
1615 2161 1699 2212 est
1734 2174 1762 2211 a
1797 2153 1967 2228 regiis
2002 2153 2201 2209 minis-

285 2254 387 2309 tris
419 2254 582 2327 quasi
603 2254 813 2327 regalia
845 2259 991 2309 esset
1033 2261 1227 2328 aperta
1247 2254 1365 2328 jam
1390 2254 1521 2310 inde
1548 2255 1617 2311 ab
1642 2254 1798 2310 obitu
1831 2252 2203 2328 praecedentis

282 2350 560 2426 Episcopi.
595 2352 832 2408 Proinde
855 2353 1057 2409 collata
1086 2360 1220 2408 sunt
1249 2352 1481 2410 nomine
1507 2353 1678 2427 regis,
1716 2372 1830 2410 non
1862 2358 2089 2410 tantum
2117 2354 2207 2410 be-

285 2450 482 2507 neficia
510 2448 601 2505 hic
634 2456 689 2505 et
730 2469 880 2506 nunc
905 2450 1188 2522 vacantia,
1224 2449 1322 2507 sed
1362 2449 1535 2507 etiam
1565 2469 1627 2507 ea
1660 2471 1783 2527 quae
1810 2451 1972 2527 prius
2006 2450 2205 2507 collata

286 2543 506 2598 fuerant
535 2542 603 2595 ab
631 2540 926 2616 Episcopo,
966 2548 1020 2598 et
1048 2560 1294 2615 quorum
1339 2561 1694 2618 possessores
1719 2543 1992 2600 violenter
2019 2550 2208 2601 extur-

285 2642 402 2697 bati
445 2645 597 2696 sunt.
643 2640 753 2716 Ipsi
797 2641 966 2697 etiam
1015 2642 1272 2698 canonici
1319 2643 1685 2714 cathedralis,
1723 2645 1823 2720 qui
1866 2644 2038 2702 vitam
2080 2643 2209 2700 reli-

285 2740 521 2814 giosam,
556 2739 887 2797 auctoritate
919 2743 1244 2817 apostolica,
1274 2743 1579 2818 amplexati
1609 2753 1794 2818 erant,
1816 2746 2038 2822 expulsi
2067 2745 2207 2804 acin

285 2841 522 2898 exilium
568 2846 622 2897 et
663 2859 916 2899 carceres
943 2842 1088 2910 acti;
1130 2851 1181 2900 et
1217 2843 1273 2898 in
1325 2843 1582 2918 ipsorum
1623 2847 1811 2902 locum
1847 2847 2071 2903 suffecti
2100 2847 2209 2902 cle-

287 2938 388 2995 rici
408 2938 723 2996 saeculares.
751 2939 838 2994 Illi
862 2959 1059 2996 omnes
1080 2941 1207 2997 novi
1235 2942 1555 3000 beneficiati
1582 2949 1773 3019 aperte
1793 2943 2001 3001 intrusi
2025 2951 2206 3012 crant,

286 3060 416 3098 cum
438 3041 532 3115 jus
555 3040 827 3097 beneficia
860 3042 1186 3099 conferendi
1225 3044 1294 3098 ad
1334 3062 1523 3118 regem
1557 3065 1670 3102 non
1702 3045 2029 3121 pertineret.
2077 3045 2208 3120 Ipsi,

216 3125 223 3132 ’
289 3148 340 3197 et
372 3141 469 3215 qui
505 3159 598 3197 eos
628 3140 1070 3215 constituebant,
1103 3144 1692 3202 excommunicatione
1717 3164 1782 3202 ex
1820 3145 1941 3221 ipso
1964 3145 2094 3220 jure
2120 3145 2207 3200 in-

292 3241 481 3297 nodati
508 3243 877 3299 remanebant
910 3267 920 3310 ;
962 3262 1169 3318 eosque
1198 3246 1722 3304 excommunicatos
1757 3252 1810 3303 et
1841 3247 2096 3304 intrusos
2120 3246 2212 3302 de-

291 3341 517 3398 claravit
547 3342 903 3418 Apamiensis
930 3344 1263 3422 Episcopus.
1296 3347 1478 3422 Atque
1508 3344 1660 3406 idem
1686 3348 1861 3406 simul
1888 3347 2212 3423 apostolicis

294 3439 413 3496 suis
435 3439 642 3498 litteris
672 3443 1077 3518 pronuntiabat
1109 3446 1379 3504 Summus
1407 3449 1678 3507 Pontifex.
1707 3447 2088 3504 Nihilominus
2115 3466 2212 3522 pa-

295 3543 380 3594 ter
399 3537 466 3593 de
495 3538 547 3593 la
579 3539 795 3612 Chaise,
819 3550 872 3600 et
903 3562 1094 3617 regem
1125 3545 1194 3601 ad
1227 3547 1343 3603 haec
1370 3535 1564 3605 omnia
1586 3545 1835 3604 facinora
1860 3544 2211 3620 impellebat,

294 3639 346 3691 et
380 3633 753 3694 intrudendos
787 3639 847 3698 in
872 3641 1143 3701 beneficia
1167 3646 1568 3719 praesentabat,
1595 3662 1697 3702 seu
1721 3641 1908 3699 verius
1942 3640 2213 3699 beneficia
