2262 3990
267 155 356 204 658
940 139 1238 187 TRACTATUS
1268 139 1334 186 DE
1365 139 1514 186 PAPA.

268 268 577 330 utcumque
601 247 863 326 dyscoliS,
896 263 1062 304 nemo
1084 263 1340 320 unquam
1362 251 1623 321 repertus
1645 243 1768 314 fuit,
1797 247 1894 322 qui
1921 249 1982 305 in
2008 251 2214 314 haere-1.

273 362 381 419 sim
407 356 496 415 vel
521 350 861 429 apostasiam
886 347 1061 406 fuerit
1088 347 1458 423 prolapsus..
1487 345 1553 402 Et
1578 363 1840 421 expresse
1862 347 1919 404 id
1946 354 2191 414 testium-³
2248 333 2250 335 i

264 456 476 532 Agatho
505 454 675 528 Papa,
707 450 768 506 in
794 447 1029 525 epistola
1055 445 1127 503 ad
1156 444 1589 502 Constantinum
1617 443 2037 521 imperatorem,
2061 430 2195 526 qud(

266 557 411 614 lecta
442 559 525 611 est
558 553 618 609 in
651 556 808 609 sexta
842 547 1077 624 synod0,
1111 545 1331 603 actione
1359 564 1429 611 w,
1466 549 1522 601 et
1545 549 1738 619 postea
1763 544 1984 602 actione
2012 566 2096 604 viu
2117 549 2189 610 abt

269 653 536 712 omnibus
580 649 911 726 approbata.
937 646 1062 704 Haec
1089 652 1188 715 est,
1218 643 1425 718 inquit,
1451 661 1593 700 verae
1628 643 1753 716 {idei
1792 645 1996 717 requla,
2033 662 2192 720 quam

268 761 319 810 et
361 755 416 810 in
439 751 718 827 prosperis
752 755 803 806 et
835 749 892 804 in
922 747 1154 803 adversis
1189 745 1442 800 vivaciter
1475 743 1640 798 tenuit
1677 743 1968 816 apostolica
1997 743 2189 807 Christi

269 850 533 918 Ecclesia,
565 865 682 921 quae
713 863 814 920 per
843 844 939 902 De'i
973 843 1202 917 qratiam
1232 860 1265 897 a
1298 842 1514 897 tramite
1557 839 1862 915 apostolicae
1900 841 2194 902 tractuinnia
2255 859 2257 862 ¹

274 965 542 1021 nunquam
572 963 781 1002 errasse
798 944 1081 1019 probatur,
1111 959 1206 997 nec
1229 941 1490 996 haereticis
1516 940 1839 996 novitatibus
1855 958 2084 1012 unquam
2105 944 2188 1000 de·
2255 938 2257 982 j

268 1057 498 1123 provata
537 1047 828 1117 succubuit,
869 1045 993 1117 quia
1019 1042 1218 1098 dictum
1259 1047 1337 1096 est
1367 1040 1528 1096 Petro
1555 1059 1571 1092 .·
1599 1038 1802 1108 Simon,
1840 1039 2047 1112 Simon,
2081 1055 2193 1101 ecoe

273 1148 507 1205 Satanas
534 1147 788 1222 empetivit
811 1163 900 1201 vos
933 1150 988 1199 ut
1019 1143 1273 1198 cribraret
1299 1143 1433 1197 sicut
1472 1142 1724 1196 triticum.
1755 1140 1866 1214 Eyo
1902 1150 2074 1197 autem
2111 1160 2193 1200 ro-
2259 1142 2262 1218 ᾗ

273 1250 394 1323 yavi
423 1266 521 1321 pro
554 1255 627 1317 te,
659 1254 715 1302 ut
747 1261 855 1300 non
895 1242 1105 1314 deficiat
1129 1241 1261 1313 sides
1293 1247 1403 1295 tua.
1436 1239 1503 1296 Et
1526 1246 1580 1295 tu
1604 1240 1890 1313 aliquando
1922 1258 2193 1300 conversus
2250 1222 2262 1286 »¹¹

274 1350 531 1421 confirma
568 1349 767 1420 fratres
802 1351 937 1400 tuos.
973 1342 1069 1398 Hic
1102 1341 1361 1398 Dominus
1389 1340 1550 1413 fidem
1583 1339 1735 1396 Petri
1764 1358 1870 1396 non
1900 1341 2194 1413 defuturam
2251 1293 2262 1406 4

272 1447 533 1522 promisit,
567 1452 617 1500 et
644 1444 960 1516 confirmare
996 1459 1114 1496 eum
1150 1442 1357 1513 fratres
1394 1456 1518 1494 suos
1556 1438 1851 1503 admonui&
1881 1439 2016 1511 quod
2051 1456 2196 1513 apos-
2259 1414 2262 1528 1

276 1544 783 1619 tolicos'bPontisices
809 1559 942 1598 meae
968 1541 1277 1614 exiquitatis
1314 1539 1739 1612 praedecessores
1774 1539 2096 1611 confidenter
2125 1537 2199 1610 fe*
2258 1530 2262 1601 ἰ

278 1646 411 1701 cisse
456 1661 666 1718 semper
698 1643 896 1698 (umetis
926 1648 1006 1697 est
1044 1641 1355 1713 equitum...
1390 1637 1501 1694 Nec
1523 1637 1671 1695 valet
1703 1637 1947 1712 objicere
1986 1634 2200 1710 quodsi
2251 1660 2262 1692 t

281 1741 469 1800 omnis
497 1742 666 1817 Papa,
705 1747 767 1798 ut
795 1739 849 1796 S.
886 1740 1107 1809 Petrus,
1128 1755 1308 1811 neque
1335 1742 1399 1793 ut
1427 1754 1669 1812 persona
1699 1736 1914 1812 privata
1939 1742 2123 1812 posset
2146 1735 2203 1793 in
2252 1734 2262 1804 ·}

280 1842 539 1899 haeresim
566 1841 816 1898 incidere
851 1846 905 1897 et
937 1859 966 1896 a
991 1839 1100 1896 fide
1133 1838 1394 1909 deficere,
1425 1837 1531 1894 hoc
1556 1843 1704 1894 esset
1731 1836 1799 1893 de
1834 1837 1962 1906 fide,
2003 1843 2055 1894 et
2081 1853 2205 1894 con·
2255 1860 2262 1911 ff

284 1946 590 2014 sequenter
638 1946 824 1995 essent
858 1937 1107 1994 haeretici
1146 1937 1493 1994 contrariam
1541 1936 1881 1993 sententiam
1924 1941 2202 2005 tenentes3
2261 1958 2262 2017 {

286 2038 439 2113 quod
473 2056 590 2094 non
625 2043 709 2094 est
739 2037 1070 2106 dicendum,
1109 2054 1239 2092 cum
1279 2035 1438 2091 illam
1474 2042 1702 2092 teneant
1741 2035 2045 2092 clarissimi
2083 2035 2211 2091 doe-
2261 2070 2262 2082 ÷

284 2140 435 2192 tores
466 2141 591 2191 tum
620 2133 949 2200 canonistae,
978 2138 1103 2188 tum
1139 2131 1405 2205 theologi3
1443 2149 1556 2187 non
1590 2131 1758 2202 valet,
1793 2131 2051 2205 inquam,
2083 2131 2210 2205 quia
2253 2128 2262 2186 ὁ

288 2234 516 2292 etiamsi
555 2233 779 2290 dicatur
818 2231 876 2287 id
906 2249 1029 2287 esse
1059 2231 1128 2286 de
1161 2230 1291 2300 fide,
1327 2236 1390 2286 ut
1413 2230 1611 2286 volunt
1651 2229 1830 2303 aliqui
1867 2230 2036 2306 (inter
2075 2228 2210 2304 quos
2252 2240 2262 2287 t

287 2331 733 2406 Matthaeuccius,
785 2331 1036 2388 Controv.
1066 2330 1177 2399 VII,
1220 2347 1344 2404 cap.
1392 2349 1431 2400 1,
1472 2347 1528 2388 n.
1577 2328 1632 2403 6)
1678 2334 1874 2404 utpote
1911 2330 2210 2387 revelatum
2255 2320 2262 2380 t

294 2433 495 2489 saltem
521 2431 800 2506 implicite
840 2435 896 2487 et
923 2428 1242 2486 virtualiter
1270 2428 1329 2483 in
1362 2427 1459 2484 illa
1488 2427 1891 2503 propositione,
1924 2447 2016 2502 eqo
2041 2427 2212 2502 royavi
2251 2442 2262 2480 ε

283 2551 385 2606 pro
431 2543 480 2588 te
525 2539 718 2588 utnon
765 2531 981 2603 deficiat
1036 2530 1171 2602 fides
1220 2537 1331 2599 tua,
1386 2528 1574 2585 adhuc
1627 2534 1821 2585 tamen
1870 2527 2211 2584 contrarium
2251 2530 2262 2598 a}

292 2631 601 2688 sentientes
644 2649 760 2687 non
806 2635 997 2687 essent
1047 2628 1328 2700 haeretici,
1373 2628 1506 2702 quia
1558 2628 1850 2704 propriam
1903 2627 2211 2702 opinionem
2250 2611 2262 2682 t

294 2729 582 2787 sustinent
629 2749 760 2786 cum
805 2727 1150 2805 pertinacia,
1192 2735 1254 2785 ut
1301 2728 1614 2803 requiritur
1664 2730 1733 2786 ad
1785 2728 2081 2799 haeresim,
2127 2722 2213 2784 sed
2251 2734 2262 2778 t

291 2827 472 2904 parati
515 2834 651 2885 sunt
693 2846 893 2904 parere
931 2827 1195 2884 Ecclesiae
1225 2827 1562 2884 definitioni.
2153 2830 2207 2874 ‘4¹²1
2261 2897 2262 2906 ἵ

374 2928 630 3003 Objicitur
655 2929 731 2985 1⁰.
752 2962 821 2971 —
841 2927 1041 3003 Opinio
1074 2928 1193 2984 haec
1224 2928 1394 2984 habet
1425 2934 1623 2984 contra
1657 2946 1716 2985 se
1741 2931 2144 2986 communiorem
2167 2922 2212 2983 el
2251 2911 2262 2979 i

299 3030 654 3102 antiquiorem
678 3027 975 3085 doctorum
1004 3027 1214 3083 scholae
1241 3027 1604 3084 sententiam.
2261 3009 2262 3013 ¹

370 3128 785 3201 Respondetur:
827 3126 886 3182 Id
912 3144 1109 3182 verum
1143 3131 1249 3182 est.
1284 3125 1389 3181 Sed
1431 3125 1491 3182 in
1530 3126 1938 3200 quaestionibus
1974 3123 2214 3183 nondum
2250 3126 2262 3190 t

294 3225 543 3283 definitis
583 3231 637 3282 et
677 3225 868 3282 liberae
893 3223 1216 3280 scholarum
1251 3223 1624 3299 disputationi
1659 3224 1980 3302 permissiS,
2009 3220 2213 3280 contin-‘-
2251 3221 2262 3301 t]

297 3342 429 3400 gere
452 3325 649 3401 'potest
690 3331 757 3382 ut
786 3324 1070 3381 sententia
1102 3323 1383 3380 recentior
1411 3332 1465 3382 et
1495 3326 1687 3382 minus
1721 3323 2214 3395 communiS,ssvent
2251 3322 2258 3383 Ι

302 3425 374 3480 sit
400 3429 455 3481 et
480 3430 544 3481 ut
579 3425 709 3482 talis
735 3423 963 3500 agnosci
989 3423 1223 3481 tandem
1255 3423 1473 3482 debeat.

379 3522 632 3596 Objicitur
660 3525 741 3583 2⁰.
763 3558 833 3567 —
852 3524 1023 3581 Habet
1054 3523 1290 3597 insuper
1319 3530 1513 3581 contra
1548 3542 1609 3582 se
1641 3523 2027 3582 auctoritatem
2052 3516 2215 3574 Iuno&-
2250 3503 2257 3574 ᾗ

302 3624 470 3685 centii
518 3623 608 3694 Ill,
634 3627 798 3701 cujus
829 3628 947 3683 haec
980 3629 1115 3682 sunt
1147 3621 1312 3681 verba
1338 3623 1397 3679 in
1424 3641 1681 3681 sermone
1720 3622 1885 3680 tertio
1921 3638 2020 3695 pro
2057 3608 2211 3674 annin·
2250 3600 2262 3669 t
