2306 4010
313 165 404 212 194
983 147 1276 199 TR'ACTATUS
1307 149 1374 195 DE
1402 149 1550 195 ΡΑΡΑ.

314 271 413 328 der
438 270 548 340 VII,
586 282 734 322 anno
762 261 933 329 1665,
967 257 1047 313 sic
1076 255 1354 312 habetur:
1399 276 1426 309 «
1452 254 1712 328 Quinque
1738 256 2221 331 propositioneS...
2299 278 2306 285 ·

311 375 478 446 prout
517 381 618 440 per
649 358 942 436 praedictas
983 354 1418 412 constitutiones
1455 354 1624 412 Sedes
1656 355 1963 430 apostolica
1997 355 2226 416 damna·-
2271 439 2275 444 ι

311 468 408 538 vit,
453 466 657 517 sincero
694 458 874 512 animo
914 454 1119 510 damno
1160 460 1212 511 et
1252 453 1465 528 rejicio,
1501 475 1529 508 »
1570 453 1808 530 Insuper
1847 454 2106 511 Clemens
2141 455 2225 530 XI,
2268 495 2271 499 -

314 578 412 637 per
446 557 664 614 bullam
697 554 914 610 Vineam
944 552 1160 609 Domini
1201 553 1605 627 obsequiosum
1649 552 1966 625 silentium,
1997 571 2094 610 seu
2137 571 2200 611 eo

309 658 405 733 qui
443 653 867 730 praetendebant
904 670 1019 710 non
1053 651 1271 726 requiri
1307 652 1596 709 internum
1630 650 2053 708 definitionibus
2093 653 2207 709 Pon

308 753 495 811 tificiis
537 769 860 822 assensum,
905 751 1323 809 condemnavit.
1367 751 1605 827 Insuper
1655 751 1806 808 idem
1846 750 2102 807 Clemens
2139 750 2224 821 XI,

304 854 362 908 in
388 851 543 909 brevi
583 851 979 909 Gratulationes
1011 851 1390 907 vehementer
1411 849 1703 924 redarguit
1732 849 2010 923 quosdam
2045 849 2233 906 Galliae

302 951 628 1027 EpiscopOS,
650 950 750 1024 qui
773 968 1012 1008 examen
1039 950 1212 1007 bullae
1243 950 1461 1008 Vineam
1480 950 1695 1006 Domini
1727 949 2028 1006 instituere
2054 955 2230 1006 atten-

303 1035 578 1123 taverant,
613 1056 916 1126 antequam
953 1069 1076 1108 eam
1105 1050 1442 1126 reciperent.
1479 1050 1747 1107 Caeterum
1784 1050 1894 1125 ipsi
1934 1050 2103 1106 etiam
2141 1049 2234 1106 ad-

303 1151 531 1209 versarii
575 1150 779 1222 nostri,
814 1150 871 1206 id
899 1157 1005 1221 est,
1042 1151 1313 1208 Gallicani
1352 1150 1674 1226 systematis
1709 1150 1955 1226 patroni,
2002 1149 2232 1206 omnino

302 1249 553 1307 fatentur
594 1256 647 1306 et
688 1255 902 1323 tenent,
951 1249 1108 1307 Sedis
1148 1249 1467 1325 apostolicae
1524 1248 1971 1319 definitionibuS,
2012 1248 2081 1304 de
2126 1247 2234 1305 fide

2298 1300 2306 1336 ε

307 1349 712 1421 statuentihUS,
744 1348 937 1406 deberi
967 1352 1232 1405 internum
1263 1348 1470 1406 mentis
1507 1366 1827 1419 assensum,
1864 1347 2035 1420 idque
2062 1347 2233 1403 etiam
2300 1338 2306 1404 ἶ

306 1454 610 1522 antequam
638 1448 937 1505 accesserit
961 1448 1221 1504 Ecclesiae
1246 1465 1580 1504 consensus·
1610 1446 1782 1503 Hodie
1804 1445 2018 1502 scilicet
2039 1444 2235 1501 nullus
2292 1434 2306 1502 'i

313 1550 504 1622 audet,
551 1556 744 1626 aperte
788 1550 1014 1622 saltem,
1055 1549 1126 1606 ad
1165 1548 1486 1623 obsequiosi
1527 1554 1581 1605 et
1606 1546 1859 1604 damnati
1897 1545 2238 1602 Jansenista-
2303 1540 2306 1578 ῗ

304 1667 434 1705 rum
461 1648 677 1705 silentii
710 1649 1031 1706 machinam
1068 1666 1378 1706 recurrere.

377 1749 546 1804 Porro
582 1748 712 1805 inde
755 1756 946 1824 aperte
986 1749 1249 1823 sequitur
1292 1754 1508 1805 asserta
1548 1747 1786 1804 Romani
1829 1744 2112 1803 Pontificis
2150 1744 2237 1800 in·
2294 1731 2306 1740 .

308 1844 639 1903 fallibilitas.
686 1845 824 1902 Nam
858 1847 1128 1920 obligatio
1171 1845 1519 1921 obsequendi
1554 1844 1862 1901 Pontificiis
1902 1841 2241 1899 definitioni-

310 1945 417 2002 bus
443 1963 545 2022 per
582 1950 848 2003 internam
874 1947 1043 2003 etiam
1082 1946 1461 2003 obedientiam
1490 1964 1589 2002 seu
1622 1963 1722 2019 per
1748 1947 2005 2001 internum
2032 1944 2238 2001 mentis

311 2061 631 2111 assensum,
658 2044 804 2100 nihil
833 2044 986 2100 aliud
1010 2051 1091 2101 est
1119 2062 1291 2117 quam
1322 2043 1590 2117 obligatio
1619 2043 1866 2099 credendi
1893 2042 2237 2099 catholicum
2283 2026 2306 2124 Ξ

312 2159 430 2199 esse
466 2144 618 2216 quod
643 2144 983 2201 catholicum
1020 2143 1271 2200 definivit
1310 2143 1579 2199 Summus
1614 2141 1885 2209 Pontifex,
1934 2149 1985 2198 et
2014 2139 2238 2197 haereti-
2279 2145 2302 2234 ff

310 2257 464 2312 cum,
495 2241 646 2314 quod
678 2248 739 2298 ut
770 2242 881 2298 tale
921 2241 1276 2316 proscripsit.
1314 2240 1436 2295 Jam
1470 2257 1600 2295 vero
1637 2257 1867 2313 prorsus
1900 2244 2234 2313 repugnaret

310 2339 587 2413 ejusmodi
614 2340 900 2414 obligatio,
940 2340 988 2396 si
1018 2341 1162 2415 Papa
1204 2340 1263 2394 in
1295 2338 1611 2395 definiendo
1642 2343 2068 2414 errare—posset.
2097 2338 2234 2395 Nam
2274 2322 2289 2346 i

309 2439 458 2512 quod
484 2439 614 2496 velit
646 2439 788 2497 Deus
815 2441 1071 2497 homines
1102 2438 1280 2495 errori
1320 2438 1576 2509 credere,
1608 2446 1778 2512 atque
1804 2440 1947 2494 hanc
1986 2437 2067 2494 eis
2093 2437 2233 2494 obli-

310 2538 594 2611 gationem
655 2539 929 2613 imponat,
985 2557 1101 2595 non
1151 2538 1430 2594 absonum
1485 2538 1795 2607 dumtaxat,
1852 2538 1948 2594 sed
1993 2535 2284 2613 impium
2269 2516 2275 2525 ⁶

308 2635 473 2708 plane
503 2653 565 2692 ac
583 2635 982 2710 blasphemum
1008 2642 1112 2693 est.
1137 2636 1280 2710 Ergo
1302 2642 1449 2691 stale
1472 2635 1669 2707 nequit
1693 2635 1959 2708 obligatio
1989 2635 2236 2692 definitis
2263 2624 2285 2733 i

313 2732 506 2806 aPapa
532 2733 822 2805 credendi,
862 2752 960 2790 seu
993 2733 1164 2809 (quod
1199 2733 1350 2789 idem
1384 2734 1488 2807 est)
1525 2751 1657 2789 cum
1688 2732 1912 2789 interno
1941 2733 2118 2788 animi
2148 2752 2236 2790 as·
2265 2723 2285 2791 ἒ
2305 2737 2306 2741 ’

315 2847 486 2887 sensu
531 2831 872 2905 adhaerendi,
926 2833 1037 2889 nisi
1083 2833 1227 2907 Papa
1274 2832 1345 2888 sit
1399 2830 1745 2901 infallibilis;
1808 2839 1862 2889 et
1910 2850 2041 2889 cum
2084 2838 2234 2890 certa
2297 2836 2299 2838 ’

315 2929 409 3000 sit,
442 2948 544 2987 nec
567 2949 597 2986 a
622 2930 922 2988 Gallicanis
947 2937 1187 3006 negetur
1212 2931 1476 3005 obligatio
1506 2933 1646 3006 haec,
1674 2938 1823 2989 certa
1847 2933 1952 2988 hoc
1975 2932 2095 3007 ipso
2092 2832 2279 3012 esse}

315 3027 479 3086 debet
504 3030 742 3087 Romani
764 3030 1048 3088 Pontificis
1077 3030 1473 3088 infallibilitaS.
2243 3019 2306 3118 ξι.

308 3119 321 3128 ’
385 3129 629 3187 Mirum
615 3150 675 3188 1n
701 3132 931 3188 modurn
961 3137 1300 3206 torquentur
1325 3131 1596 3188 Gallicani
1623 3131 1939 3208 systematis
1967 3149 2025 3189 se
2029 3132 2287 3230 quaeesg'

310 3236 372 3285 ut
397 3229 802 3305 obsequiosum
835 3232 1282 3307 jansenistarum
1321 3231 1610 3289 silentium
1641 3231 1908 3303 devitent,
1953 3238 2006 3289 et
2043 3211 2283 3294 tamensst'

314 3326 547 3386 Romani
568 3329 850 3388 Pontificis
870 3330 1334 3406 infallibilitatem
1361 3348 1476 3387 non
1512 3330 1832 3388 admittant.
1861 3331 1932 3388 De
1958 3348 2070 3404 quo
2097 3329 2261 3386 cita·.
2304 3368 2306 3371 -

313 3425 502 3485 bimus
522 3418 821 3489 modernos
842 3431 1212 3508 SulpitianOS,
1233 3430 1334 3506 qui
1355 3431 1584 3490 Cursum
1613 3411 1956 3504 theoloqicum
1982 3431 2035 3505 (a
2052 3429 2232 3502 Migne
2287 3438 2291 3491 ξ

314 3523 550 3600 editum)
596 3530 958 3588 adnotarunt.
1000 3531 1085 3588 Ibi
1125 3548 1329 3607 nempe
1366 3532 1431 3606 (t.
1465 3531 1527 3600 V,
1569 3529 1676 3586 col.
1728 3530 1896 3602 1147)
1939 3529 2230 3586 adducun-

313 3626 409 3678 tur
429 3623 612 3698 primo
636 3629 803 3688 verba
837 3631 955 3688 haec
985 3629 1236 3689 Turnelii
1269 3651 1280 3684 z
1315 3651 1342 3683 «
1373 3629 1655 3687 Tenentur
1680 3627 1872 3687 fideles
1896 3626 2224 3686 Pontificum
2264 3619 2295 3688 l
