2262 3990
221 158 314 215 684
902 155 1194 204 TRACTATUS
1223 157 1289 206 DE
1319 158 1466 208 PAPA.

223 267 347 342 ipse
368 263 595 340 Papatui
618 262 987 320 renuntiavit.
1012 264 1075 320 vi
1104 282 1307 340 nempe
1333 283 1531 323 eorum
1562 286 1684 343 quae
1708 270 1899 344 gessit,
1930 252 2139 350 Papatu'

221 363 447 432 excidit,
493 360 551 416 in
600 362 899 437 hypothesi
949 362 1101 437 quod
1138 381 1304 421 verus
1349 365 1496 441 Papa
1538 365 1728 438 fuerit,
1774 374 1829 425 et
1862 369 2031 427 etiam
2076 374 2146 436 1η

216 461 515 537 hypothesi
543 461 696 535 quod
733 462 1011 520 sententia
1046 463 1421 539 depositionis
1453 483 1484 522 a
1510 466 1748 524 concilio
1779 471 2134 544 pronuntiata·

211 561 370 616 nulla
414 561 585 618 suerit
628 567 680 618 31
724 562 913 619 irrita.
950 563 1094 620 Dum
1136 564 1289 621 enim
1330 567 1477 622 hanc
1517 565 1888 642 depositionis
1920 574 2152 630 sentem·

208 661 372 732 tiam,
412 661 785 733 quantumvis
816 661 884 719 de
911 680 971 720 se
998 663 1239 730 nullam,
1275 664 1403 746 ‘ipse
1436 671 1618 722 ratam
1646 667 1867 737 habuit,
1898 667 2137 744 seipsum

211 777 340 816 vere
366 759 645 834 deposuit,
675 759 731 815 id
771 766 875 834 est,
919 762 1155 838 Papatui
1190 781 1316 821 vere
1342 764 1713 822 renuntiavit.
1753 765 2021 840 Equidem
2044 769 2137 828 oh·
2220 808 2222 812 ,

207 859 308 933 jici
347 866 527 933 potest
553 860 673 916 haec
699 861 767 918 ab
796 861 918 937 ipso
947 869 1103 935 gesta
1130 863 1270 921 dum
1304 864 1363 920 in
1391 865 1654 922 custodia
1680 865 2046 924 detineretur.
2075 870 2139 928 At

216 976 581 1033 nequaquam
614 959 727 1045 ‘dici
769 968 1006 1036 possunt
1040 968 1160 1019 acta
1201 981 1266 1020 ex
1304 971 1445 1020 metu.
1477 966 1695 1021 cadente
1725 967 1779 1020 1η
1822 973 2136 1026 constantem

218 1061 411 1129 virum,
461 1079 576 1134 quo
614 1060 846 1119 libertas
888 1062 1169 1136 ejusmodi
1219 1063 1359 1120 actis
1403 1064 1719 1121 necessaria
1761 1063 2001 1122 tollitur.
2046 1066 2137 1149 Hic
2226 1092 2228 1094 ’

222 1159 375 1215 3111111
413 1165 599 1218 11131115
641 1161 698 1217 111
727 1180 858 1219 311111
902 1180 1013 1218 11011
1057 1162 1229 1234 cadit,
1260 1163 1359 1237 qui
1401 1181 1470 1220 ex
1511 1171 1665 1221 metu
1707 1164 1764 1220 id
1796 1163 1952 1236 facit,
1991 1166 2134 1238 quod

214 1258 345 1331 jure
388 1259 572 1316 facere
609 1267 856 1318 tenetur.
902 1262 1072 1318 Porro
1113 1261 1182 1317 ad
1218 1262 1628 1319 restituendam
1663 1262 1920 1319 Ecclesiae
1962 1262 2137 1321 unita-

220 1365 355 1421 tem,
383 1358 843 1416 contendentium
874 1360 1116 1434 quisque
1139 1361 1269 1435 jure
1303 1361 1549 1418 naturali
1578 1361 1876 1418 tenebatur
1908 1360 2132 1437 Papatui

210 1459 562 1527 renuntiare;
600 1464 663 1533 et
696 1460 929 1537 insuper
964 1462 1204 1519 Joannes
1238 1462 1395 1517 XXIII
1430 1480 1488 1519 53
1525 1462 1984 1519 renuntiaturum
2013 1479 2134 1538 pro-

212 1557 442 1615 miserat
474 1564 526 1615 ct
561 1559 886 1634 juramento
915 1562 1263 1619 firmaverat.
1304 1562 1422 1618 Non
1455 1580 1586 1636 ergo
1620 1580 1686 1619 ex
1718 1562 1938 1619 defectu
1974 1562 2135 1620 liber·

211 1660 343 1715 tatis
375 1666 577 1717 nutare
608 1661 716 1718 dici
748 1669 990 1738 possunt
1017 1669 1137 1720 3313
1162 1663 1370 1739 quihus
1390 1663 1625 1739 Papatui
1655 1663 2022 1721 renuntiavit.

287 1759 343 1814 5⁰
374 1763 439 1815 At
463 1760 930 1818 contendentium
959 1762 1184 1833 13111115,
1219 1762 1275 1818 id
1305 1768 1408 1828 est,
1436 1763 1631 1819 Petrus
1662 1763 1729 1819 de
1754 1763 1926 1831 Luna,
1957 1762 2137 1820 dictus

213 1856 267 1910 in
310 1875 411 1912 sua
454 1857 773 1914 olJedIentia
822 1860 1159 1916 Benedictus
1200 1860 1330 1925 XIII,
1383 1878 1486 1916 nec
1530 1860 1677 1917 sicut
1717 1859 2016 1934 Gregorius
2053 1857 2138 1914 ΧΠ

210 1954 470 2010 abdicare
488 1956 685 2025 voluit,
714 1975 816 2013 nec
843 1957 988 2013 sicut
1014 1958 1254 2014 Joannes
1280 1958 1435 2012 XXIII
1454 1958 1742 2014 sententiae
1771 1955 2135 2032 depositionis

210 2072 239 2109 a
269 2054 508 2111 concilio
547 2056 927 2130 pronuntiatae
971 2057 1266 2114 assentire.
1299 2056 1491 2121 Quoad
1519 2057 1707 2132 ipsum
1751 2057 2013 2115 solvenda
2052 2075 2137 2115 13-

209 2162 399 2212 manet
441 2156 772 2223 difficultas;
821 2158 1103 2230 quomodo
1144 2157 1356 2213 scilicet
1401 2157 1565 2214 aliter
1616 2157 1926 2214 extinctum
1966 2156 2134 2213 fuerit

210 2256 478 2327 schisma,
513 2275 686 2330 quam
723 2275 824 2333 per
852 2258 1077 2315 concilii
1116 2257 1562 2314 Constantiensis
1583 2257 2040 2333 jurisdictionem
2073 2256 2127 2312 in

206 2375 401 2413 verum
427 2357 654 2433 Papam.

284 2457 570 2513 Pssoposmo
613 2459 696 2516 11³.
733 2492 805 2500 -
828 2459 963 2515 Ante
990 2458 1207 2515 Martini
1249 2457 1293 2515 V
1321 2458 1655 2524 electionem,
1691 2458 1906 2514 evidens
1950 2474 2011 2513 ac
2038 2473 2149 2541 no-¹

209 2559 405 2613 lorium
441 2576 508 2614 ea:
536 2560 802 2615 eventibus
826 2567 1097 2627 evaserat,
1127 2558 1346 2614 Petrum
1383 2558 1447 2614 cle
1475 2558 1628 2615 Luna
1662 2576 1769 2614 non
1801 2575 1915 2613 esse
1951 2573 2128 2613 verum

208 2656 546 2729 Pontificem.
582 2692 652 2699 —
680 2659 818 2715 Vera
851 2659 1126 2734 probatur
1162 2657 1451 2730 conclusio
1494 2657 1752 2732 sequenti
1789 2661 2124 2733 punctorum

209 2756 353 2824 serie
383 2778 393 2809 :

287 2855 327 2911 I.
362 2856 692 2931 Contingere
727 2857 948 2931 nequit,
979 2874 1176 2914 verum
1210 2874 1275 2913 ac
1300 2856 1618 2930 legitimum
1648 2856 1853 2931 Papam
1887 2855 1954 2912 de
1986 2855 2124 2911 facto

209 2975 239 3014 a
274 2962 389 3014 toto
425 2957 765 3031 generaliter
794 2956 1054 3014 Ecclesiae
1081 2956 1377 3014 catholicae·
1398 2974 1634 3033 corpore
1660 2955 1931 3032 separari,
1962 2953 2040 3011 ita
2065 2957 2126 3009 ut

207 3075 404 3115 omnes
449 3058 789 3131 generaliter
836 3057 1094 3133 Episcopi
1148 3076 1212 3114 ac
1256 3056 1449 3114 fideles
1493 3055 1601 3131 ipsi
1646 3061 1918 3129 tanquam
1961 3049 2123 3128 capiti

205 3157 493 3215 adhaerere
534 3157 816 3215 desinant.
840 3157 1065 3213 —Nam
1094 3157 1339 3214 Ecclesia
1372 3174 1544 3230 quam
1585 3154 1840 3211 Christus
1881 3150 2124 3210 instituit

207 3274 321 3313 non
346 3262 427 3313 est
454 3275 657 3332 corpus
683 3255 924 3313 divisum
955 3275 986 3312 a
1014 3256 1219 3332 capite,
1243 3275 1343 3314 nec
1365 3259 1533 3331 caput
1550 3254 1797 3312 divisum
1818 3271 1849 3310 3
1870 3265 2119 3327 corpore;

209 3356 306 3411 sed
347 3363 430 3414 est
468 3357 750 3431 integrum
790 3375 997 3432 corpus
1046 3356 1276 3422 morale,
1309 3350 1592 3413 'constans
1638 3353 1820 3429 capite
1857 3349 2030 3408 simul
2068 3350 2131 3404 et.

211 3472 443 3531 corpore
479 3458 589 3515 sibi
621 3458 862 3515 invicem
902 3457 1334 3525 cohaerentibus3
1371 3456 1448 3514 ita
1491 3454 1701 3512 scilicet
1736 3458 1799 3509 ut
1838 3455 2006 3527 caput
2027 3447 2119 3504 Ec·

209 3553 392 3611 clesiae
429 3558 538 3616 tale
569 3578 692 3618 esse
729 3568 973 3636 nequeat
1011 3558 1124 3618 nisi
1157 3555 1379 3632 corpori
1417 3555 1707 3631 praesideat
1746 3553 1993 3627 illudque
2033 3563 2119 3604 re-

210 3660 325 3728 gat,
355 3661 408 3712 31
439 3657 685 3716 vicissim
713 3680 916 3738 corpus
942 3658 1202 3719 Ecclesiae
1231 3655 1347 3714 tale
1378 3671 1499 3712 esse
1523 3657 1768 3728 nequeat
1803 3649 1916 3708 nisi
1950 3641 2117 3722 capiti
