2306 4010
764 223 888 271 PARS
919 220 1155 269 SECUNDA.
1814 218 1901 264 289
1924 214 1929 219 ’

28 334 341 394 extenditur
372 329 784 389 infallibilitatis
814 325 1194 404 praerogativa,
1219 323 1332 380 sive
1359 323 1603 380 Romano
1628 320 1897 394 Pontifici,

29 432 141 490 sive
165 430 405 506 generali
431 428 664 487 concilio
694 427 909 485 collata.

484 652 508 703 5
533 650 571 692 5.
593 673 646 682 —
670 649 776 697 Quid
803 647 1042 690 Bossuetius
1067 648 1118 689 de
1138 647 1285 690 Liberii
1310 647 1439 701 lapsu.

103 798 157 854 1⁰
182 798 318 854 Dum
355 814 484 853 suas
519 795 577 851 in
623 793 985 866 Evangelium
1037 794 1408 851 Meditationes
1452 795 1742 867 scriberet,
1777 796 1907 852 duos

33 902 243 954 tantum
291 897 384 948 aut
423 899 524 947 tres
559 896 843 965 repererat
871 890 1149 946 Romanos
1198 891 1485 947 Pontifices
1517 892 1701 964 quoad
1736 891 1903 948 tidem

36 996 215 1069 lapsos
243 990 380 1063 (vide
409 988 475 1044 ad
509 989 656 1044 diem
688 987 799 1059 72).
828 987 887 1041 In
912 1004 1015 1042 sua
1048 985 1254 1042 celebri
1281 988 1546 1043 concione
1578 989 1798 1044 Sei-mon
1817 1007 1908 1044 sur

40 1091 232 1156 l'unitd,
265 1087 320 1143 in
342 1085 577 1143 comitiis
612 1084 742 1140 anni
771 1084 917 1140 1682
952 1082 1164 1152 habita,
1186 1082 1531 1138 memorabat
1558 1084 1907 1140 solummodo

37 1204 184 1243 tinum
206 1193 291 1241 aut
307 1185 465 1248 cluos;
486 1183 762 1239 Liberium
792 1180 1046 1237 videlicet
1069 1186 1121 1236 et
1145 1179 1476 1250 Honorium,
1507 1187 1674 1255 prout
1697 1199 1762 1237 ex
1785 1181 1908 1237 aliis
1990 1180 1994 1184 ’

35 1284 203 1360 ipsius
246 1283 462 1358 scriptis
497 1282 798 1355 colligitur.
846 1282 942 1337 Ast
983 1280 1040 1334 in
1072 1298 1172 1335 suo
1211 1280 1546 1352 Defensionis
1572 1280 1736 1352 libro,
1774 1280 1901 1335 doc-

38 1383 138 1439 tior
159 1384 269 1456 jam
302 1382 357 1436 in
396 1399 456 1438 eo
487 1386 811 1455 argumento
861 1380 1113 1450 effectuS,
1146 1379 1275 1453 plus
1310 1397 1477 1451 quam
1508 1380 1695 1436 decem
1723 1379 1908 1454 lapsos

41 1483 308 1538 Romanos
332 1481 612 1538 Pontifices
642 1478 850 1552 ingenii
889 1477 972 1533 sui
1006 1476 1265 1533 acumine
1297 1483 1676 1551 perspexerat.

118 1579 170 1633 2⁰
212 1578 288 1631 Ad
326 1578 516 1635 Liberii
572 1579 793 1654 lapsum
837 1576 985 1649 quod
1035 1575 1252 1647 attinet,
1303 1573 1446 1630 nihil
1489 1576 1666 1648 magis
1712 1576 1905 1634 critica

42 1674 347 1732 eruditione
375 1694 436 1732 ac
458 1676 629 1750 logica
646 1676 903 1750 jejunum
931 1672 1091 1729 ullibi
1117 1671 1348 1747 reperiri
1379 1672 1711 1744 existimem,
1735 1694 1904 1748 quam

37 1770 176 1844 quod
201 1771 519 1831 declamavit
537 1773 859 1830 Bossuetius
886 1771 1027 1827 libro
1050 1769 1135 1840 IX,
1165 1770 1347 1844 capite
1375 1790 1526 1826 xxxln
1552 1777 1606 1828 et
1629 1773 1904 1829 xxxiv-De-

35 1869 278 1939 fensionis
306 1870 385 1942 (in
416 1871 654 1927 editione
675 1868 962 1926 Bisuntina
987 1866 1155 1937 1846,
1177 1872 1326 1923 tomo
1355 1867 1417 1937 X,
1441 1887 1496 1942 p.
1528 1867 1635 1923 426
1653 1875 1707 1925 et
1733 1872 1902 1943 seq.).

4 1965 245 2021 ‘Fatetur
274 1985 302 2021 a
339 1968 553 2025 Liberio
587 1966 956 2041 subscriptam
983 1965 1266 2023 dumtaxat
1302 1966 1473 2022 fuisse
1503 1967 1746 2042 primam
1792 1967 1902 2024 Sir-

35 2061 291 2119 miensem
323 2064 645 2132 formulam,
683 2063 803 2136 quae
843 2062 987 2118 nibil
1030 2082 1140 2120 non
1183 2065 1520 2122 catholicum
1557 2066 1894 2123 continebat.

30 2159 127 2218 Sed
161 2161 286 2235 quia
328 2160 512 2218 deerat
546 2181 645 2218 vox
690 2163 1162 2231 consubstantialz‘S,
1202 2163 1331 2235 quia
1384 2163 1623 2236 rejectus
1660 2165 1902 2220 Athana-

34 2256 143 2315 sius
167 2264 218 2314 et
263 2259 319 2315 in
353 2260 807 2316 communionem
843 2261 1052 2335 recepti
1076 2259 1404 2330 Orientales‚
1444 2262 1551 2334 ipsi
1584 2262 1899 2320 certissima

35 2356 301 2413 conclusio
342 2364 446 2427 est,
496 2358 759 2414 defecisse
805 2358 862 2412 in
898 2357 1003 2414 fide
1056 2359 1360 2430 Liberium,
1398 2366 1451 2415 et
1485 2378 1549 2415 ex
1595 2361 1699 2416 hoc
1737 2361 1899 2435 lapsu

37 2450 298 2512 evidenter
324 2456 541 2530 explodi
573 2456 883 2512 doctrinam
926 2456 993 2512 de
1032 2456 1267 2512 Romani
1307 2457 1586 2514 Pontificis
1626 2457 1792 2515 fidem
1840 2478 1902 2516 ex

34 2551 281 2608 cathedra
344 2552 658 2610 definientis
713 2553 1040 2610 inerrantia.
1101 2553 1273 2618 Quam
1329 2555 1518 2611 inania
1570 2557 1705 2627 haec,
1765 2557 1901 2614 satis

29 2649 305 2723 perspexit·
329 2650 499 2707 lector
533 2669 597 2706 ex
625 2651 1008 2726 superioribus
1053 2653 1437 2728 paragraphis.
1467 2654 1776 2729 Propugnat
1802 2675 1899 2713 au-

30 2750 135 2799 tem
156 2745 492 2821 BossuctiuS,
519 2756 571 2804 et
599 2748 820 2823 quidem
855 2768 965 2806 non
990 2750 1201 2823 vulgari
1227 2752 1501 2808 sermonis
1531 2760 1692 2822 aestu,
1734 2754 1898 2811 infal-

29 2840 334 2901 libilitatem
365 2846 609 2902 Romano
643 2847 911 2919 Pontifici,
949 2855 1044 2906 aut
1068 2848 1281 2905 nullam
1307 2870 1427 2907 esse
1461 2854 1894 2927 concedendam,

32 2945 124 2995 aut
148 2943 551 2999 concedendam
593 2944 758 3000 etiam
803 2945 861 3000 in
890 2965 1024 3002 casu
1055 2948 1283 3003 notoriae
1323 2937 1642 3022 coactioniS,
1676 2953 1896 3023 quando

28 3053 226 3110 nempe
258 3038 536 3095 notorium
563 3046 646 3096 est
674 3040 778 3115 ipsi
815 3043 926 3098 vim
958 3062 1020 3098 ac
1058 3052 1272 3101 metum
1322 3046 1520 3103 incuti.
1556 3048 1630 3102 Ex
1665 3067 1776 3120 quo
1818 3048 1897 3103 lo-

30 3130 144 3199 gice
171 3131 556 3203 deduceretur,
584 3136 974 3195 adhaerendum
999 3159 1118 3197 esse
1146 3143 1366 3198 concilii
1396 3144 1670 3215 generalis
1706 3145 1898 3201 defini-

31 3222 188 3294 tioni,
215 3231 478 3299 tanquam
506 3229 807 3301 infallibili,
826 3236 914 3290 cui
937 3237 1187 3309 ejusdem
1212 3239 1432 3294 concilii
1455 3240 1640 3296 Patres
1665 3258 1730 3296 ex
1748 3249 1899 3298 metu

30 3342 90 3378 ac
125 3323 272 3406 illata
303 3325 354 3379 vi
381 3327 776 3401 subscripsisse
810 3333 1086 3388 notorium
1119 3336 1288 3399 foret;
1324 3336 1436 3392 imo
1471 3338 1687 3395 etiamsi
1718 3359 1897 3414 perse-

29 3428 246 3478 cutores
274 3430 492 3496 arrepta
516 3424 781 3481 violenter
798 3427 1138 3499 singulorun·1
1178 3450 1370 3502 manu,
1410 3435 1760 3495 subscribere
1779 3458 1896 3497 coe-

30 3516 252 3587 gissent.
306 3519 474 3575 Taceo
505 3522 903 3594 arrogantiam,
933 3543 1041 3598 qua
1067 3526 1358 3584 doctorum
1384 3532 1783 3592 catholicorum
1806 3556 1892 3594 ar-

31 3623 288 3684 gumenta
310 3618 523 3686 minuta,
545 3619 718 3690 sutilia
745 3639 805 3676 ac
833 3623 1185 3680 cavillationes
1218 3634 1389 3684 vocat.
1427 3629 1544 3686 lltec
1562 3650 1588 3687 a
1614 3631 1894 3692 Bossuetio

269 3733 316 3763 11.
1598 3737 1650 3784 ¹9
