2262 3990
717 781 1282 874 APPENDIX

109 1016 189 1067 Al)
234 1010 571 1065 SECUNDAM
619 1009 699 1060 ET
739 1006 1028 1060 TERTIAM
1068 1003 1452 1057 PRAESENTIS
1499 1001 1896 1055 TRACTATUS

857 1098 1135 1152 PARTEM.

224 1308 440 1344 noenum.
476 1307 629 1342 saner!
665 1306 886 1342 ALPHONSI
924 1306 981 1340 DE
1021 1303 1228 1339 mcuomo
1261 1303 1313 1338 Ac
1348 1302 1454 1337 RJUS
1489 1298 1776 1336 aumonius,

134 1855 194 1900 Ad
225 1854 419 1912 singulas
445 1853 538 1899 sere
569 1851 791 1897 dictarum
813 1850 1007 1909 partium
1026 1848 1348 1901 conclusiones,
1377 1847 1423 1892 in
1446 1846 1835 1892 confirmationem
1855 1843 1941 1889 ad-

72 1929 174 1975 duci
199 1928 427 1987 potuisset,
447 1927 537 1972 imo
561 1931 603 1971 et
622 1925 861 1977 debuisset,
889 1922 997 1969 tanti
1012 1923 1096 1968 viri
1114 1922 1311 1967 doctrina
1332 1926 1376 1966 et
1391 1921 1649 1966 auctoritas.
1679 1918 1764 1964 Sed
1783 1931 1937 1977 sparsa

76 2003 163 2048 huc
182 2002 287 2047 illuc
310 2001 468 2047 eximia
491 2000 588 2058 ejus
611 1998 726 2044 dicta
746 1998 896 2043 minus
919 1996 1206 2055 profuissent,
1234 2009 1370 2054 quam
1392 1994 1466 2039 hic
1489 1995 1537 2040 in
1562 2007 1708 2040 unum
1734 1992 1934 2047 collecta,

73 2075 238 2135 praevio
261 2075 569 2134 scriptionum,
590 2072 752 2132 quibus
775 2072 1047 2119 Gallicanum
1071 2076 1264 2131 systema
1280 2070 1546 2130 profligavit,
1572 2069 1792 2115 indiculo.

82 2240 102 2280 5
118 2238 151 2273 1.
165 2256 209 2264 —
229 2236 370 2278 Quibus
399 2235 559 2281 scriptis
580 2239 736 2272 sanctus
750 2234 965 2280 Alphonsus
987 2233 1036 2270 de
1057 2233 1236 2278 Liguorio
1257 2233 1492 2280 pestiferum
1513 2232 1702 2279 gallicani
1725 2233 1943 2278 systematis

756 2299 931 2326 errorem
956 2290 1256 2336 impugnaverit.

137 2403 168 2447 1.
192 2403 469 2462 Praecipuum
489 2406 556 2447 est
574 2400 693 2460 quod
713 2399 972 2446 inscribitur
993 2417 1003 2444 ε
1031 2399 1247 2446 Vindiciae
1265 2412 1350 2460 pro
1373 2413 1589 2461 suprema
1611 2401 1842 2459 Pontificis
1862 2415 1946 2461 po-

79 2483 236 2524 testate
257 2477 472 2523 adversus
495 2476 720 2523 lustinum
750 2475 1036 2522 Febronium.
1070 2474 1181 2520 Cum
1217 2489 1379 2534 nempe
1411 2476 1494 2521 sub
1527 2477 1741 2522 ementito
1780 2476 1943 2524 Febro-

78 2552 142 2597 nii
174 2552 354 2598 nomine
389 2551 550 2596 librum
587 2565 720 2597 suum
751 2550 959 2596 edidisset
990 2549 1233 2609 Episcopus
1268 2550 1322 2596 de
1359 2550 1581 2604 ilonteim,
1617 2550 1821 2610 requiem
1852 2566 1942 2598 non

77 2626 230 2671 habuit
270 2632 447 2671 sanctus
490 2626 739 2684 Alphonsus
778 2626 831 2671 de
875 2625 1102 2685 Liguorio,
1151 2626 1294 2672 donec
1335 2626 1588 2685 pravissimi
1625 2626 1761 2686 hujus
1802 2633 1945 2686 syste-

78 2700 207 2746 matis
245 2700 591 2746 consutationem
630 2699 959 2747 concinnasset.
1007 2702 1059 2746 At
1098 2701 1313 2760 denegata
1355 2701 1437 2760 ipsi
1483 2702 1566 2746 suit
1586 2701 1634 2747 in
1659 2701 1943 2761 Neapolitano

77 2788 214 2832 regno
238 2774 522 2833 imprimendi
559 2775 772 2828 facultas;
809 2775 1011 2822 obstante
1043 2775 1212 2820 scilicet
1246 2775 1528 2833 Neapolitano
1559 2775 1796 2834 gubernio,
1823 2777 1942 2835 quod

79 2855 184 2896 tunc
218 2850 427 2908 temporis
463 2850 741 2897 Jansenismo
779 2857 822 2896 et
855 2850 1218 2898 Febronianismo
1253 2851 1538 2897 insanissime
1578 2851 1834 2896 adhaerebat
1875 2856 1946 2897 at-

78 2937 167 2983 que
198 2924 383 2970 favebat.
421 2923 588 2971 Idcirco
622 2926 730 2972 dicit
762 2931 941 2972 sanctus
969 2927 1199 2984 Liguorius
1234 2927 1291 2972 de
1327 2927 1466 2971 hocce
1498 2926 1612 2971 libro
1646 2939 1727 2970 suo
1767 2926 1832 2984 (in
1866 2939 1945 2971 sua

81 2996 319 3057 Theoloqia
342 2998 524 3050 morali,
562 2999 591 3044 l.
629 2999 663 3053 1,
698 3014 743 3045 n.
783 3000 888 3058 110)
926 3015 935 3043 :
968 3002 1051 3058 Qui
1086 3009 1237 3047 tamen
1259 3002 1403 3047 locem
1425 3014 1517 3046 nou
1543 3000 1672 3046 vidit.
1700 3001 1776 3046 Ast
1798 3001 1946 3046 editus

81 3079 230 3132 postea
259 3074 343 3118 suit
369 3073 575 3120 Venetiae.
614 3074 785 3119 Aureus
822 3075 952 3132 plane
982 3074 1174 3129 libellus,
1223 3076 1271 3120 in
1294 3089 1384 3134 quo
1414 3074 1725 3121 sanctissimus
1762 3075 1829 3120 vir
1862 3074 1947 3120 Ro-

82 3161 215 3193 mano
236 3147 435 3193 Pontifici
458 3161 718 3207 supremam
750 3149 796 3193 in
817 3148 1010 3194 Ecclesia
1030 3155 1295 3208 potestatem
1317 3150 1601 3203 vindicando,
1629 3150 1765 3195 simul
1789 3149 1946 3208 probat

82 3235 181 3267 eam
198 3235 296 3267 esse
312 3221 357 3266 in
377 3219 627 3267 definienda
650 3221 740 3267 tide
760 3221 1052 3278 infallibilem,
1076 3229 1121 3269 et
1143 3225 1340 3283 generali
1364 3225 1552 3271 concilio
1576 3225 1875 3284 superiorem.

142 3295 194 3341 11.
223 3296 488 3341 Dissertatio
507 3309 645 3354 super
665 3297 1013 3356 propositionem
1033 3298 1160 3343 XXIX
1180 3299 1450 3346 damnatam
1470 3299 1527 3345 ab
1549 3299 1810 3346 Alexandro
1831 3299 1943 3355 VIII,

84 3383 177 3429 (με
199 3370 371 3417 dicebat
396 3385 410 3415 :
438 3390 458 3411 α
477 3372 637 3418 Futilis
662 3378 704 3417 et
731 3372 860 3418 toties
885 3373 1100 3419 convulsa
1119 3382 1183 3420 est
1206 3378 1395 3421 assertio
1423 3374 1476 3420 de
1495 3375 1735 3433 Pontificis
1757 3376 1950 3421 Romani

85 3458 224 3505 supra
238 3446 478 3491 concilium
494 3447 814 3492 oecunrenieum
836 3449 1104 3494 auctoritate
1124 3450 1233 3495 etin
1256 3449 1363 3508 fidei
1385 3450 1708 3510 quaestionibus
1725 3449 1945 3508 definien-

6 3529 10 3531 “
87 3519 156 3567 dis
179 3520 535 3579 infallibilitate.
569 3538 587 3563 ιι
615 3521 723 3566 Eam
744 3522 933 3568 inseruit
955 3528 1134 3569 sanctus
1163 3522 1396 3582 Liguorius
1427 3525 1475 3570 in
1503 3538 1631 3572 suam
1665 3524 1941 3584 Theoloqiam

86 3595 305 3642 moralem
325 3594 418 3656 (lib.
444 3595 477 3651 1,
500 3600 686 3642 tractatu
706 3595 759 3642 de
780 3596 983 3657 Leyibus,
1012 3611 1056 3643 n.
1085 3597 1171 3644 110
1194 3603 1241 3644 et
1260 3599 1425 3659 seqq.).
1450 3598 1502 3646 Et
1514 3599 1648 3658 hujus
1669 3599 1822 3658 scripti
1844 3614 1946 3647 sco·
