2262 3990
866 171 991 220 PARS
1021 169 1259 218 SECUNDA.
1909 162 2001 210 495

854 461 1101 524 CAPUT
1157 459 1265 520 vll

525 641 921 681 confutarat
942 637 1256 699 'nunerio
1280 645 1292 669 ε
1315 633 1592 671 commun

161 713 528 752 OEcfflEch
549 709 930 748 NEOESSABUA
952 706 1132 750 §mvn
1156 705 1232 739 Ar
1255 702 1469 739 SEMEL
1493 700 1761 737 ammissit
1784 698 1961 735 PAPAE

422 773 955 813 lnrAmmlnlu'rAm
980 771 1252 807 'lelalA
1273 768 1406 804 lucu
1430 768 1695 803 unul-:wr-

195 954 374 1008 Potest
417 949 708 1005 difficultas
744 946 910 1000 hocce
945 943 1267 1018 syllogismo
1307 938 1821 999 breviter'exhiberi
1854 964 1864 995 :
1898 943 2000 1000 Ne·

121 1051 347 1105 cessaria
370 1053 486 1100 sum
517 1042 798 1114 aliquando
842 1040 1058 1096 concilia
1090 1041 1398 1094 oeea‘menica
1418 1060 1433 1091 .·
1455 1042 1595 1111 atqui
1628 1058 1886 1111 nunquam
1918 1059 1998 1096 es-

117 1151 230 1198 sent
250 1142 540 1196 necessaria
560 1142 606 1194 si
630 1139 889 1195 Romanus
908 1138 1159 1208 Pontifex
1185 1136 1553 1207 infallibilitate
1568 1138 1830 1208 potiretur
1843 1161 1862 1200 ;
1883 1139 1991 1207 ipse-

116 1237 370 1309 siquidem
394 1237 770 1290 controversias
802 1251 977 1289 omnes
1019 1234 1266 1286 dirimere
1290 1241 1469 1304 posset
1494 1253 1510 1285 .-
1539 1251 1659 1306 erqo
1691 1228 1990 1304 infallibilis

114 1352 215 1389 non
242 1343 317 1388 est
338 1334 602 1388 Romanus
639 1331 914 1401 Pontifex.

192 1431 498 1503 Respontleo
546 1429 599 1484 1Ο
642 1428 970 1500 :Distinguo
1018 1427 1284 1500 majorem
1320 1449 1329 1480 :
1372 1426 1610 1482 Concilia
1655 1428 1997 1483 oecumenica

113 1533 250 1583 sunt
277 1525 572 1598 aliquando
596 1527 893 1581 necessaria
924 1525 1213 1593 moraliter,
1252 1523 1307 1578 id
1333 1530 1436 1594 est,
1465 1523 1620 1579 valde
1651 1524 1831 1593 utilia,
1866 1543 1995 1580 con-

117 1625 371 1681 ceditur:
404 1623 716 1678 necessaria
747 1624 1088 1694 metaphysiee
1116 1639 1213 1677 seu
1260 1622 1450 1678 stricto
1494 1640 1684 1693 sensu,
1723 1641 1785 1678 ac
1820 1622 1895 1678 ita
1935 1630 1996 1678 ut

117 1721 502 1779 controversia}
534 1720 659 1775 fidei
689 1725 966 1791 nequeant
997 1738 1026 1774 a
1063 1719 1181 1774 solo
1211 1719 1352 1793 Papa
1376 1719 1589 1788 dirimi,
1621 1724 1877 1790 negatur.
1906 1718 1996 1772 Ni-
2068 1717 2072 1722 ’

63 1879 68 1884 ,
118 1821 323 1875 mirum
381 1838 499 1892 quae
547 1818 743 1875 adduci
794 1818 993 1884 solent,
1052 1816 1164 1871 sive
1208 1833 1272 1871 ex
1320 1816 1478 1871 factis
1527 1814 1830 1885 historiciS,
1876 1814 1990 1870 sive

116 1918 360 1988 aliunde,
394 1918 460 1972 ad
486 1917 823 1991 probandam
850 1913 1194 1986 generalium
1220 1913 1558 1987 synodorum
1581 1913 1990 1980 necessitatem,

114 2034 226 2072 non
253 2016 415 2072 aliam
451 2015 712 2071 evincunt
747 2031 915 2086 quam
956 2012 1206 2068 moralem
1235 2011 1413 2081 illam,
1439 2030 1560 2085 quae
1588 2029 1801 2084 magnae
1832 2012 1997 2066 dum-

115 2117 262 2168 taxat
287 2113 516 2167 utilitati
553 2111 861 2184 aequivalet.
888 2111 1007 2164 Jam
1035 2127 1162 2165 vero
1185 2109 1506 2164 nullatenus
1531 2116 1801 2182 repugnat
1828 2110 1993 2164 infal-

117 2206 373 2260 libilitate
397 2207 603 2279 pollere
635 2207 947 2260 Romanum
977 2204 1316 2273 Pontificem,
1350 2210 1402 2258 et
1439 2204 1808 2260 nihilominus
1837 2206 1993 2260 valde

121 2301 284 2356 utiles
311 2318 427 2355 esse
484 2301 537 2354 in
584 2300 868 2355 nonnullis
908 2299 1342 2354 circumstantiis
1389 2300 1674 2370 generales
1733 2301 1993 2374 synodos,

120 2396 347 2459 Quando
390 2396 539 2451 enim
575 2413 670 2469 per
719 2395 1124 2450 oecumenicum
1174 2395 1471 2450 concilium
1531 2395 1769 2451 edicitur
1804 2397 1994 2470 aliqua

118 2494 242 2549 fidei
272 2494 541 2562 definitio,
572 2495 748 2567 major
777 2499 828 2549 et
861 2492 1078 2548 facilior
1103 2492 1228 2547 inde
1256 2492 1436 2548 oritur
1467 2493 1800 2567 publicitas;
1834 2495 1907 2550 ita
1931 2502 1991 2551 ut

118 2591 356 2646 haeretiei
401 2591 497 2662 qui
535 2591 875 2645 damnantur
899 2591 1013 2662 jam
1048 2607 1159 2645 non
1203 2589 1422 2645 valeant
1458 2590 1741 2647 definitam
1788 2591 1993 2648 doctri-

116 2698 247 2742 nam
275 2688 507 2760 populos
538 2687 734 2743 celare.
779 2687 916 2741 Dum
950 2693 1174 2742 econtra
1204 2686 1250 2741 si
1298 2686 1453 2742 solus
1477 2687 1617 2762 Papa
1642 2690 1988 2762 pronuntiet,

119 2783 421 2839 mendaciis
448 2803 508 2840 ac
534 2784 1042 2840 machinationibus
1070 2783 1187 2839 suis
1215 2783 1437 2840 facilius
1460 2792 1785 2859 procurant,
1813 2804 1881 2842 ne
1899 2805 1992 2860 po-

122 2877 240 2951 puli
285 2894 346 2931 ac
377 2880 681 2950 praesertim
712 2886 964 2952 potentes
991 2879 1116 2935 laici
1146 2886 1355 2936 certam
1384 2881 1450 2935 de
1473 2881 1832 2955 pronuntiata
1860 2881 1993 2935 deti-

121 2970 330 3026 nitione
357 2971 610 3026 notitiam
634 2972 921 3046 recipiant.
948 2974 1179 3047 Insuper
1201 2975 1279 3029 sic
1303 2975 1361 3029 in
1387 2993 1566 3029 unum
1593 2975 1909 3047 congregati
1929 2993 1992 3030 ex

121 3067 287 3124 variis
327 3068 650 3140 regionibus·
684 3070 966 3144 Episcopi,
1013 3089 1076 3126 ac
1124 3071 1270 3127 inter
1315 3090 1372 3127 sc
1405 3073 1767 3139 conserenteS,
1816 3074 1992 3129 multa

120 3166 464 3238 dignoscere,
496 3183 786 3238 suggerere
827 3173 879 3222 et
919 3174 1161 3223 statuere
1203 3177 1460 3242 possunt,
1503 3171 1709 3241 quibus
1743 3171 1994 3228 Ecclesiae

120 3263 469 3337 prosperitati
490 3262 813 3318 consulatur
833 3287 844 3329 3
877 3281 998 3334 quae
1020 3263 1185 3337 Papa,
1210 3265 1257 3320 si
1281 3267 1432 3321 solus
1455 3267 1834 3338 deliberasset,
1857 3268 1992 3325 omi-

122 3361 280 3416 sisset
316 3379 378 3415 ac
405 3360 569 3415 etiam
608 3360 746 3414 forte
783 3376 895 3414 non
926 3358 1239 3431 cogitasset.
1267 3361 1386 3416 Non
1432 3363 1603 3432 enim,
1647 3383 1710 3421 ex
1733 3384 1796 3422 eo
1842 3368 1987 3440 quod

120 3456 261 3529 Papa
280 3456 348 3511 sit
375 3455 433 3509 in
462 3453 766 3509 definienda
791 3452 894 3508 tide
919 3451 1249 3524 infallibilis,
1278 3456 1532 3529 sequitur
1551 3475 1679 3515 eum
1697 3479 1807 3517 non
1831 3480 1989 3537 posse
2070 3519 2073 3521 .

121 3551 485 3624 negligentem
533 3567 673 3618 esse,
713 3567 776 3606 ae
803 3548 979 3606 multa
1022 3548 1298 3622 omittere,
1336 3569 1458 3625 quae
1493 3554 1706 3613 utilitas
1734 3557 1987 3616 Ecclesiae
