<?xml version="1.0" encoding="UTF-8"?>
<!DOCTYPE html PUBLIC "-//W3C//DTD XHTML 1.0 Transitional//EN"
    "http://www.w3.org/TR/xhtml1/DTD/xhtml1-transitional.dtd">
<html xmlns="http://www.w3.org/1999/xhtml" xml:lang="en" lang="en">
 <head>
  <title>
</title>
<meta http-equiv="Content-Type" content="text/html;charset=utf-8" />
  <meta name='ocr-system' content='tesseract 3.04.00' />
  <meta name='ocr-capabilities' content='ocr_page ocr_carea ocr_par ocr_line ocrx_word'/>
</head>
<body>
  <div class='ocr_page' id='page_1' title='image "a548470102bouiuoft_0274.png"; bbox 0 0 2306 4010; ppageno 0'>
   <div class='ocr_carea' id='block_1_1' title="bbox 329 136 1576 217">
    <p class='ocr_par' dir='ltr' id='par_1_1' title="bbox 329 136 1576 217">
     <span class='ocr_line' id='line_1_1' title="bbox 329 136 1576 217; baseline -0.008 -12"><span class='ocrx_word' id='word_1_1' title='bbox 329 155 419 205; x_wconf 76' lang='lat'>266</span> <span class='ocrx_word' id='word_1_2' title='bbox 1005 143 1304 217; x_wconf 44' lang='lat' dir='ltr'>moravos</span> <span class='ocrx_word' id='word_1_3' title='bbox 1334 143 1402 192; x_wconf 76' lang='lat' dir='ltr'>nn</span> <span class='ocrx_word' id='word_1_4' title='bbox 1428 136 1576 195; x_wconf 70' lang='grc' dir='ltr'><strong>ΡΑΡᾹ.</strong></span> 
     </span>
    </p>
   </div>
   <div class='ocr_carea' id='block_1_2' title="bbox 309 247 2295 1824">
    <p class='ocr_par' dir='ltr' id='par_1_2' title="bbox 309 247 2295 1824">
     <span class='ocr_line' id='line_1_2' title="bbox 329 247 2295 340; baseline -0.003 -15"><span class='ocrx_word' id='word_1_5' title='bbox 329 276 607 340; x_wconf 81' lang='lat' dir='ltr'><strong>tanquam</strong></span> <span class='ocrx_word' id='word_1_6' title='bbox 642 267 792 318; x_wconf 86' lang='lat' dir='ltr'>certo</span> <span class='ocrx_word' id='word_1_7' title='bbox 835 259 1052 325; x_wconf 77' lang='lat' dir='ltr'>licitam,</span> <span class='ocrx_word' id='word_1_8' title='bbox 1083 255 1263 314; x_wconf 87' lang='lat' dir='ltr'>immo</span> <span class='ocrx_word' id='word_1_9' title='bbox 1298 262 1363 312; x_wconf 91' lang='lat' dir='ltr'>ut</span> <span class='ocrx_word' id='word_1_10' title='bbox 1395 271 1584 312; x_wconf 81' lang='lat' dir='ltr'>veram</span> <span class='ocrx_word' id='word_1_11' title='bbox 1629 260 1683 313; x_wconf 89' lang='lat' dir='ltr'>et</span> <span class='ocrx_word' id='word_1_12' title='bbox 1715 258 2035 316; x_wconf 83' lang='lat' dir='ltr'>tenendam.</span> <span class='ocrx_word' id='word_1_13' title='bbox 2065 260 2252 322; x_wconf 79' lang='lat' dir='ltr'>Anfa-</span> <span class='ocrx_word' id='word_1_14' title='bbox 2290 247 2295 285; x_wconf 61' lang='lat'><em>³</em></span> 
     </span>
     <span class='ocr_line' id='line_1_3' title="bbox 331 352 2270 440; baseline -0.003 -19"><span class='ocrx_word' id='word_1_15' title='bbox 331 366 444 421; x_wconf 86' lang='lat' dir='ltr'>cies</span> <span class='ocrx_word' id='word_1_16' title='bbox 470 361 619 436; x_wconf 93' lang='lat' dir='ltr'>quod</span> <span class='ocrx_word' id='word_1_17' title='bbox 639 358 802 432; x_wconf 86' lang='lat' dir='ltr'>jubet</span> <span class='ocrx_word' id='word_1_18' title='bbox 834 354 1186 440; x_wconf 78' lang='lat' dir='ltr'>Episcopus?</span> <span class='ocrx_word' id='word_1_19' title='bbox 1223 352 1289 410; x_wconf 84' lang='lat' dir='ltr'>At</span> <span class='ocrx_word' id='word_1_20' title='bbox 1322 352 1372 411; x_wconf 92' lang='lat' dir='ltr'>si</span> <span class='ocrx_word' id='word_1_21' title='bbox 1403 352 1604 427; x_wconf 87' lang='lat' dir='ltr'>facias,</span> <span class='ocrx_word' id='word_1_22' title='bbox 1631 356 1896 412; x_wconf 78' lang='lat' dir='ltr'>mentiris·</span> <span class='ocrx_word' id='word_1_23' title='bbox 1933 355 2080 420; x_wconf 84' lang='lat' dir='ltr'>Quid</span> <span class='ocrx_word' id='word_1_24' title='bbox 2103 358 2270 435; x_wconf 60' lang='lat' dir='ltr'>enimg</span> 
     </span>
     <span class='ocr_line' id='line_1_4' title="bbox 309 452 2279 533; baseline -0.002 -16"><span class='ocrx_word' id='word_1_25' title='bbox 309 459 486 518; x_wconf 80' lang='lat' dir='ltr'>aliud</span> <span class='ocrx_word' id='word_1_26' title='bbox 513 463 595 515; x_wconf 86' lang='lat' dir='ltr'>est</span> <span class='ocrx_word' id='word_1_27' title='bbox 626 455 882 527; x_wconf 90' lang='lat' dir='ltr'>mentiri,</span> <span class='ocrx_word' id='word_1_28' title='bbox 918 471 1092 529; x_wconf 89' lang='lat' dir='ltr'>quam</span> <span class='ocrx_word' id='word_1_29' title='bbox 1122 470 1321 512; x_wconf 89' lang='lat' dir='ltr'>verum</span> <span class='ocrx_word' id='word_1_30' title='bbox 1357 470 1610 510; x_wconf 82' lang='lat' dir='ltr'>asserere</span> <span class='ocrx_word' id='word_1_31' title='bbox 1642 453 1792 528; x_wconf 92' lang='lat' dir='ltr'>quod</span> <span class='ocrx_word' id='word_1_32' title='bbox 1826 453 2036 512; x_wconf 74' lang='lat' dir='ltr'>falsum</span> <span class='ocrx_word' id='word_1_33' title='bbox 2074 452 2279 533; x_wconf 69' lang='lat' dir='ltr'>nosci-‚</span> 
     </span>
     <span class='ocr_line' id='line_1_5' title="bbox 334 551 2252 629; baseline -0.003 -14"><span class='ocrx_word' id='word_1_34' title='bbox 334 568 424 615; x_wconf 76' lang='lat' dir='ltr'>tur</span> <span class='ocrx_word' id='word_1_35' title='bbox 466 563 520 613; x_wconf 90' lang='lat' dir='ltr'>ct</span> <span class='ocrx_word' id='word_1_36' title='bbox 562 554 953 613; x_wconf 76' lang='lat' dir='ltr'>existimatur?</span> <span class='ocrx_word' id='word_1_37' title='bbox 995 552 1287 621; x_wconf 83' lang='lat' dir='ltr'>Praeterea,</span> <span class='ocrx_word' id='word_1_38' title='bbox 1330 551 1574 609; x_wconf 91' lang='lat' dir='ltr'>moritur</span> <span class='ocrx_word' id='word_1_39' title='bbox 1602 551 1910 629; x_wconf 80' lang='lat' dir='ltr'>Episcopus</span> <span class='ocrx_word' id='word_1_40' title='bbox 1949 551 2066 624; x_wconf 83' lang='lat' dir='ltr'>ille,</span> <span class='ocrx_word' id='word_1_41' title='bbox 2096 553 2252 629; x_wconf 76' lang='lat' dir='ltr'>jube-</span> 
     </span>
     <span class='ocr_line' id='line_1_6' title="bbox 331 650 2293 730; baseline -0.003 -16"><span class='ocrx_word' id='word_1_42' title='bbox 331 659 524 730; x_wconf 82' lang='lat' dir='ltr'>risque</span> <span class='ocrx_word' id='word_1_43' title='bbox 563 655 631 712; x_wconf 91' lang='lat' dir='ltr'>ab</span> <span class='ocrx_word' id='word_1_44' title='bbox 671 655 793 730; x_wconf 89' lang='lat' dir='ltr'>ejus</span> <span class='ocrx_word' id='word_1_45' title='bbox 824 671 1151 711; x_wconf 83' lang='lat' dir='ltr'>successore</span> <span class='ocrx_word' id='word_1_46' title='bbox 1186 660 1248 711; x_wconf 87' lang='lat' dir='ltr'>ut</span> <span class='ocrx_word' id='word_1_47' title='bbox 1274 659 1428 710; x_wconf 90' lang='lat' dir='ltr'>certo</span> <span class='ocrx_word' id='word_1_48' title='bbox 1467 652 1716 711; x_wconf 78' lang='lat' dir='ltr'><strong><em>illicitam</em></strong></span> <span class='ocrx_word' id='word_1_49' title='bbox 1743 653 1999 710; x_wconf 91' lang='lat' dir='ltr'>eamdem</span> <span class='ocrx_word' id='word_1_50' title='bbox 2043 650 2293 730; x_wconf 37' lang='lat' dir='ltr'>opinio-ff</span> 
     </span>
     <span class='ocr_line' id='line_1_7' title="bbox 331 751 2270 831; baseline -0.002 -19"><span class='ocrx_word' id='word_1_51' title='bbox 331 774 462 814; x_wconf 88' lang='lat' dir='ltr'>nem</span> <span class='ocrx_word' id='word_1_52' title='bbox 514 772 861 831; x_wconf 87' lang='lat' dir='ltr'>propugnes.</span> <span class='ocrx_word' id='word_1_53' title='bbox 916 752 1189 828; x_wconf 90' lang='lat' dir='ltr'>Equidem</span> <span class='ocrx_word' id='word_1_54' title='bbox 1239 753 1358 828; x_wconf 87' lang='lat' dir='ltr'>jam</span> <span class='ocrx_word' id='word_1_55' title='bbox 1414 752 1627 826; x_wconf 80' lang='lat' dir='ltr'>absque</span> <span class='ocrx_word' id='word_1_56' title='bbox 1675 751 1972 808; x_wconf 90' lang='lat' dir='ltr'>mendacio</span> <span class='ocrx_word' id='word_1_57' title='bbox 2027 751 2270 828; x_wconf 49' lang='lat' dir='ltr'>obseqff</span> 
     </span>
     <span class='ocr_line' id='line_1_8' title="bbox 334 853 2247 931; baseline -0.002 -19"><span class='ocrx_word' id='word_1_58' title='bbox 334 862 515 931; x_wconf 85' lang='lat' dir='ltr'>poteS,</span> <span class='ocrx_word' id='word_1_59' title='bbox 554 855 836 930; x_wconf 88' lang='lat' dir='ltr'>siquidem</span> <span class='ocrx_word' id='word_1_60' title='bbox 866 855 946 912; x_wconf 92' lang='lat' dir='ltr'>ita</span> <span class='ocrx_word' id='word_1_61' title='bbox 983 862 1038 912; x_wconf 91' lang='lat' dir='ltr'>et</span> <span class='ocrx_word' id='word_1_62' title='bbox 1073 854 1195 931; x_wconf 91' lang='lat' dir='ltr'>ipse</span> <span class='ocrx_word' id='word_1_63' title='bbox 1223 853 1420 910; x_wconf 90' lang='lat' dir='ltr'>sentis.</span> <span class='ocrx_word' id='word_1_64' title='bbox 1445 853 1511 910; x_wconf 88' lang='lat' dir='ltr'>At</span> <span class='ocrx_word' id='word_1_65' title='bbox 1547 871 1659 909; x_wconf 92' lang='lat' dir='ltr'>non</span> <span class='ocrx_word' id='word_1_66' title='bbox 1693 859 1856 929; x_wconf 88' lang='lat' dir='ltr'>potes</span> <span class='ocrx_word' id='word_1_67' title='bbox 1895 853 2110 927; x_wconf 88' lang='lat' dir='ltr'>absque</span> <span class='ocrx_word' id='word_1_68' title='bbox 2141 871 2247 930; x_wconf 44' lang='lat' dir='ltr'>cog⁶</span> 
     </span>
     <span class='ocr_line' id='line_1_9' title="bbox 335 954 2098 1031; baseline 0 -19"><span class='ocrx_word' id='word_1_69' title='bbox 335 958 672 1027; x_wconf 75' lang='lat' dir='ltr'>tradictione,</span> <span class='ocrx_word' id='word_1_70' title='bbox 717 963 770 1013; x_wconf 92' lang='lat' dir='ltr'>et</span> <span class='ocrx_word' id='word_1_71' title='bbox 819 954 962 1029; x_wconf 91' lang='lat' dir='ltr'>quin</span> <span class='ocrx_word' id='word_1_72' title='bbox 1004 954 1155 1031; x_wconf 91' lang='lat' dir='ltr'>apud</span> <span class='ocrx_word' id='word_1_73' title='bbox 1202 954 1515 1031; x_wconf 91' lang='lat' dir='ltr'>discipulos</span> <span class='ocrx_word' id='word_1_74' title='bbox 1551 958 1682 1010; x_wconf 87' lang='lat' dir='ltr'>tuos</span> <span class='ocrx_word' id='word_1_75' title='bbox 1723 956 2003 1012; x_wconf 79' lang='lat' dir='ltr'>mentitum</span> <span class='ocrx_word' id='word_1_76' title='bbox 2042 959 2098 1011; x_wconf 90' lang='lat' dir='ltr'>te</span> 
     </span>
     <span class='ocr_line' id='line_1_10' title="bbox 333 1052 2170 1130; baseline 0 -20"><span class='ocrx_word' id='word_1_77' title='bbox 333 1055 584 1114; x_wconf 77' lang='lat' dir='ltr'>fatearis,</span> <span class='ocrx_word' id='word_1_78' title='bbox 635 1054 911 1130; x_wconf 89' lang='lat' dir='ltr'>Objicient</span> <span class='ocrx_word' id='word_1_79' title='bbox 950 1054 1104 1111; x_wconf 89' lang='lat' dir='ltr'>enim</span> <span class='ocrx_word' id='word_1_80' title='bbox 1139 1053 1639 1111; x_wconf 82' lang='lat' dir='ltr'>contradictoriam</span> <span class='ocrx_word' id='word_1_81' title='bbox 1687 1052 1893 1110; x_wconf 81' lang='lat' dir='ltr'>thesim</span> <span class='ocrx_word' id='word_1_82' title='bbox 1939 1052 2100 1128; x_wconf 93' lang='lat' dir='ltr'>prius</span> <span class='ocrx_word' id='word_1_83' title='bbox 2138 1071 2170 1109; x_wconf 89' lang='lat' dir='ltr'>a</span> 
     </span>
     <span class='ocr_line' id='line_1_11' title="bbox 334 1152 2235 1231; baseline 0 -21"><span class='ocrx_word' id='word_1_84' title='bbox 334 1155 679 1214; x_wconf 84' lang='lat' dir='ltr'>inculcatam</span> <span class='ocrx_word' id='word_1_85' title='bbox 711 1155 911 1225; x_wconf 84' lang='lat' dir='ltr'>fuisse,</span> <span class='ocrx_word' id='word_1_86' title='bbox 957 1161 1011 1212; x_wconf 91' lang='lat' dir='ltr'>et</span> <span class='ocrx_word' id='word_1_87' title='bbox 1045 1154 1416 1231; x_wconf 90' lang='lat' dir='ltr'>postulabunt</span> <span class='ocrx_word' id='word_1_88' title='bbox 1443 1173 1514 1211; x_wconf 92' lang='lat' dir='ltr'>an</span> <span class='ocrx_word' id='word_1_89' title='bbox 1541 1172 1664 1211; x_wconf 91' lang='lat' dir='ltr'>eam</span> <span class='ocrx_word' id='word_1_90' title='bbox 1695 1159 1833 1210; x_wconf 91' lang='lat' dir='ltr'>tunc</span> <span class='ocrx_word' id='word_1_91' title='bbox 1863 1171 2051 1209; x_wconf 67' lang='lat' dir='ltr'>veram</span> <span class='ocrx_word' id='word_1_92' title='bbox 2077 1152 2235 1210; x_wconf 86' lang='lat' dir='ltr'>existi</span> 
     </span>
     <span class='ocr_line' id='line_1_12' title="bbox 337 1253 2266 1328; baseline -0.003 -17"><span class='ocrx_word' id='word_1_93' title='bbox 337 1256 597 1312; x_wconf 78' lang='lat' dir='ltr'>maveriS.</span> <span class='ocrx_word' id='word_1_94' title='bbox 644 1255 726 1311; x_wconf 85' lang='lat' dir='ltr'>En</span> <span class='ocrx_word' id='word_1_95' title='bbox 753 1256 822 1312; x_wconf 89' lang='lat' dir='ltr'>ad</span> <span class='ocrx_word' id='word_1_96' title='bbox 856 1273 982 1328; x_wconf 82' lang='lat' dir='ltr'>quae</span> <span class='ocrx_word' id='word_1_97' title='bbox 1014 1256 1227 1311; x_wconf 89' lang='lat' dir='ltr'>absona</span> <span class='ocrx_word' id='word_1_98' title='bbox 1258 1254 1635 1328; x_wconf 92' lang='lat' dir='ltr'>pudendaque</span> <span class='ocrx_word' id='word_1_99' title='bbox 1661 1253 2032 1326; x_wconf 83' lang='lat' dir='ltr'>consectaria,</span> <span class='ocrx_word' id='word_1_100' title='bbox 2061 1271 2197 1327; x_wconf 90' lang='lat' dir='ltr'>regu</span> <span class='ocrx_word' id='word_1_101' title='bbox 2229 1274 2266 1307; x_wconf 63' lang='grc' dir='ltr'><strong>,ιι</strong></span> 
     </span>
     <span class='ocr_line' id='line_1_13' title="bbox 333 1352 2263 1430; baseline -0.001 -19"><span class='ocrx_word' id='word_1_102' title='bbox 333 1363 449 1413; x_wconf 85' lang='lat' dir='ltr'>tuae</span> <span class='ocrx_word' id='word_1_103' title='bbox 466 1356 830 1424; x_wconf 80' lang='lat' dir='ltr'>adhaerend0‚</span> <span class='ocrx_word' id='word_1_104' title='bbox 865 1356 1058 1411; x_wconf 84' lang='lat' dir='ltr'>volens</span> <span class='ocrx_word' id='word_1_105' title='bbox 1084 1355 1282 1411; x_wconf 89' lang='lat' dir='ltr'>nolens</span> <span class='ocrx_word' id='word_1_106' title='bbox 1310 1354 1692 1430; x_wconf 76' lang='lat' dir='ltr'>compelleris!</span> <span class='ocrx_word' id='word_1_107' title='bbox 1723 1353 1785 1410; x_wconf 89' lang='lat' dir='ltr'>In</span> <span class='ocrx_word' id='word_1_108' title='bbox 1804 1372 1868 1410; x_wconf 95' lang='lat' dir='ltr'>eo</span> <span class='ocrx_word' id='word_1_109' title='bbox 1890 1354 2026 1410; x_wconf 92' lang='lat' dir='ltr'>latet</span> <span class='ocrx_word' id='word_1_110' title='bbox 2044 1352 2263 1421; x_wconf 61' lang='lat' dir='ltr'>haereti&gt;</span> 
     </span>
     <span class='ocr_line' id='line_1_14' title="bbox 331 1453 2238 1529; baseline -0.001 -17"><span class='ocrx_word' id='word_1_111' title='bbox 331 1456 453 1513; x_wconf 90' lang='lat' dir='ltr'>cale</span> <span class='ocrx_word' id='word_1_112' title='bbox 480 1457 688 1529; x_wconf 79' lang='lat' dir='ltr'>regulae</span> <span class='ocrx_word' id='word_1_113' title='bbox 719 1462 831 1513; x_wconf 86' lang='lat' dir='ltr'>tuae</span> <span class='ocrx_word' id='word_1_114' title='bbox 856 1456 1082 1526; x_wconf 85' lang='lat' dir='ltr'>vitium,</span> <span class='ocrx_word' id='word_1_115' title='bbox 1115 1456 1266 1529; x_wconf 93' lang='lat' dir='ltr'>quod</span> <span class='ocrx_word' id='word_1_116' title='bbox 1298 1455 1654 1511; x_wconf 83' lang='lat' dir='ltr'>infallibilem</span> <span class='ocrx_word' id='word_1_117' title='bbox 1687 1454 1747 1510; x_wconf 92' lang='lat' dir='ltr'>in</span> <span class='ocrx_word' id='word_1_118' title='bbox 1781 1455 1954 1510; x_wconf 91' lang='lat' dir='ltr'>rebus</span> <span class='ocrx_word' id='word_1_119' title='bbox 1979 1453 2110 1510; x_wconf 90' lang='lat' dir='ltr'>fidei</span> <span class='ocrx_word' id='word_1_120' title='bbox 2136 1471 2238 1510; x_wconf 89' lang='lat' dir='ltr'>auc</span> 
     </span>
     <span class='ocr_line' id='line_1_15' title="bbox 334 1550 2239 1627; baseline -0.001 -18"><span class='ocrx_word' id='word_1_121' title='bbox 334 1554 645 1627; x_wconf 82' lang='lat' dir='ltr'>toritatem,</span> <span class='ocrx_word' id='word_1_122' title='bbox 682 1572 793 1627; x_wconf 87' lang='lat' dir='ltr'>qua</span> <span class='ocrx_word' id='word_1_123' title='bbox 820 1555 1007 1610; x_wconf 90' lang='lat' dir='ltr'>solum</span> <span class='ocrx_word' id='word_1_124' title='bbox 1034 1554 1356 1610; x_wconf 86' lang='lat' dir='ltr'>Romanum</span> <span class='ocrx_word' id='word_1_125' title='bbox 1383 1551 1961 1613; x_wconf 63' lang='lat' dir='ltr'>Pontificemdonavit</span> <span class='ocrx_word' id='word_1_126' title='bbox 1990 1550 2239 1608; x_wconf 90' lang='lat' dir='ltr'>Christus</span> 
     </span>
     <span class='ocr_line' id='line_1_16' title="bbox 333 1648 2259 1727; baseline 0.001 -22"><span class='ocrx_word' id='word_1_127' title='bbox 333 1651 402 1706; x_wconf 87' lang='lat' dir='ltr'>ad</span> <span class='ocrx_word' id='word_1_128' title='bbox 443 1669 914 1725; x_wconf 86' lang='lat' dir='ltr'>unumquemque</span> <span class='ocrx_word' id='word_1_129' title='bbox 958 1651 1294 1727; x_wconf 86' lang='lat' dir='ltr'>Episcopum</span> <span class='ocrx_word' id='word_1_130' title='bbox 1346 1650 1672 1707; x_wconf 82' lang='lat' dir='ltr'>transferat.</span> <span class='ocrx_word' id='word_1_131' title='bbox 1721 1648 2068 1724; x_wconf 86' lang='lat' dir='ltr'>Praecipienti</span> <span class='ocrx_word' id='word_1_132' title='bbox 2116 1653 2207 1706; x_wconf 84' lang='lat' dir='ltr'>eni</span> <span class='ocrx_word' id='word_1_133' title='bbox 2257 1685 2259 1691; x_wconf 68' lang='lat'><em>,</em></span> 
     </span>
     <span class='ocr_line' id='line_1_17' title="bbox 338 1747 2246 1824; baseline 0.001 -21"><span class='ocrx_word' id='word_1_134' title='bbox 338 1748 687 1819; x_wconf 71' lang='lat' dir='ltr'>auctoritati,</span> <span class='ocrx_word' id='word_1_135' title='bbox 736 1755 798 1804; x_wconf 88' lang='lat' dir='ltr'>ut</span> <span class='ocrx_word' id='word_1_136' title='bbox 849 1749 1077 1822; x_wconf 90' lang='lat' dir='ltr'>aliquod</span> <span class='ocrx_word' id='word_1_137' title='bbox 1126 1748 1332 1822; x_wconf 85' lang='lat' dir='ltr'>dogma</span> <span class='ocrx_word' id='word_1_138' title='bbox 1376 1754 1625 1820; x_wconf 87' lang='lat' dir='ltr'>teneam,</span> <span class='ocrx_word' id='word_1_139' title='bbox 1676 1747 1901 1804; x_wconf 87' lang='lat' dir='ltr'>credam</span> <span class='ocrx_word' id='word_1_140' title='bbox 1943 1765 2008 1803; x_wconf 93' lang='lat' dir='ltr'>ac</span> <span class='ocrx_word' id='word_1_141' title='bbox 2056 1765 2246 1824; x_wconf 83' lang='lat' dir='ltr'>propu</span> 
     </span>
    </p>
   </div>
   <div class='ocr_carea' id='block_1_3' title="bbox 336 1847 2306 3531">
    <p class='ocr_par' dir='ltr' id='par_1_3' title="bbox 336 1847 2306 3531">
     <span class='ocr_line' id='line_1_18' title="bbox 337 1847 2259 1925; baseline -0.002 -21"><span class='ocrx_word' id='word_1_142' title='bbox 337 1868 526 1924; x_wconf 88' lang='lat' dir='ltr'>gnem,</span> <span class='ocrx_word' id='word_1_143' title='bbox 569 1849 614 1904; x_wconf 90' lang='lat' dir='ltr'>si</span> <span class='ocrx_word' id='word_1_144' title='bbox 658 1866 847 1905; x_wconf 86' lang='lat' dir='ltr'>errare</span> <span class='ocrx_word' id='word_1_145' title='bbox 882 1849 1190 1906; x_wconf 83' lang='lat' dir='ltr'>auctoritas</span> <span class='ocrx_word' id='word_1_146' title='bbox 1238 1849 1334 1906; x_wconf 90' lang='lat' dir='ltr'>illa</span> <span class='ocrx_word' id='word_1_147' title='bbox 1361 1849 1566 1925; x_wconf 77' lang='lat' dir='ltr'>possit,</span> <span class='ocrx_word' id='word_1_148' title='bbox 1612 1866 1987 1922; x_wconf 80' lang='lat' dir='ltr'>quaecumque</span> <span class='ocrx_word' id='word_1_149' title='bbox 2035 1847 2259 1904; x_wconf 77' lang='lat' dir='ltr'>demun.</span> 
     </span>
     <span class='ocr_line' id='line_1_19' title="bbox 339 1949 2237 2023; baseline 0 -19"><span class='ocrx_word' id='word_1_150' title='bbox 339 1949 434 2005; x_wconf 92' lang='lat' dir='ltr'>illa</span> <span class='ocrx_word' id='word_1_151' title='bbox 474 1950 569 2020; x_wconf 79' lang='lat' dir='ltr'>sit,</span> <span class='ocrx_word' id='word_1_152' title='bbox 598 1950 876 2005; x_wconf 87' lang='lat' dir='ltr'>absonum</span> <span class='ocrx_word' id='word_1_153' title='bbox 906 1956 988 2006; x_wconf 91' lang='lat' dir='ltr'>est</span> <span class='ocrx_word' id='word_1_154' title='bbox 1030 1966 1121 2004; x_wconf 93' lang='lat' dir='ltr'>me</span> <span class='ocrx_word' id='word_1_155' title='bbox 1146 1950 1217 2005; x_wconf 91' lang='lat' dir='ltr'>ad</span> <span class='ocrx_word' id='word_1_156' title='bbox 1246 1950 1676 2023; x_wconf 88' lang='lat' dir='ltr'>obsequendum</span> <span class='ocrx_word' id='word_1_157' title='bbox 1711 1950 1911 2006; x_wconf 86' lang='lat' dir='ltr'>teneri.</span> <span class='ocrx_word' id='word_1_158' title='bbox 1938 1983 2012 1990; x_wconf 93' lang='lat'>—</span> <span class='ocrx_word' id='word_1_159' title='bbox 2034 1949 2151 2023; x_wconf 87' lang='lat' dir='ltr'>Ast,</span> <span class='ocrx_word' id='word_1_160' title='bbox 2180 1949 2237 2004; x_wconf 88' lang='lat' dir='ltr'>in</span> 
     </span>
     <span class='ocr_line' id='line_1_20' title="bbox 337 2049 2254 2126; baseline -0.001 -19"><span class='ocrx_word' id='word_1_161' title='bbox 337 2051 491 2123; x_wconf 83' lang='lat' dir='ltr'>quiS‚</span> <span class='ocrx_word' id='word_1_162' title='bbox 530 2050 736 2106; x_wconf 87' lang='lat' dir='ltr'>dictam</span> <span class='ocrx_word' id='word_1_163' title='bbox 769 2051 1026 2124; x_wconf 89' lang='lat' dir='ltr'>regulam</span> <span class='ocrx_word' id='word_1_164' title='bbox 1051 2051 1358 2124; x_wconf 79' lang='lat' dir='ltr'>sequendO,</span> <span class='ocrx_word' id='word_1_165' title='bbox 1390 2070 1498 2126; x_wconf 85' lang='lat' dir='ltr'>pax</span> <span class='ocrx_word' id='word_1_166' title='bbox 1518 2050 1623 2107; x_wconf 90' lang='lat' dir='ltr'>erit</span> <span class='ocrx_word' id='word_1_167' title='bbox 1659 2069 1790 2106; x_wconf 92' lang='lat' dir='ltr'>cum</span> <span class='ocrx_word' id='word_1_168' title='bbox 1819 2050 2088 2106; x_wconf 90' lang='lat' dir='ltr'>omnibus</span> <span class='ocrx_word' id='word_1_169' title='bbox 2113 2049 2254 2125; x_wconf 90' lang='lat' dir='ltr'>Epis</span> 
     </span>
     <span class='ocr_line' id='line_1_21' title="bbox 338 2147 2249 2225; baseline -0.002 -23"><span class='ocrx_word' id='word_1_170' title='bbox 338 2148 512 2222; x_wconf 88' lang='lat' dir='ltr'>copis.</span> <span class='ocrx_word' id='word_1_171' title='bbox 538 2182 607 2189; x_wconf 91' lang='lat'>—</span> <span class='ocrx_word' id='word_1_172' title='bbox 629 2148 779 2204; x_wconf 90' lang='lat' dir='ltr'>Esto.</span> <span class='ocrx_word' id='word_1_173' title='bbox 815 2149 926 2222; x_wconf 90' lang='lat' dir='ltr'>Ego</span> <span class='ocrx_word' id='word_1_174' title='bbox 961 2168 1158 2225; x_wconf 88' lang='lat' dir='ltr'>pacem</span> <span class='ocrx_word' id='word_1_175' title='bbox 1195 2166 1309 2204; x_wconf 89' lang='lat' dir='ltr'>non</span> <span class='ocrx_word' id='word_1_176' title='bbox 1337 2148 1524 2204; x_wconf 88' lang='lat' dir='ltr'>ambio</span> <span class='ocrx_word' id='word_1_177' title='bbox 1565 2166 1695 2204; x_wconf 90' lang='lat' dir='ltr'>cum</span> <span class='ocrx_word' id='word_1_178' title='bbox 1723 2147 2014 2224; x_wconf 89' lang='lat' dir='ltr'>Episcopis</span> <span class='ocrx_word' id='word_1_179' title='bbox 2042 2166 2211 2224; x_wconf 89' lang='lat' dir='ltr'>prava</span> <span class='ocrx_word' id='word_1_180' title='bbox 2225 2172 2249 2199; x_wconf 81' lang='grc' dir='ltr'>ιι</span> 
     </span>
     <span class='ocr_line' id='line_1_22' title="bbox 340 2247 2264 2323; baseline 0.003 -24"><span class='ocrx_word' id='word_1_181' title='bbox 340 2263 708 2302; x_wconf 84' lang='lat' dir='ltr'>erroneamve</span> <span class='ocrx_word' id='word_1_182' title='bbox 741 2253 792 2304; x_wconf 84' lang='lat' dir='ltr'>et</span> <span class='ocrx_word' id='word_1_183' title='bbox 831 2266 861 2302; x_wconf 90' lang='lat' dir='ltr'>a</span> <span class='ocrx_word' id='word_1_184' title='bbox 902 2247 1039 2304; x_wconf 85' lang='lat' dir='ltr'>Sede</span> <span class='ocrx_word' id='word_1_185' title='bbox 1075 2247 1383 2323; x_wconf 89' lang='lat' dir='ltr'>apostolica</span> <span class='ocrx_word' id='word_1_186' title='bbox 1419 2248 1780 2322; x_wconf 83' lang='lat' dir='ltr'>reprobatam</span> <span class='ocrx_word' id='word_1_187' title='bbox 1809 2247 2126 2304; x_wconf 88' lang='lat' dir='ltr'>doctrinam</span> <span class='ocrx_word' id='word_1_188' title='bbox 2158 2254 2264 2318; x_wconf 82' lang='lat' dir='ltr'>tra</span> 
     </span>
     <span class='ocr_line' id='line_1_23' title="bbox 338 2338 2249 2423; baseline 0.002 -21"><span class='ocrx_word' id='word_1_189' title='bbox 338 2347 605 2403; x_wconf 88' lang='lat' dir='ltr'>dentibus</span> <span class='ocrx_word' id='word_1_190' title='bbox 656 2367 719 2404; x_wconf 92' lang='lat' dir='ltr'>ac</span> <span class='ocrx_word' id='word_1_191' title='bbox 772 2348 918 2405; x_wconf 92' lang='lat' dir='ltr'>tradi</span> <span class='ocrx_word' id='word_1_192' title='bbox 951 2338 1322 2423; x_wconf 78' lang='lat' dir='ltr'>jubentibus,</span> <span class='ocrx_word' id='word_1_193' title='bbox 1379 2349 1494 2404; x_wconf 94' lang='lat' dir='ltr'>Imo</span> <span class='ocrx_word' id='word_1_194' title='bbox 1545 2348 1929 2423; x_wconf 86' lang='lat' dir='ltr'>professorum</span> <span class='ocrx_word' id='word_1_195' title='bbox 1978 2348 2249 2423; x_wconf 89' lang='lat' dir='ltr'>theologi</span> 
     </span>
     <span class='ocr_line' id='line_1_24' title="bbox 339 2448 2245 2527; baseline 0.002 -23"><span class='ocrx_word' id='word_1_196' title='bbox 339 2448 595 2504; x_wconf 84' lang='lat' dir='ltr'>officium</span> <span class='ocrx_word' id='word_1_197' title='bbox 643 2450 905 2507; x_wconf 89' lang='lat' dir='ltr'>existimo</span> <span class='ocrx_word' id='word_1_198' title='bbox 945 2450 1014 2507; x_wconf 91' lang='lat' dir='ltr'>iis</span> <span class='ocrx_word' id='word_1_199' title='bbox 1058 2450 1350 2527; x_wconf 90' lang='lat' dir='ltr'>Episcopis</span> <span class='ocrx_word' id='word_1_200' title='bbox 1393 2469 1507 2506; x_wconf 92' lang='lat' dir='ltr'>non</span> <span class='ocrx_word' id='word_1_201' title='bbox 1554 2467 1751 2526; x_wconf 89' lang='lat' dir='ltr'>pacem</span> <span class='ocrx_word' id='word_1_202' title='bbox 1795 2450 1894 2507; x_wconf 92' lang='lat' dir='ltr'>sed</span> <span class='ocrx_word' id='word_1_203' title='bbox 1928 2451 2142 2507; x_wconf 82' lang='lat' dir='ltr'>bellum</span> <span class='ocrx_word' id='word_1_204' title='bbox 2183 2470 2245 2507; x_wconf 91' lang='grc' dir='ltr'>ιι·</span> 
     </span>
     <span class='ocr_line' id='line_1_25' title="bbox 339 2549 2239 2633; baseline 0.003 -29"><span class='ocrx_word' id='word_1_205' title='bbox 339 2549 505 2605; x_wconf 85' lang='lat' dir='ltr'>ferre.</span> <span class='ocrx_word' id='word_1_206' title='bbox 541 2551 624 2606; x_wconf 89' lang='lat' dir='ltr'>Tu</span> <span class='ocrx_word' id='word_1_207' title='bbox 649 2569 843 2626; x_wconf 87' lang='lat' dir='ltr'>pacem</span> <span class='ocrx_word' id='word_1_208' title='bbox 873 2551 1033 2607; x_wconf 91' lang='lat' dir='ltr'>illam</span> <span class='ocrx_word' id='word_1_209' title='bbox 1069 2552 1292 2609; x_wconf 82' lang='lat' dir='ltr'>habeto,</span> <span class='ocrx_word' id='word_1_210' title='bbox 1326 2553 1393 2608; x_wconf 91' lang='lat' dir='ltr'>At</span> <span class='ocrx_word' id='word_1_211' title='bbox 1420 2556 1571 2608; x_wconf 86' lang='lat' dir='ltr'>certo</span> <span class='ocrx_word' id='word_1_212' title='bbox 1610 2551 1759 2633; x_wconf 87' lang='lat' dir='ltr'>scias</span> <span class='ocrx_word' id='word_1_213' title='bbox 1790 2570 1905 2608; x_wconf 93' lang='lat' dir='ltr'>non</span> <span class='ocrx_word' id='word_1_214' title='bbox 1931 2568 2055 2609; x_wconf 86' lang='lat' dir='ltr'>esse</span> <span class='ocrx_word' id='word_1_215' title='bbox 2079 2570 2239 2628; x_wconf 88' lang='lat' dir='ltr'>pace</span> 
     </span>
     <span class='ocr_line' id='line_1_26' title="bbox 338 2648 2295 2727; baseline 0.004 -25"><span class='ocrx_word' id='word_1_216' title='bbox 338 2648 720 2721; x_wconf 85' lang='lat' dir='ltr'>conscientiae,</span> <span class='ocrx_word' id='word_1_217' title='bbox 751 2668 947 2724; x_wconf 90' lang='lat' dir='ltr'>pacem</span> <span class='ocrx_word' id='word_1_218' title='bbox 980 2670 1112 2707; x_wconf 93' lang='lat' dir='ltr'>cum</span> <span class='ocrx_word' id='word_1_219' title='bbox 1148 2651 1365 2708; x_wconf 88' lang='lat' dir='ltr'>Christo</span> <span class='ocrx_word' id='word_1_220' title='bbox 1393 2652 1549 2721; x_wconf 69' lang='lat' dir='ltr'>lew,</span> <span class='ocrx_word' id='word_1_221' title='bbox 1591 2652 1689 2725; x_wconf 92' lang='lat' dir='ltr'>qui</span> <span class='ocrx_word' id='word_1_222' title='bbox 1721 2652 1790 2708; x_wconf 91' lang='lat' dir='ltr'>de</span> <span class='ocrx_word' id='word_1_223' title='bbox 1814 2652 2200 2727; x_wconf 87' lang='lat' dir='ltr'>praelectionib</span> <span class='ocrx_word' id='word_1_224' title='bbox 2233 2677 2247 2693; x_wconf 60' lang='lat'><strong><em>⁵</em></strong></span> <span class='ocrx_word' id='word_1_225' title='bbox 2291 2678 2295 2702; x_wconf 67' lang='grc' dir='ltr'><strong>ι</strong></span> 
     </span>
     <span class='ocr_line' id='line_1_27' title="bbox 341 2732 2237 2825; baseline 0.005 -23"><span class='ocrx_word' id='word_1_226' title='bbox 341 2747 552 2804; x_wconf 84' lang='lat' dir='ltr'>nostris</span> <span class='ocrx_word' id='word_1_227' title='bbox 584 2767 649 2804; x_wconf 89' lang='lat' dir='ltr'>ac</span> <span class='ocrx_word' id='word_1_228' title='bbox 678 2750 905 2805; x_wconf 88' lang='lat' dir='ltr'>traditis</span> <span class='ocrx_word' id='word_1_229' title='bbox 930 2751 1207 2807; x_wconf 86' lang='lat' dir='ltr'>doctrinis</span> <span class='ocrx_word' id='word_1_230' title='bbox 1239 2751 1602 2825; x_wconf 88' lang='lat' dir='ltr'>judicaturus</span> <span class='ocrx_word' id='word_1_231' title='bbox 1629 2760 1732 2809; x_wconf 88' lang='lat' dir='ltr'>est.</span> <span class='ocrx_word' id='word_1_232' title='bbox 2234 2732 2237 2733; x_wconf 21' lang='lat'><em>⁷</em></span> 
     </span>
     <span class='ocr_line' id='line_1_28' title="bbox 336 2850 2289 2930; baseline 0.003 -25"><span class='ocrx_word' id='word_1_233' title='bbox 336 2870 339 2873; x_wconf 76' lang='grc'><strong>’</strong></span> <span class='ocrx_word' id='word_1_234' title='bbox 415 2850 735 2923; x_wconf 90' lang='lat' dir='ltr'>Antequam</span> <span class='ocrx_word' id='word_1_235' title='bbox 766 2858 955 2908; x_wconf 87' lang='lat' dir='ltr'>autem</span> <span class='ocrx_word' id='word_1_236' title='bbox 987 2870 1017 2908; x_wconf 93' lang='lat' dir='ltr'>a</span> <span class='ocrx_word' id='word_1_237' title='bbox 1047 2853 1314 2928; x_wconf 84' lang='lat' dir='ltr'>praesenti</span> <span class='ocrx_word' id='word_1_238' title='bbox 1342 2853 1524 2929; x_wconf 90' lang='lat' dir='ltr'>capite</span> <span class='ocrx_word' id='word_1_239' title='bbox 1551 2873 1787 2916; x_wconf 88' lang='lat' dir='ltr'>manum</span> <span class='ocrx_word' id='word_1_240' title='bbox 1817 2857 2128 2930; x_wconf 86' lang='lat' dir='ltr'>retraham,</span> <span class='ocrx_word' id='word_1_241' title='bbox 2162 2861 2239 2912; x_wconf 40' lang='lat' dir='ltr'>at·</span> <span class='ocrx_word' id='word_1_242' title='bbox 2282 2907 2289 2910; x_wconf 72' lang='grc'><strong>,</strong></span> 
     </span>
     <span class='ocr_line' id='line_1_29' title="bbox 339 2950 2228 3032; baseline 0.003 -26"><span class='ocrx_word' id='word_1_243' title='bbox 339 2955 485 3006; x_wconf 76' lang='lat' dir='ltr'>talos</span> <span class='ocrx_word' id='word_1_244' title='bbox 511 2950 681 3006; x_wconf 90' lang='lat' dir='ltr'>velim</span> <span class='ocrx_word' id='word_1_245' title='bbox 713 2968 876 3011; x_wconf 87' lang='lat' dir='ltr'>veros</span> <span class='ocrx_word' id='word_1_246' title='bbox 901 2952 1079 3008; x_wconf 90' lang='lat' dir='ltr'>animi</span> <span class='ocrx_word' id='word_1_247' title='bbox 1108 2953 1219 3009; x_wconf 89' lang='lat' dir='ltr'>mei</span> <span class='ocrx_word' id='word_1_248' title='bbox 1249 2971 1451 3010; x_wconf 88' lang='lat' dir='ltr'>sensus</span> <span class='ocrx_word' id='word_1_249' title='bbox 1486 2973 1615 3029; x_wconf 90' lang='lat' dir='ltr'>erga</span> <span class='ocrx_word' id='word_1_250' title='bbox 1644 2955 1908 3032; x_wconf 87' lang='lat' dir='ltr'>praefatas</span> <span class='ocrx_word' id='word_1_251' title='bbox 1934 2956 2172 3014; x_wconf 87' lang='lat' dir='ltr'>clericor</span> <span class='ocrx_word' id='word_1_252' title='bbox 2224 2979 2228 3003; x_wconf 84' lang='grc' dir='ltr'><strong>ι</strong></span> 
     </span>
     <span class='ocr_line' id='line_1_30' title="bbox 339 3048 2266 3130; baseline 0.005 -27"><span class='ocrx_word' id='word_1_253' title='bbox 339 3048 523 3105; x_wconf 86' lang='lat' dir='ltr'>Galliae</span> <span class='ocrx_word' id='word_1_254' title='bbox 554 3051 1041 3124; x_wconf 83' lang='lat' dir='ltr'>congregationeS,</span> <span class='ocrx_word' id='word_1_255' title='bbox 1081 3052 1148 3109; x_wconf 93' lang='lat' dir='ltr'>de</span> <span class='ocrx_word' id='word_1_256' title='bbox 1177 3052 1387 3126; x_wconf 88' lang='lat' dir='ltr'>quibus</span> <span class='ocrx_word' id='word_1_257' title='bbox 1422 3053 1624 3126; x_wconf 82' lang='lat' dir='ltr'>duruS,</span> <span class='ocrx_word' id='word_1_258' title='bbox 1653 3055 1856 3128; x_wconf 82' lang='lat' dir='ltr'>fateor,</span> <span class='ocrx_word' id='word_1_259' title='bbox 1888 3073 2051 3113; x_wconf 91' lang='lat' dir='ltr'>meus</span> <span class='ocrx_word' id='word_1_260' title='bbox 2075 3063 2177 3113; x_wconf 83' lang='lat' dir='ltr'>c&#39;uc</span> <span class='ocrx_word' id='word_1_261' title='bbox 2219 3082 2236 3112; x_wconf 81' lang='lat'>.·</span> <span class='ocrx_word' id='word_1_262' title='bbox 2264 3127 2266 3130; x_wconf 7' lang='lat' dir='ltr'>y</span> 
     </span>
     <span class='ocr_line' id='line_1_31' title="bbox 340 3139 2277 3230; baseline 0.002 -26"><span class='ocrx_word' id='word_1_263' title='bbox 340 3149 413 3205; x_wconf 81' lang='lat' dir='ltr'>rit</span> <span class='ocrx_word' id='word_1_264' title='bbox 440 3167 651 3206; x_wconf 75' lang='lat' dir='ltr'>sermo,</span> <span class='ocrx_word' id='word_1_265' title='bbox 680 3149 1110 3209; x_wconf 79' lang='lat' dir='ltr'>validissimum</span> <span class='ocrx_word' id='word_1_266' title='bbox 1156 3173 1219 3210; x_wconf 92' lang='lat' dir='ltr'>ac</span> <span class='ocrx_word' id='word_1_267' title='bbox 1260 3154 1743 3230; x_wconf 89' lang='lat' dir='ltr'>pretiosissimum</span> <span class='ocrx_word' id='word_1_268' title='bbox 1779 3156 2039 3214; x_wconf 87' lang='lat' dir='ltr'>Ecclesiae</span> <span class='ocrx_word' id='word_1_269' title='bbox 2082 3139 2277 3214; x_wconf 50' lang='lat' dir='ltr'>cath*</span> 
     </span>
     <span class='ocr_line' id='line_1_32' title="bbox 340 3243 2263 3331; baseline 0.004 -27"><span class='ocrx_word' id='word_1_270' title='bbox 340 3249 462 3306; x_wconf 84' lang='lat' dir='ltr'>licae</span> <span class='ocrx_word' id='word_1_271' title='bbox 492 3251 673 3307; x_wconf 92' lang='lat' dir='ltr'>robur</span> <span class='ocrx_word' id='word_1_272' title='bbox 702 3269 766 3308; x_wconf 90' lang='lat' dir='ltr'>ac</span> <span class='ocrx_word' id='word_1_273' title='bbox 792 3251 963 3309; x_wconf 91' lang='lat' dir='ltr'>decus</span> <span class='ocrx_word' id='word_1_274' title='bbox 1003 3253 1061 3309; x_wconf 92' lang='lat' dir='ltr'>in</span> <span class='ocrx_word' id='word_1_275' title='bbox 1093 3253 1378 3329; x_wconf 92' lang='lat' dir='ltr'>religiosis</span> <span class='ocrx_word' id='word_1_276' title='bbox 1413 3255 1649 3312; x_wconf 88' lang='lat' dir='ltr'>familiis</span> <span class='ocrx_word' id='word_1_277' title='bbox 1682 3256 1971 3327; x_wconf 88' lang='lat' dir='ltr'>constitui,</span> <span class='ocrx_word' id='word_1_278' title='bbox 1999 3256 2117 3331; x_wconf 89' lang='lat' dir='ltr'>jam</span> <span class='ocrx_word' id='word_1_279' title='bbox 2147 3243 2263 3314; x_wconf 61' lang='lat' dir='ltr'>ms</span> 
     </span>
     <span class='ocr_line' id='line_1_33' title="bbox 342 3335 2306 3432; baseline 0.009 -29"><span class='ocrx_word' id='word_1_280' title='bbox 342 3351 405 3404; x_wconf 84' lang='lat' dir='ltr'>de</span> <span class='ocrx_word' id='word_1_281' title='bbox 444 3351 568 3422; x_wconf 79' lang='lat' dir='ltr'>jure</span> <span class='ocrx_word' id='word_1_282' title='bbox 611 3352 940 3425; x_wconf 73' lang='lat' dir='ltr'>reyularium</span> <span class='ocrx_word' id='word_1_283' title='bbox 982 3359 1228 3411; x_wconf 90' lang='lat' dir='ltr'>tractatu</span> <span class='ocrx_word' id='word_1_284' title='bbox 1276 3356 1592 3432; x_wconf 88' lang='lat' dir='ltr'>patefacere</span> <span class='ocrx_word' id='word_1_285' title='bbox 1649 3363 1888 3414; x_wconf 90' lang='lat' dir='ltr'>conatus</span> <span class='ocrx_word' id='word_1_286' title='bbox 1934 3375 2082 3413; x_wconf 90' lang='lat' dir='ltr'>sum.</span> <span class='ocrx_word' id='word_1_287' title='bbox 2136 3351 2260 3420; x_wconf 62' lang='lat' dir='ltr'>Hm</span> <span class='ocrx_word' id='word_1_288' title='bbox 2304 3335 2306 3351; x_wconf 24' lang='lat' dir='ltr'>z</span> 
     </span>
     <span class='ocr_line' id='line_1_34' title="bbox 340 3450 2259 3531; baseline 0.004 -29"><span class='ocrx_word' id='word_1_289' title='bbox 340 3454 457 3503; x_wconf 88' lang='lat' dir='ltr'>toto</span> <span class='ocrx_word' id='word_1_290' title='bbox 484 3450 581 3506; x_wconf 94' lang='lat' dir='ltr'>illo</span> <span class='ocrx_word' id='word_1_291' title='bbox 613 3471 807 3511; x_wconf 92' lang='lat' dir='ltr'>amore</span> <span class='ocrx_word' id='word_1_292' title='bbox 838 3472 951 3528; x_wconf 90' lang='lat' dir='ltr'>quo</span> <span class='ocrx_word' id='word_1_293' title='bbox 981 3455 1211 3531; x_wconf 90' lang='lat' dir='ltr'>ipsimet</span> <span class='ocrx_word' id='word_1_294' title='bbox 1253 3456 1516 3514; x_wconf 87' lang='lat' dir='ltr'>Ecclesiae</span> <span class='ocrx_word' id='word_1_295' title='bbox 1555 3457 1844 3514; x_wconf 87' lang='lat' dir='ltr'>catholicae</span> <span class='ocrx_word' id='word_1_296' title='bbox 1878 3455 2181 3524; x_wconf 88' lang='lat' dir='ltr'>devincior‚</span> <span class='ocrx_word' id='word_1_297' title='bbox 2204 3451 2259 3517; x_wconf 91' lang='lat' dir='ltr'><strong><em>Q</em></strong></span> 
     </span>
    </p>
   </div>
   <div class='ocr_carea' id='block_1_4' title="bbox 343 3546 2306 3736">
    <p class='ocr_par' dir='ltr' id='par_1_4' title="bbox 343 3546 2306 3736">
     <span class='ocr_line' id='line_1_35' title="bbox 343 3546 2259 3633; baseline 0.005 -35"><span class='ocrx_word' id='word_1_298' title='bbox 343 3546 456 3601; x_wconf 84' lang='lat' dir='ltr'>haec</span> <span class='ocrx_word' id='word_1_299' title='bbox 482 3567 797 3625; x_wconf 89' lang='lat' dir='ltr'>prosequor</span> <span class='ocrx_word' id='word_1_300' title='bbox 826 3555 1093 3631; x_wconf 89' lang='lat' dir='ltr'>religiosa</span> <span class='ocrx_word' id='word_1_301' title='bbox 1121 3557 1404 3614; x_wconf 88' lang='lat' dir='ltr'>instituta.</span> <span class='ocrx_word' id='word_1_302' title='bbox 1434 3558 1502 3614; x_wconf 94' lang='lat' dir='ltr'>At</span> <span class='ocrx_word' id='word_1_303' title='bbox 1524 3558 1684 3614; x_wconf 85' lang='lat' dir='ltr'>haec</span> <span class='ocrx_word' id='word_1_304' title='bbox 1670 3575 1791 3633; x_wconf 79' lang='lat' dir='ltr'>ipsa</span> <span class='ocrx_word' id='word_1_305' title='bbox 1825 3556 2014 3614; x_wconf 88' lang='lat' dir='ltr'>debita</span> <span class='ocrx_word' id='word_1_306' title='bbox 2041 3548 2259 3619; x_wconf 62' lang='lat' dir='ltr'>dilectm</span> 
     </span>
     <span class='ocr_line' id='line_1_36' title="bbox 344 3648 2306 3736; baseline 0.006 -40"><span class='ocrx_word' id='word_1_307' title='bbox 344 3659 406 3696; x_wconf 89' lang='lat' dir='ltr'>ac</span> <span class='ocrx_word' id='word_1_308' title='bbox 431 3648 712 3703; x_wconf 86' lang='lat' dir='ltr'>veneratio</span> <span class='ocrx_word' id='word_1_309' title='bbox 736 3669 940 3723; x_wconf 89' lang='lat' dir='ltr'>urgere</span> <span class='ocrx_word' id='word_1_310' title='bbox 963 3652 1126 3710; x_wconf 89' lang='lat' dir='ltr'>debet</span> <span class='ocrx_word' id='word_1_311' title='bbox 1147 3661 1214 3710; x_wconf 92' lang='lat' dir='ltr'>ut</span> <span class='ocrx_word' id='word_1_312' title='bbox 1238 3653 1517 3710; x_wconf 89' lang='lat' dir='ltr'>eradicata</span> <span class='ocrx_word' id='word_1_313' title='bbox 1537 3660 1867 3728; x_wconf 86' lang='lat' dir='ltr'>exoptemus</span> <span class='ocrx_word' id='word_1_314' title='bbox 1890 3651 2119 3722; x_wconf 85' lang='lat' dir='ltr'>zizania,</span> <span class='ocrx_word' id='word_1_315' title='bbox 2139 3654 2254 3723; x_wconf 70' lang='lat' dir='ltr'>qujae</span> <span class='ocrx_word' id='word_1_316' title='bbox 2303 3729 2306 3736; x_wconf 26' lang='lat'><strong>⁴</strong></span> 
     </span>
    </p>
   </div>
   <div class='ocr_carea' id='block_1_5' title="bbox 2172 217 2306 3270">
    <p class='ocr_par' dir='ltr' id='par_1_5' title="bbox 2172 217 2306 3270">
     <span class='ocr_line' id='line_1_37' title="bbox 2259 217 2306 484; baseline 0 -103"><span class='ocrx_word' id='word_1_317' title='bbox 2259 217 2306 484; x_wconf 95' lang='lat' dir='ltr'>  </span> 
     </span>
     <span class='ocr_line' id='line_1_38' title="bbox 2248 484 2306 769; baseline 0 -101"><span class='ocrx_word' id='word_1_318' title='bbox 2248 484 2306 769; x_wconf 95' lang='lat' dir='ltr'>   </span> 
     </span>
     <span class='ocr_line' id='line_1_39' title="bbox 2199 769 2306 970; baseline 0 0"><span class='ocrx_word' id='word_1_319' title='bbox 2199 769 2306 970; x_wconf 95' lang='lat' dir='ltr'>   </span> 
     </span>
     <span class='ocr_line' id='line_1_40' title="bbox 2203 970 2306 1168; baseline 0 0"><span class='ocrx_word' id='word_1_320' title='bbox 2203 970 2306 1168; x_wconf 95' lang='lat' dir='ltr'>    </span> 
     </span>
     <span class='ocr_line' id='line_1_41' title="bbox 2200 1168 2306 1468; baseline 0 -153"><span class='ocrx_word' id='word_1_321' title='bbox 2200 1168 2306 1468; x_wconf 95' lang='lat' dir='ltr'>     </span> 
     </span>
     <span class='ocr_line' id='line_1_42' title="bbox 2239 1468 2306 1665; baseline 0 -152"><span class='ocrx_word' id='word_1_322' title='bbox 2239 1468 2306 1665; x_wconf 95' lang='lat' dir='ltr'>   </span> 
     </span>
     <span class='ocr_line' id='line_1_43' title="bbox 2209 1665 2306 1862; baseline 0 -153"><span class='ocrx_word' id='word_1_323' title='bbox 2209 1665 2306 1862; x_wconf 95' lang='lat' dir='ltr'>    </span> 
     </span>
     <span class='ocr_line' id='line_1_44' title="bbox 2245 1862 2306 1964; baseline 0 2046"><span class='ocrx_word' id='word_1_324' title='bbox 2245 1862 2306 1964; x_wconf 95' lang='lat' dir='ltr'> </span> 
     </span>
     <span class='ocr_line' id='line_1_45' title="bbox 2233 1964 2306 2209; baseline 0 0"><span class='ocrx_word' id='word_1_325' title='bbox 2233 1964 2306 2209; x_wconf 95' lang='lat' dir='ltr'>    </span> 
     </span>
     <span class='ocr_line' id='line_1_46' title="bbox 2224 2209 2306 2409; baseline 0 0"><span class='ocrx_word' id='word_1_326' title='bbox 2224 2209 2306 2409; x_wconf 95' lang='lat' dir='ltr'>   </span> 
     </span>
     <span class='ocr_line' id='line_1_47' title="bbox 2201 2566 2306 2811; baseline 0 -46"><span class='ocrx_word' id='word_1_327' title='bbox 2201 2566 2306 2811; x_wconf 95' lang='lat' dir='ltr'>   </span> 
     </span>
     <span class='ocr_line' id='line_1_48' title="bbox 2172 2811 2306 3270; baseline 0 -261"><span class='ocrx_word' id='word_1_328' title='bbox 2172 2811 2306 3270; x_wconf 95' lang='lat' dir='ltr'>     </span> 
     </span>
    </p>
   </div>
  </div>
 </body>
</html>
