2262 3990
203 117 291 163 558
879 71 1177 165 memus
1205 104 1274 154 nn
1301 105 1452 154 PAPA.

199 223 316 279 sola
343 221 520 279 Sedes·
546 213 842 289 apostolica
880 229 987 269 non
1025 215 1312 285 consensit,
1364 214 1607 272 absolvit.
1657 215 1986 291 Potiusque,
2021 220 2119 295 qui

172 298 318 378 'illic
366 319 625 389 receptus
674 311 882 381 fuerat,
916 310 1271 385 Dioscorum,
1315 313 1581 371 secundae
1610 313 1769 371 Sedis
1796 317 2118 392 praesulem,

139 482 142 485 .
199 431 303 472 sua
343 411 681 469 auctoritate
730 410 1039 484 damnavit,
1073 418 1126 470 et
1153 413 1390 489 impiam
1423 413 1702 490 synodum
1746 432 1853 470 non
1909 433 2120 477 consen-
2191 440 2193 442 ·

201 511 377 569 tiendo
404 513 727 569 submovit...
762 509 1039 575 Quoniam
1065 513 1199 568 sicut
1225 512 1281 568 id
1305 513 1444 586 quod
1476 514 1657 587 prima
1678 511 1844 570 Sedes
1867 530 1971 569 nou
1994 532 2123 588 pro·

198 612 416 668 baverat
453 619 696 667 constare
731 628 838 667 non
862 612 1060 684 potuit,
1098 612 1172 666 sic
1207 612 1346 684 quod
1383 610 1478 668 illa
1516 613 1720 668 censuit
1748 611 2116 686 judicandum,

200 709 440 768 Ecclesia
473 718 583 766 toto
621 712 906 784 suscepit»
942 710 1165 782 (Labbe,
1198 717 1352 768 tomo
1387 710 1474 783 IV,
1507 709 1616 768 col.
1647 710 1819 780 1205,
1851 709 1986 767 edit.
2025 710 2120 768 Pa-

200 811 377 884 risiis,
414 811 610 886 1671).
649 834 677 866 «
715 811 874 878 Quod
922 811 990 869 ad
1019 812 1351 889 petitionem
1386 811 1760 869 conciliorum
1789 811 2124 887 approbave-

199 910 277 968 rit
306 909 558 968 Pontifex
585 911 764 968 multa
794 910 1054 981 concilia,
1090 917 1241 987 patet
1265 929 1333 968 ex
1366 910 1538 986 gestis
1566 909 1705 986 ipsis
1732 909 2116 983 conciliorum,

198 1010 499 1086 praecipue,
529 1010 723 1087 primi,
757 1010 1016 1082 secundi,
1045 1011 1222 1082 tertii,
1253 1011 1443 1086 quarti
1474 1016 1529 1068 et
1554 1009 1720 1067 sexti.
1751 1009 1908 1074 Quod
1936 1014 2123 1072 autem

196 1111 487 1170 Pontifices
517 1111 818 1187 aliquando
845 1111 1217 1168 conciliorum
1249 1112 1470 1169 decreta
1498 1111 1945 1186 reprobaverint,
1975 1110 2122 1184 quod

198 1218 282 1269 est
317 1218 577 1288 apertum
620 1212 850 1287 signum
905 1211 1348 1287 superioritatis,
1386 1230 1451 1268 ex
1484 1211 1688 1268 Basilio
1725 1217 1897 1287 patet,
1931 1211 2029 1285 qui
2064 1211 2121 1269 in

198 1313 435 1389 epistola
454 1313 522 1369 ad
548 1312 944 1384 Athanasium,
971 1331 1097 1387 quae
1133 1319 1216 1370 est
1239 1333 1322 1384 Lu,
1353 1312 1550 1369 scribit
1574 1311 1748 1368 videri
1780 1311 1889 1370 sibi
1912 1312 2123 1371 bonum
2190 1324 2196 1326 *
2258 1322 2262 1362 :

198 1418 260 1469 ut
279 1419 510 1486 rogetur
534 1413 821 1470 Romanus
851 1413 1179 1489 EpiscopuS,
1205 1419 1267 1470 ut
1285 1413 1469 1470 mittat
1498 1412 1723 1486 aliquos
1752 1412 1810 1468 in
1832 1411 2120 1483 Graeciam,

197 1513 295 1587 qui
319 1514 442 1588 ejus
467 1514 698 1570 nomine
719 1514 942 1571 irritent
967 1514 1275 1570 concilium
1293 1513 1667 1570 Ariminense.
1695 1513 1818 1588 Ipse
1839 1511 2006 1567 etiam
2026 1512 2123 1569 Da·

196 1631 412 1684 masus,
445 1613 501 1668 in
537 1612 772 1688 epistola
821 1614 889 1670 ad
916 1613 1217 1689 Episcopos
1258 1613 1486 1689 lllyrici,
1521 1612 1783 1688 reprobat
1818 1610 2119 1668 concilium

191 1713 354 1769 illud.
373 1713 645 1770 Similiter
663 1715 763 1770 Leo
784 1714 843 1770 in
868 1713 1106 1790 epistola
1125 1734 1186 1769 ιν
1205 1713 1274 1769 ad
1292 1712 1647 1769 pulcheriam
1674 1734 1684 1767 :
1713 1711 2118 1780 ConsensioneS,

192 1812 403 1888 inquit,
438 1815 844 1889 Episcoporum,
883 1833 1141 1872 canonum
1167 1815 1310 1890 apud
1341 1814 1577 1872 Nicaeam
1617 1813 1950 1896 conditorum
1970 1830 2119 1888 requ-

194 1911 261 1967 lis
289 1922 664 1987 repuynantes,
696 1916 749 1969 in
785 1916 998 1970 irritum
1028 1917 1304 1983 mittimus,
1347 1924 1398 1971 et
1428 1933 1523 1989 per
1575 1915 1942 1970 auctoritatem
1984 1911 2120 1967 beati

191 2012 340 2068 Petri
391 2013 619 2086 apostoli
669 2014 907 2088 yenerali
962 2033 1180 2089 prorsus
1233 2015 1545 2085 definitione
1585 2031 1876 2068 cassamus,
1924 2011 2123 2068 Beatus

192 2112 517 2186 GregoriuS,
546 2113 691 2168 libro
727 2113 788 2168 IV
816 2114 983 2188 epist.
1012 2134 1162 2169 xxxiv
1195 2136 1204 2168 ε
1237 2114 1464 2183 Cuncta,
1495 2112 1704 2186 inquit,
1730 2112 1874 2167 illius
1908 2111 2121 2184 synodi,

193 2212 327 2269 Sede
357 2213 753 2270 contradicente
785 2214 1100 2288 apostolica,
1126 2215 1303 2272 soluta
1334 2222 1456 2269 sunt
1484 2235 1510 2265 »
1544 2211 1965 2287 (BellarminuS,
1997 2211 2117 2268 loco

197 2311 414 2384 citato).
1118 2388 1123 2392 ἢ

265 2411 492 2468 Certum
523 2412 699 2486 igitur
726 2413 941 2470 factum
970 2412 1398 2489 approbationis
1417 2417 1468 2468 et
1497 2411 1911 2487 reprobationis
1940 2409 2123 2467 conci-

190 2512 401 2569 liorum
432 2530 533 2588 per
560 2513 766 2589 Papam
793 2538 803 2581 ;
834 2531 936 2570 nec
963 2513 1156 2570 minus
1184 2518 1428 2582 certum,
1450 2511 1669 2569 decreta
1697 2511 1985 2588 synodalia
2004 2529 2123 2587 quae

191 2614 481 2670 Romanus
512 2614 759 2672 Pontifex
783 2615 1112 2691 approbavit
1140 2614 1320 2671 valida
1342 2614 1540 2684 fuisse,
1563 2631 1688 2687 quae
1716 2620 1904 2671 autem
1933 2631 2121 2689 repro·
2206 2615 2207 2618 ’

194 2713 346 2770 havit
376 2731 474 2770 5611
504 2714 711 2787 quibus
743 2733 1086 2773 consensum
1121 2715 1435 2789 denegavit,
1474 2734 1539 2772 ex
1588 2716 1692 2772 hoc
1726 2716 1847 2792 ipso
1879 2715 2035 2772 nulla
2070 2721 2122 2774 et
2208 2711 2211 2715 ’

193 2813 351 2870 irrita
403 2813 766 2871 remansisse.
811 2816 980 2871 Porro
1024 2815 1081 2872 id
1129 2816 1457 2889 contingere
1485 2834 1599 2872 non
1636 2815 1841 2891 potuit,
1879 2815 1990 2872 nisi
2018 2833 2117 2890 pro

193 2919 346 2970 certo
398 2919 451 2970 et
502 2913 823 2972 indubitato
867 2915 1122 2989 dogmate
1177 2915 1235 2971 in
1280 2920 1397 2972 tota
1441 2915 1688 2972 Ecclesia
1723 2914 1908 2972 habita
1952 2913 2120 2971 fuerit
2219 2909 2222 2913 ’

192 3015 352 3090 Papae
379 3014 686 3072 auctoritas
721 3034 891 3092 supra
931 3015 1189 3073 concilia.
1221 3015 1485 3090 Alioquin
1515 3015 1667 3072 enim
1698 3015 1779 3073 sic
1808 3016 1876 3072 ad
1918 3020 2118 3072 nutum

190 3115 430 3172 Romani
459 3116 714 3193 Episcopi
743 3117 1032 3193 synodalia
1060 3117 1284 3177 decreta
1307 3116 1562 3193 recipere
1579 3116 1665 3175 vel
1702 3116 1957 3191 rejicere,
1988 3113 2119 3190 quid

193 3198 349 3271 aliud
376 3216 576 3274 fuisset
608 3235 779 3292 quam
811 3217 1152 3274 universalis
1182 3216 1442 3274 Ecclesiae
1461 3235 1664 3275 vesana
1683 3216 1918 3274 rebellio
1946 3216 2005 3272 in
2032 3233 2121 3272 su-

192 3333 474 3389 premam,
519 3315 575 3371 id
618 3323 724 3387 est,
767 3316 1164 3387 conciliorum,
1200 3316 1632 3375 auctoritatem?
1674 3315 1926 3375 Profecto
1952 3318 2120 3391 portae

197 3411 366 3470 inferi
389 3422 586 3473 contra
612 3416 792 3492 ipsam
830 3416 1276 3492 praevaluissent.
