2306 4010
304 142 393 191 172
973 128 1268 181 TRACTATUS
1297 128 1364 175 DE
1393 128 1542 175 ΡΑΡΑ.

306 252 741 308 tundamentum
773 239 1027 300 Ecclesiae
1060 236 1142 293 sic
1171 235 1294 292 sine
1330 234 1455 310 ipso
1493 235 1717 292 stantis
1757 235 1898 309 Ergo
1926 235 2219 296 veritatem

305 367 418 406 non
442 349 712 404 haberent
738 337 945 396 Christi
971 335 1163 405 verba,
1194 333 1406 408 quibus
1433 334 1677 392 asseruit
1713 320 2098 392 'aedificandam
2124 335 2221 393 Ec-

305 445 532 502 clesiam
562 456 733 514 super
775 438 907 491 hanc
934 441 1165 509 petram,
1200 433 1259 490 id
1287 439 1395 506 est,
1423 452 1595 509 super
1614 434 1841 491 Petrum
1856 440 1919 491 ‚et
1945 434 2069 508 ejus
2095 452 2196 490 suc

303 556 573 609 cessoreS,
615 554 678 592 ac
710 533 948 610 proinde
973 551 1144 608 super
1179 532 1498 590 Romanum
1527 533 1873 590 Pontificem.
1906 534 2232 590 Romanum*

300 644 484 695 autem
517 633 841 691 Pontificem
877 633 1170 692 constituit
1203 633 1458 691 Christus
1488 633 1924 691 fundamentum
1962 633 2223 691 Ecclesiae
2251 674 2254 676 -

299 738 490 808 absque
530 735 642 790 ulla
687 735 815 790 certi
863 735 1114 809 temporis
1172 736 1571 806 constitutione,
1623 739 1688 790 ut
1737 733 1814 791 ait
1863 733 1993 790 Pius
2034 734 2099 789 VI
2141 734 2220 807 (in

295 834 453 891 Brevi
488 834 561 890 de
586 833 967 906 Nuntiaturis,
996 834 1178 910 capite
1211 855 1317 906 vm,
1353 834 1599 892 sectione
1629 834 1694 903 Il,
1721 851 1780 889 n.
1823 832 1942 907 25).
1967 833 2032 889 Et
2067 839 2223 889 caete·
2296 899 2306 910 „

298 931 504 1005 roquin
536 950 650 988 non
683 938 831 989 esset
857 931 1002 988 ratio
1027 932 1344 1009 excipiendi
1372 951 1555 992 unum
1579 937 1806 1008 tempus
1833 931 2021 1007 potius
2050 949 2222 1006 quam
2296 922 2306 994 ’ζ

296 1029 471 1086 aliud.
519 1030 675 1087 Unde
719 1030 806 1088 vel
860 1049 1178 1105 nunquam,
1230 1033 1317 1088 vel
1371 1049 1596 1107 semper
1635 1031 1926 1087 Romanus
1972 1029 2222 1087 Pontifex
2296 1047 2299 1050 ·

292 1129 553 1186 Ecclesiae
590 1129 1035 1188 fundamentum
1070 1138 1173 1188 est.
1206 1131 1384 1205 Igitur
1417 1129 1747 1202 contingere
1776 1128 1971 1204 nequit
1999 1134 2084 1201 ut,
2118 1127 2224 1182 Ro·

293 1246 458 1286 mano
499 1228 753 1286 Pontifici
785 1247 1039 1287 errorem
1070 1230 1291 1287 docenti
1333 1229 1578 1286 Ecclesia
1620 1228 1868 1296 resistat3
1913 1227 2047 1301 quia
2086 1232 2225 1283 tunc

288 1327 404 1401 jam
436 1327 724 1384 Romanus
749 1328 1003 1385 Pontifex
1035 1347 1150 1385 non
1186 1334 1331 1385 esset
1362 1328 1621 1385 Ecclesiae
1660 1327 2123 1394 fundamentum,
2158 1341 2223 1380 ac

294 1428 535 1502 proinde
562 1429 798 1486 veritate
825 1434 1083 1486 carerent
1106 1429 1275 1485 verba
1294 1428 1522 1500 Christi,
1545 1427 1752 1501 quibus
1775 1426 2065 1482 Romanus
2085 1424 2226 1480 Pon-

294 1526 429 1582 tifex
461 1527 903 1585 fundamentum
936 1527 1283 1584 constitutus
1307 1532 1411 1583 est.
2204 1600 2207 1602 -

381 1624 553 1680 Tertio
620 1633 900 1702 repugnat
952 1627 1164 1702 pariter
1213 1626 1401 1683 citatis
1460 1625 1646 1682 verbis
1701 1623 1931 1682 Christi.
1972 1622 2226 1678 Romano

302 1722 568 1779 Pontifice
604 1743 857 1782 errorem
899 1727 1155 1800 docente,
1199 1727 1505 1783 Ecclesiam
1551 1744 1673 1783 sese
1704 1726 2094 1782 indifferenter
2127 1725 2228 1780 ha-

304 1821 458 1893 bere,
505 1823 563 1879 id
608 1832 715 1894 est,
761 1843 864 1883 nec
896 1827 1170 1884 assentire
1207 1845 1312 1883 nec
1344 1827 1662 1883 dissentire.
1701 1825 1918 1881 Etenim
1957 1824 2226 1896 Ecclesia,

308 1931 538 2000 sumpta
573 1944 674 2000 pro
713 1926 1048 1984 collectione
1083 1928 1512 2002 Episcoporum,
1554 1931 1782 1983 tenetur
1810 1944 1877 1982 ex
1915 1925 2097 1981 officio
2135 1942 2227 1981 ve·
2303 1923 2306 1925 ’

303 2041 427 2079 ram
472 2024 641 2082 fidem
692 2027 930 2102 populos
972 2028 1204 2084 edocere
1248 2033 1418 2101 atque
1460 2027 1529 2083 ab
1571 2028 1652 2082 eis
1695 2025 1904 2082 erroris
1947 2042 2226 2081 venenum

302 2128 574 2180 avertere.
617 2123 794 2197 Igitur
836 2125 883 2181 si
916 2143 1030 2182 non
1068 2126 1437 2183 dissentirent
1488 2142 1550 2181 ac
1586 2124 1910 2181 resisterent
1942 2122 2225 2198 Episcopi,

304 2219 441 2276 dum
485 2220 773 2277 Romanus
806 2222 1057 2280 Pontifex
1097 2224 1358 2280 haeresim
1390 2224 1636 2291 doceret,
1681 2221 2132 2297 praevaricatores
2175 2227 2228 2277 et

300 2319 409 2395 ipsi
459 2321 667 2387 forent;
726 2328 852 2379 tum
901 2324 1034 2397 quia
1084 2324 1268 2381 officio
1310 2343 1412 2381 suo
1455 2324 1738 2393 deessent,
1789 2328 1913 2379 tum
1960 2321 2091 2396 quia
2131 2320 2228 2395 qui

304 2426 451 2478 tacet
485 2421 621 2478 dum
650 2422 807 2496 loqui
840 2428 1067 2481 tenetur
1093 2444 1193 2500 pro
1232 2425 1618 2482 consentiente
1643 2423 1939 2480 habendus
1969 2427 2075 2486 est,
2103 2429 2226 2479 tum

306 2519 439 2592 quia
486 2538 551 2576 ex
590 2521 843 2594 ipsorum
887 2523 1111 2580 silentio
1157 2543 1449 2580 summum
1497 2530 1793 2596 exurgeret
1833 2522 1962 2578 fidei
2006 2521 2228 2597 pericu·
2302 2552 2306 2554 ·

305 2619 449 2675 lum.
487 2619 725 2674 Proinde
766 2620 1036 2693 Ecclesia,
1080 2627 1274 2697 utpote
1310 2639 1433 2694 quae
1472 2639 1538 2678 ex
1571 2621 1976 2695 Episcoporum
2024 2620 2227 2676 collec-
2298 2600 2301 2634 Γ

302 2716 455 2773 tione
478 2717 839 2791 potissimum
861 2725 1101 2790 constat,
1123 2719 1241 2794 jam
1266 2719 1546 2789 deficeret,
1574 2737 1677 2777 nec
1703 2725 1848 2776 esset
1873 2737 2002 2775 vera
2020 2718 2227 2776 Christi
2292 2779 2306 2798 λς

307 2815 576 2873 Ecclesia.
619 2818 781 2875 Falso
815 2819 990 2892 igitur
1031 2820 1268 2878 dixisset
1302 2819 1593 2878 Christus:
1632 2822 1701 2877 Et
1731 2827 1899 2896 portae
1937 2823 2093 2893 inferi
2119 2839 2225 2876 non
2285 2818 2305 2923 ἱ

300 2915 665 2988 praevalebunt
709 2917 962 2974 adversus
1019 2937 1154 2975 eam.
1204 2919 1343 2992 Ergo
1394 2918 1719 2994 hypothesis
1761 2919 1921 2994 Papae
1971 2918 2225 2977 fallibilis
2281 2926 2306 2993 ξ

307 3034 437 3072 cum
471 3015 640 3074 citato
668 3023 829 3074 textu
863 3026 918 3075 tu
951 3038 1005 3076 es
1030 3020 1243 3092 Petrae,
1280 3026 1413 3093 etc.,
1448 3038 1812 3094 nequaquam
1848 3024 1996 3077 stare
2019 3025 2220 3096 potest.
2270 2995 2306 3275 i

2272 3273 2293 3311 ε

2270 3359 2297 3423 ,¹⁵

381 3114 659 3172 Probatur
695 3117 749 3173 4⁰
775 3134 842 3173 ex
869 3135 934 3174 eo
964 3117 1113 3192 quod
1162 3136 1474 3194 pronomen
1501 3137 1616 3175 eam
1647 3118 1839 3194 potius
1862 3118 2223 3175 referendum

304 3211 378 3267 sit
409 3213 475 3268 ad
501 3231 691 3270 vocem
720 3223 932 3288 petram
971 3234 1143 3290 quam
1180 3217 1250 3274 ad
1282 3220 1478 3275 voeem
1505 3217 1816 3288 Ecclesiam,
1854 3222 1909 3273 et
1946 3216 2027 3273 sic
2061 3216 2227 3272 intel-

309 3309 516 3368 lectum
551 3313 784 3372 Romani
823 3315 1106 3373 Pontificis
1148 3317 1616 3374 infallibilitatem
1654 3316 1890 3373 evincat.
1933 3349 2003 3394 5-
2028 3314 2227 3372 Moveri

311 3407 452 3463 solet
482 3412 550 3468 ab
580 3412 989 3490 interpretibus
1017 3416 1271 3490 quaestio,
1301 3435 1373 3473 an
1406 3416 1465 3472 in
1500 3415 1596 3472 illo
1622 3420 1804 3491 textU,
1838 3422 1887 3471 et
1907 3433 2066 3489 super
2095 3415 2227 3470 hano
2267 3415 2289 3485 2}

308 3505 523 3578 petram
553 3512 816 3583 aedificabo
846 3514 1139 3572 Ecclesiam
1178 3533 1371 3588 meam,
1402 3523 1454 3571 et
1478 3522 1654 3589 portae
1676 3514 1838 3586 inferi
1877 3530 1983 3568 non
2012 3528 2224 3586 praeva-

315 3605 486 3662 lebant
516 3610 762 3669 adversus
796 3623 933 3687 eam,
963 3634 1070 3673 vox
1099 3634 1216 3673 eam
1240 3607 1536 3673 referenda
1567 3614 1642 3672 sit
1678 3612 1748 3670 ad
1780 3620 2010 3687 petram,
2049 3621 2120 3668 an
2152 3608 2222 3667 ad
2268 3639 2274 3643 ’-
