2306 4010
877 185 999 232 PARS
1028 185 1265 233 SECUNDA.
1964 186 2022 233 89

140 300 355 369 dunati,
384 298 743 356 statuendum
777 298 1053 355 duxerint.
1087 296 1256 371 Cujus
1283 296 1531 372 epistolae
1560 296 1884 367 confutati0‚
1914 296 2020 353 sub

140 398 537 454 annotationum
568 395 813 464 nomine,
847 403 877 451 a
924 393 1221 451 secretario
1253 393 1537 451 Societatis
1578 393 1788 467 AEgidio
1839 393 2020 450 Estrix

142 494 440 568 exscripta,
460 500 511 550 et
528 500 647 549 tum
667 512 696 548 a
717 498 871 567 patre
892 490 1156 565 generali,
1184 496 1302 546 tum
1323 491 1389 547 ab
1407 490 1801 547 assistentibus
1826 490 2016 560 Italiae,

144 591 468 659 Germaniae,
498 590 770 665 Hispaniae
792 595 846 646 et
871 587 1165 644 Lusitaniae
1189 588 1515 662 approbata,
1542 587 1821 662 reperitur
1848 587 1908 644 in
1933 605 2023 645 eo-

145 688 270 744 dem
294 686 436 743 libro
466 686 782 742 authentico
815 683 1035 758 (pagina
1068 682 1179 738 106
1210 690 1262 739 et
1292 685 1458 756 seq.).

222 785 294 839 Ex
321 783 438 857 ipsa
463 787 648 837 autem
665 779 899 855 epistola
923 778 1099 853 patris
1130 778 1415 849 Fontaine,
1438 780 1552 835 haec
1576 797 1700 852 quae
1719 786 2030 854 sequuntur

150 881 526 957 excerpimus:
862 943 866 946 ,

229 1003 254 1032 «
280 979 364 1035 Sic
391 997 450 1034 se
476 977 642 1051 gessit
686 982 842 1051 pater
883 982 1072 1032 noster
1105 974 1379 1049 generalis
1405 992 1531 1048 erga
1563 993 1747 1047 regem
1774 977 2030 1031 christia-

150 1077 444 1134 nissimum
484 1082 537 1131 et
584 1075 904 1131 societatem
935 1074 1296 1142 Gallicanam,
1329 1078 1389 1128 ut
1426 1091 1514 1128 res
1547 1078 1770 1128 nostras
1796 1073 1855 1127 in
1879 1090 2032 1128 sum-

148 1192 302 1228 mum
330 1172 630 1228 discrimen
671 1171 1031 1228 adduxerit...
1070 1172 1142 1226 Eo
1174 1171 1290 1244 ipso
1315 1177 1565 1245 tempore
1606 1188 1715 1243 quo
1744 1171 1860 1225 haec
1885 1186 2035 1242 gere-

148 1273 366 1341 bantur,
395 1271 657 1327 edebatur
673 1271 730 1326 in
754 1271 938 1326 lucem
958 1290 987 1326 a
1007 1275 1163 1344 patre
1188 1268 1430 1342 generali
1456 1268 1598 1324 liber
1618 1267 1682 1323 de
1701 1267 2035 1323 authoritate

151 1374 203 1423 et
222 1368 442 1440 juribus
476 1367 691 1422 Summi
716 1366 1012 1422 pontificis.
1051 1366 1214 1438 Cujus
1239 1365 1318 1420 rei
1350 1365 1497 1419 fama
1530 1382 1658 1419 cum
1690 1364 1891 1418 Gallias
1909 1380 2032 1436 per-

151 1465 402 1531 vasisset,
459 1464 845 1538 provincialeS,
887 1470 1151 1531 rectoreS,
1195 1462 1326 1517 boni
1372 1479 1565 1516 omnes
1628 1467 1876 1534 stupere,
1921 1479 2034 1515 me-

156 1567 329 1626 tuere,
380 1560 666 1613 obsecrare
709 1564 920 1632 patrem
957 1557 1294 1629 generalem,
1330 1564 1388 1612 ut
1425 1576 1453 1611 a
1488 1556 1686 1630 coeptis
1723 1555 2034 1623 desisteret,

159 1674 280 1727 quae
322 1673 579 1728 magnam
625 1655 879 1711 Societati
916 1655 1392 1728 perturbationem
1423 1672 1485 1708 ac
1511 1652 1826 1708 molestiam
1849 1656 2036 1706 essent

159 1753 461 1808 allatura...
498 1753 809 1808 Institimus
846 1759 907 1807 ut
936 1754 1004 1807 ab
1039 1753 1312 1824 ejusmodi
1339 1752 1481 1806 libro
1509 1752 1613 1805 hoc
1643 1757 1891 1823 tempore
1919 1748 2036 1803 vul-

156 1848 334 1921 gando
373 1847 739 1905 abstineret...
773 1849 1009 1922 Recepta
1047 1849 1234 1903 omnia
1269 1846 1759 1921 libriexemplaria
1791 1852 2037 1901 servatu—

158 1960 282 1998 rum
309 1960 367 1998 se
389 1943 664 2017 promisit.
707 1945 811 2000 Sed
846 1950 1055 2000 tentata
1098 1944 1426 2018 typographi
1471 1950 1526 1999 et
1557 1945 1770 2017 objecta
1803 1942 2036 2016 pecunia

158 2037 478 2094 labefactata
509 2038 710 2095 fides...
741 2039 801 2094 Et
827 2057 1016 2095 revera
1035 2041 1183 2095 sama
1210 2045 1288 2095 est
1312 2040 1522 2113 aliquot
1551 2039 1668 2112 jam
1701 2038 2036 2112 exemplaria

159 2135 215 2188 in
242 2135 405 2190 Gallia
430 2132 844 2192 circumferri...

239 2253 264 2281 «
291 2231 432 2292 Quid
454 2233 618 2286 faciat
635 2232 838 2287 Gallica
865 2233 1128 2299 SocietaS,
1157 2250 1282 2304 rege
1306 2232 1544 2303 graviter
1569 2233 1803 2300 offenSO,
1834 2239 1885 2287 et
1914 2251 2037 2305 pro-

166 2327 387 2382 hibente
411 2346 481 2382 ne
505 2329 630 2400 quis
652 2347 881 2383 suorum
903 2336 1091 2402 postea
1120 2329 1471 2383 subditorum
1492 2329 1673 2382 ullum
1693 2329 1889 2382 habeat
1908 2346 2037 2381 cum

164 2423 458 2496 Praeposito
487 2424 729 2495 generali
758 2425 1199 2479 commercium‘.>
1231 2424 1455 2495 Rogavit
1480 2424 1592 2478 haec
1612 2423 1845 2478 societas
1871 2441 2038 2494 quam

164 2522 644 2577 vehementissime
687 2523 886 2596 potuit,
929 2542 1092 2578 suum
1136 2522 1518 2595 Praepositum,
1550 2527 1614 2576 ut
1651 2522 1768 2593 regi
1808 2527 2042 2593 quanto-

163 2616 280 2671 cius
307 2616 717 2673 satisfaceret...
748 2618 887 2673 lllud
918 2636 1044 2672 vero
1071 2617 1359 2690 denegavit
1377 2624 1531 2690 pater
1548 2617 1840 2689 generalis.
1867 2617 2044 2680 Quare

163 2722 446 2769 revocatus
479 2732 576 2787 ego
609 2733 733 2769 sum
781 2733 908 2770 cum
952 2716 1208 2788 patribus
1248 2714 1578 2769 assistentiae
1603 2712 1951 2769 administris
1987 2713 2043 2767 in

163 2810 413 2878 Galliam,
457 2817 507 2866 et
529 2811 720 2883 jussus
754 2830 783 2866 a
818 2829 946 2884 rege
983 2819 1171 2867 nostro
1199 2811 1461 2884 regimini
1500 2810 1842 2885 providere¹.
1873 2811 1932 2864 In
1960 2811 2045 2866 his

162 2907 493 2963 constitutus
515 2908 785 2981 angustiis
820 2909 1026 2964 multas
1062 2910 1131 2964 ad
1160 2915 1347 2983 patres
1372 2908 1697 2963 assistentes
1739 2915 1793 2963 et
1826 2914 2041 2980 patrem

166 3005 521 3060 secretarium
550 3013 694 3075 (cum
730 3007 973 3061 scribere
998 3007 1065 3061 ad
1093 3013 1307 3080 patrem
1341 3006 1653 3078 generalem
1681 3023 1793 3060 non
1825 3005 2038 3076 liceret)

167 3099 286 3154 dedi
314 3100 543 3171 litteraS,
575 3103 778 3174 quibus
808 3103 994 3175 rogavi
1021 3121 1112 3158 eos
1150 3110 1208 3158 ut
1238 3103 1386 3176 apud
1410 3102 1771 3175 Praepositum
1793 3106 2037 3173 agerent,

167 3202 227 3250 ut
250 3214 439 3250 curam
474 3215 693 3253 omnem
725 3199 1010 3255 Societatis
1047 3201 1331 3272 gallicanae
1354 3217 1423 3254 ne
1450 3199 1746 3271 abjiceret3
1786 3204 1838 3252 ct
1872 3216 2040 3269 quam

165 3310 263 3366 per
278 3309 334 3347 se
350 3311 458 3347 non
474 3300 680 3367 posset,
697 3302 875 3351 stante
891 3298 1036 3369 regis
1055 3298 1456 3371 prohibitione,
1474 3313 1571 3369 per
1591 3295 1762 3350 alium
1779 3295 2041 3351 adminis-

165 3396 314 3444 trare
335 3407 403 3444 ne
429 3396 771 3462 gravaretur.
793 3393 863 3446 Ac
882 3392 1114 3465 proinde
1136 3392 1429 3461 vicarium,
1456 3391 1538 3446 vel
1565 3390 2037 3462 commissarium,

222 3533 276 3587 (1)
307 3534 476 3574 Notetur
496 3546 576 3586 qua
600 3533 891 3574 inverecundia
915 3534 1060 3574 devius
1087 3534 1157 3574 ille
1181 3534 1349 3582 Jesuita,
1378 3535 1553 3587 ipsemet
1577 3537 1752 3578 fateatur
1769 3538 1893 3587 jussu
1917 3538 2044 3589 Reyis

165 3598 210 3638 in
237 3599 423 3651 regimen
444 3599 750 3652 provinciarum
775 3599 914 3641 Galliae
935 3610 1024 3640 sese
1048 3598 1288 3642 inti-udisse.
1499 3603 1502 3606 ’
