2306 4010
790 207 916 254 PARS
946 203 1187 253 SECUNDA.
1837 155 1926 245 {55

58 315 307 394 epistolis
334 314 590 371 notitiam
626 313 836 371 habuit.
886 315 1061 369 Immo
1093 309 1487 367 calumniatores
1512 309 1667 361 vocat
1696 301 1922 389 eosqui

58 413 357 471 Honorium
394 412 788 470 condemnant.
818 412 891 469 De
916 427 1159 484 quorum
1191 423 1424 464 numero
1462 403 1637 460 fuisse
1669 405 1922 459 sanctum

60 513 290 569 Leonem
310 511 372 580 11,
394 511 438 567 si
458 516 802 585 compertum
832 508 1135 576 habuisset,
1156 506 1306 562 baud
1332 503 1558 562 sancita
1582 499 1734 575 loqui
1761 516 1930 556 ausus

62 615 226 667 esset.
255 608 401 664 Adde
448 607 832 664 auctoritatem
860 603 1102 671 Baronii,
1131 603 1229 675 qui
1260 618 1362 677 pro
1389 599 1597 676 spuriis
1623 602 1717 655 aut
1764 596 1932 652 inter·

68 705 260 780 polatis
287 704 449 760 habet
485 703 704 759 easdem
734 700 1012 774 epistolas.

135 801 394 855 Probatur
418 800 475 853 2⁰
506 799 678 871 quoad
701 798 949 870 sinqulaS.
972 827 1040 837 -
1065 796 1133 850 De
1154 797 1348 866 prima,
1386 793 1641 849 videlicet
1667 792 1734 848 ad
1763 792 1934 867 impe-

65 900 300 954 ratorem
327 892 751 949 Constantinum
777 890 1005 959 directa,
1038 890 1117 945 sic
1149 889 1433 944 disserunt
1458 888 1942 962 wirceburgenses

72 989 300 1064 theologi
334 1011 344 1042 ε
380 1012 406 1041 «
440 990 497 1044 111
531 989 639 1045 fine
683 990 807 1044 data
844 987 1108 1043 scribitur
1157 988 1305 1042 nonis
1344 987 1488 1056 inan,
1529 987 1809 1042 indictione
1856 988 1942 1042 de-

78 1092 220 1147 cima.
256 1088 318 1143 At
345 1088 402 1141 in
432 1090 578 1141 textu
606 1085 770 1159 plane
792 1083 1074 1140 contraria
1103 1084 1271 1140 habet
1304 1104 1313 1136 ε
1349 1082 1584 1153 Denique
1610 1081 1831 1154 Leyatos
1858 1083 1945 1137 hu-

66 1187 149 1259 jus
177 1183 471 1258 apostolicae
500 1182 671 1252 Sedis,
715 1183 894 1236 matris
916 1189 1123 1251 vestrae,
1162 1180 1412 1235 Romanae
1450 1178 1708 1247 Ecclesiae,
1734 1180 1946 1251 pietatis

74 1289 252 1339 vestrae
292 1279 537 1353 summm,
573 1281 625 1334 id
663 1258 762 1349 est,
804 1279 1123 1335 Theodorum
1158 1285 1207 1333 et
1241 1277 1511 1350 Georqium
1540 1277 1947 1350 presbyteros..

78 1396 176 1436 una
205 1396 318 1435 cum
355 1380 597 1451 personis
635 1395 749 1449 quae
783 1394 897 1432 cum
947 1378 1020 1431 eis
1047 1377 1299 1448 profectae
1332 1378 1563 1448 fuerant,
1598 1392 1707 1445 quae
1754 1391 1783 1428 a
1813 1391 1953 1446 prae-

80 1477 341 1532 decessore
388 1492 527 1545 me0,
584 1476 879 1546 apostolicae
941 1475 1202 1528 memoriae
1249 1473 1515 1545 Aqathone
1542 1472 1691 1543 Papa
1738 1489 1836 1543 per
1879 1489 1960 1526 oc-

82 1583 249 1630 tuvwn
272 1574 604 1629 indictionem
631 1591 727 1646 pro
759 1591 916 1628 causa
940 1573 1083 1644 fidei,
1123 1580 1295 1627 vestra
1331 1574 1531 1643 pietate
1557 1571 1792 1642 jubente,
1832 1569 1956 1624 illuc

83 1671 287 1726 directae
335 1673 570 1742 fuerant,
630 1689 726 1742 per
782 1687 942 1742 nuper
992 1670 1222 1741 elapsam
1268 1669 1517 1723 decimum
1583 1668 1951 1732 indictionem,

83 1786 249 1824 mense
274 1767 428 1840 julio,
470 1787 581 1822 cum
621 1768 877 1823 divalibus
913 1767 1193 1822 clem-entiae
1231 1775 1412 1822 vestrae
1458 1765 1687 1837 apicibus
1726 1773 1771 1818 et
1807 1782 1958 1836 syno-

84 1866 279 1922 dalibus
307 1869 530 1939 qestiS...
567 1868 859 1922 exultantes
881 1868 1218 1938 suscepimus,
1249 1864 1351 1920 Sed
1376 1862 1655 1936 quomodo
1673 1879 1770 1936 pei*
1806 1863 1959 1935 elap-

88 1980 202 2019 sam
240 1963 507 2019 decimam
556 1962 934 2032 indictionem,
964 1980 1156 2018 mense
1173 1962 1337 2036 julio,
1366 1956 1650 2017 scribit‘se
1684 1959 1960 2034 accepisse

88 2059 297 2117 litteras
319 2067 371 2116 et
396 2061 503 2116 alia
533 2061 726 2135 synodi
762 2067 935 2133 gesta,
971 2061 1017 2116 si
1039 2061 1155 2133 jam
1186 2078 1359 2115 mense
1387 2062 1525 2114 inuio
1560 2059 1838 2114 indictione
1882 2059 1965 2112 de-

91 2159 219 2212 cima
242 2157 461 2230 scriptae
488 2158 762 2213 habentur
786 2159 867 2213 hae
892 2159 1132 2213 litterae‘?
1157 2159 1424 2212 Praeterea
1458 2157 1732 2229 quomodo
1771 2173 1963 2211 11161151·

89 2251 228 2322 julio
263 2252 440 2324 potuit
464 2253 563 2307 Leo
605 2253 912 2326 suscepisse
938 2254 1160 2324 Legatos
1197 2270 1310 2307 una
1337 2270 1466 2307 cum
1501 2253 1723 2319 litteris,
1755 2253 1801 2307 si
1839 2270 1965 2307 cum

98 2346 283 2404 decem
303 2353 518 2403 tantum
541 2350 822 2405 mensibus
843 2350 958 2423 ipse
980 2350 1178 2406 sederit.
1199 2350 1465 2418 Pontifex,
1492 2350 1739 2405 mensem
1761 2349 1962 2422 julium

99 2445 365 2518 attingere
402 2463 511 2501 non
559 2446 822 2520 potuerit,
859 2446 1063 2521 quippe
1111 2453 1333 2503 creatus
1370 2447 1618 2503 Pontifex
1658 2463 1848 2503 mense
1881 2465 1972 2502 au-

99 2544 295 2613 gusto?
323 2542 436 2596 Haec
475 2541 823 2597 chronotaxis
857 2542 1179 2616 imperitum
1220 2542 1378 2597 illum
1415 2542 1574 2614 fugit,
1611 2542 1728 2615 qui,
1759 2542 1961 2614 aliquot

101 2643 220 2712 post
243 2638 513 2712 synodum
541 2643 745 2693 sextam
780 2638 1018 2707 saeculis,
1052 2640 1192 2695 113116
1219 2639 1507 2713 epistolam
1547 2639 1629 2696 161
1652 2639 1817 2714 plane
1842 2658 1971 2695 con-

101 2735 295 2805 texuit,
341 2753 636 2811 suppresso
679 2736 867 2792 Leonis
898 2739 1254 2811 autographO,
1291 2738 1375 2794 vel
1403 2743 1549 2794 certe
1592 2738 1967 2813 interpolavit.

105 2831 170 2885 At
212 2849 375 2904 porro
419 2833 765 2906 imperatoris
811 2833 1042 2908 epistola
1076 2835 1282 2891 dicitur
1309 2835 1365 2889 in
1410 2837 1528 2909 ejus
1578 2836 1775 2906 fronte,
1818 2840 1971 2892 missa

110 2944 280 2981 mense
310 2927 584 2998 decembri,
619 2931 895 2985 indictione
935 2932 1132 2987 decimu
1167 2954 1182 2984 .·
1207 2931 1306 2988 Sed
1344 2932 1620 3004 quomodo
1650 2932 1859 2987 decima
1891 2933 1973 2987 in-

109 3021 346 3077 dictione
380 3024 502 3078 data
549 3024 657 3080 dici
707 3027 884 3099 potuit
924 3029 1026 3083 hoc
1072 3047 1217 3083 anno
1263 3047 1455 3085 mense
1495 3028 1827 3097 decembris,
1865 3048 1974 3101 quo

114 3125 356 3192 tempore
374 3118 696 3176 duodecima
714 3130 829 3178 erat
857 3123 1107 3196 indictio,
1133 3144 1253 3198 quie
1270 3127 1384 3200 jam
1411 3147 1439 3181 a
1468 3145 1656 3182 11161156
1677 3128 1975 3199 septembri

114 3218 289 3270 t'uerat
336 3215 628 3269 inchoata?
660 3215 859 3272 Verum
908 3220 1067 3276 facile
1116 3222 1495 3295 indulgemuS,
1533 3221 1796 3277 mendum
1838 3223 1974 3281 irre·

113 3312 287 3386 psisse
312 3312 367 3366 in
396 3311 665 3380 codicem,
690 3319 741 3367 et
765 3331 862 3386 pro
889 3314 1191 3371 indictione
1223 3318 1549 3374 duodecima
1572 3318 1807 3391 positam
1835 3320 1977 3377 deci-

116 3429 259 3467 mam
282 3434 291 3476 ;
331 3410 520 3482 sicque
542 3409 742 3482 corrigi
768 3411 988 3478 debere,
1014 3413 1251 3476 Baronii‚
1281 3416 1476 3471 Labbei
1504 3434 1565 3472 36
1586 3417 1974 3495 plerorumque

114 3525 385 3564 consensu
410 3528 420 3559 :
445 3508 540 3563 sed
567 3507 681 3580 jam
713 3508 888 3580 major
912 3508 1208 3566 dit'ticultas
1232 3512 1493 3569 nascitur.
1525 3514 1623 3578 Qui
1650 3515 1796 3572 enim
1823 3536 1975 3575 sanc-

118 3609 206 3659 tus
251 3605 349 3660 Leo
398 3603 634 3659 scribere
666 3610 898 3677 poterat,
929 3605 1073 3675 qnod
1114 3605 1459 3679 imperatoris
1500 3610 1813 3684 epistolam,
1841 3615 1977 3672 scri-
