2306 4010
327 171 431 218 5⁶24*
998 165 1299 214 TRACTATUS
1330 164 1395 211 DE
1426 164 1574 211 PAPA.

325 281 455 337 dam
484 297 607 336 esse
636 280 782 333 hanc
809 275 876 330 de
902 292 1015 330 una
1048 273 1132 328 vel
1157 271 1375 348 duplici
1401 270 1726 346 operatione
1756 271 2242 348 disceptationem,

321 387 374 436 et
409 375 747 450 adjiciendO,
783 373 852 428 acl
893 389 988 428 nos
1023 373 1127 427 ista
1159 373 1430 446 pertinere
1457 389 1564 427 non
1591 371 1802 428 debent.
2256 366 2261 370 ⁸

397 473 710 548 Respondeo
741 493 757 524 :
791 470 1010 528 Erravit
1050 470 1281 546 quidem
1310 470 1370 527 in
1397 471 1523 539 hoc;
1561 469 1661 528 sed
1684 487 1842 527 error
1867 475 1973 542 est,
2010 491 2121 530 non
2147 473 2242 532 de-

319 571 592 629 finitionis
640 570 995 644 dogmaticae,
1037 575 1123 626 ast
1169 568 1527 626 oeconomicae
1568 568 2034 644 dispensationis.
2076 571 2137 626 In
2181 591 2243 630 eo

315 671 468 729 enim
501 689 662 728 error
692 670 799 727 iste
821 669 1104 740 consistit,
1134 670 1284 745 quod
1315 669 1516 727 utilius
1543 669 1890 746 reputaverit
1920 676 2242 734 controver-

314 771 457 828 siam
495 770 653 826 illam
680 769 1072 844 grammaticis
1111 769 1382 843 relinqui,
1412 774 1464 826 et
1493 767 1795 844 Episcopos
1820 767 1889 825 de
1919 787 1980 825 ea
2011 787 2124 826 non
2149 787 2243 827 cu-

312 889 462 927 rare.
490 869 661 926 Porro
687 888 801 926 non
828 887 1105 943 negamus
1133 886 1327 926 errare
1354 887 1519 944 posse
1543 868 1862 924 Romanum
1892 868 2239 942 Pontificem,

313 978 694 1048 opportunum
731 970 1039 1045 judicando
1071 988 1132 1026 ac
1174 970 1314 1026 utile
1352 969 1504 1043 quod
1538 986 1896 1042 nequaquam
1935 969 2159 1045 expedit
2189 977 2242 1027 ct
2303 996 2306 1035 3

312 1071 597 1129 nocivium
633 1075 738 1127 est.
769 1069 888 1126 Non
930 1069 1111 1144 ipsius
1145 1067 1357 1143 judicia
1393 1068 1461 1124 de
1499 1066 1754 1141 agendiS,
1800 1066 1897 1123 sed
1927 1066 2143 1140 judicia
2175 1068 2242 1124 de
2299 1062 2306 1129 Ξ

308 1174 415 1230 fide
446 1172 769 1229 infallibilia
801 1170 1071 1229 dicimus.
1101 1169 1330 1226 Honorii
1366 1187 1499 1242 ergo
1525 1187 1685 1225 error
1713 1173 1765 1224 et
1795 1167 1962 1242 culpa
1995 1167 2238 1239 dicatur,
2297 1139 2306 1226 i

308 1294 406 1350 per
453 1294 554 1343 nos
604 1273 755 1342 licet,
814 1272 965 1346 quod
1016 1279 1322 1344 utramque
1373 1269 1719 1326 locutionem
1765 1268 2137 1325 omittendam
2187 1275 2239 1326 et

301 1370 687 1447 grammaticis
731 1369 1161 1443 relinquendam
1210 1365 1475 1435 suaserit,
1521 1365 1690 1438 idque
1735 1364 1916 1438 magis
1968 1365 2235 1440 expedire

299 1472 660 1547 judicaverit,
709 1476 875 1543 atque
924 1469 997 1525 ita
1047 1467 1551 1524 monothelitarum
1602 1464 1801 1521 haeresi
1848 1465 2071 1522 facilius
2123 1483 2236 1522 ser·
2299 1484 2306 1534 ζ

302 1570 472 1645 pendi
501 1589 699 1627 ansam
728 1567 1057 1644 praebuerit..
1088 1567 1306 1623 interea
1331 1584 1460 1622 vero
1491 1570 1711 1621 certum
1740 1570 1995 1621 remanet
2018 1565 2234 1622 nullam

301 1689 326 1725 a
346 1671 378 1725 h
406 1689 468 1726 eo
506 1670 715 1726 editam
746 1668 925 1725 fuisse
957 1686 1250 1725 erroneam
1279 1666 1406 1723 fidei
1445 1665 1856 1722 definitionem.

387 1771 439 1825 5⁰
468 1769 749 1844 Objiciunt
780 1768 1086 1825 adversarii
1116 1766 1371 1842 phrasim
1395 1765 1563 1823 istam
1592 1765 1924 1841 posterioris
1952 1764 2230 1840 epistolae:
2284 1781 2306 1822 .··.

307 1870 468 1927 Unius
509 1878 682 1926 antem
725 1870 1054 1942 operationis
1102 1869 1183 1924 vel
1226 1869 1453 1924 (Iu-arum
1491 1886 1605 1923 esse
1650 1868 1732 1923 vel
1773 1869 1942 1940 stt-isse
1984 1867 2234 1923 mediato-

302 1988 412 2025 rem
443 1970 533 2026 Dei.
573 1977 622 2025 et
650 1970 918 2026 hominum
954 1970 1135 2025 Jesum
1183 1969 1471 2037 Christum,
1519 1970 1716 2024 sentire
1748 1976 1798 2025 et
1831 1986 2082 2042 promere
2107 1969 2234 2024 satis

305 2072 542 2142 ineptum
590 2077 685 2124 est.
739 2069 829 2124 Sic
878 2086 1083 2143 nempe
1137 2075 1388 2141 arguunt
1434 2089 1443 2120 :
1502 2069 1705 2124 erravit
1751 2069 2032 2125 Honorius
2087 2067 2232 2125 circa

300 2168 522 2242 dogma,
554 2168 600 2223 si
627 2168 958 2243 proscripsit
987 2169 1189 2241 dogma
1213 2168 1556 2224 catholicum
1585 2169 1653 2224 de
1680 2168 1900 2225 duabus
1931 2168 1987 2223 in
2015 2168 2232 2223 Christo
2264 2141 2302 2343 ί

301 2266 727 2340 operationibus
764 2287 774 2319 :
833 2265 988 2338 atqui
1034 2271 1227 2340 aperte
1269 2266 1409 2321 illud
1450 2266 1652 2340 dogma
1688 2265 2042 2341 proscripsit,
2086 2265 2231 2320 vide-

297 2364 429 2420 licet
463 2382 561 2440 per
599 2365 713 2420 haec
758 2383 858 2420 sua
899 2364 1065 2420 verba
1096 2385 1106 2416 ι
1156 2364 1399 2438 Ineptum
1433 2373 1509 2421 est
1549 2366 1746 2420 sentire
1783 2365 2009 2420 duarum
2044 2382 2229 2439 opera-

297 2467 496 2519 tionum
536 2466 706 2536 fuisse
743 2464 928 2520 Jesum
960 2464 1249 2521 Christum.
1997 2531 2001 2535 ⁴

374 2561 685 2633 Respondeo
740 2564 953 2634 primo.-
1008 2561 1267 2637 Ineptum
1316 2562 1456 2619 dixit
1500 2562 1798 2632 HonoriuS,
1848 2581 1958 2619 non
2006 2568 2223 2620 tantum

296 2660 427 2714 (luas
469 2659 819 2734 operationes
859 2663 1077 2733 sentire,
1111 2662 1205 2718 sed
1234 2662 1404 2719 etiam
1448 2666 1678 2720 unicam.
1715 2664 1866 2720 Unde
1893 2663 1939 2720 si
1980 2683 2081 2720 vox
2105 2683 2222 2720 sen-

298 2761 396 2815 lire
431 2759 511 2815 ibi
540 2759 905 2833 intelligenda
933 2768 1080 2817 esset
1107 2769 1273 2836 prout
1306 2763 1504 2820 volunt
1533 2763 1864 2837 adversarii,
1894 2770 2222 2838 sequeretur

294 2858 363 2913 ab
395 2858 637 2914 Honorio
663 2876 846 2931 neque
873 2877 1045 2915 unam
1074 2879 1259 2934 neque
1283 2862 1570 2937 duplicem
1599 2863 1984 2938 operationem
2013 2862 2218 2920 admis-

295 2976 417 3014 sam
446 2957 643 3026 fui‘sse;
675 2958 834 3031 quod,
858 2976 1093 3033 prorsus
1119 2960 1430 3016 absurdum
1460 2968 1566 3033 est,
1594 2980 1725 3018 cum
1748 2980 2012 3038 expresse
2035 2962 2220 3019 doceat
2300 2942 2306 3036 ἶ

289 3058 591 3130 Honorius,
618 3057 867 3114 divinam
888 3058 1095 3115 Christi
1117 3066 1379 3117 naturam
1406 3068 1695 3137 operatam
1725 3062 1953 3138 propria
1977 3079 2074 3119 seu
2099 3076 2216 3134 quae
2301 3029 2306 3147 J

291 3155 598 3212 divinitatis
635 3162 789 3225 sunt,
832 3161 883 3213 et
932 3158 1243 3214 humanam
1288 3158 1501 3234 pariter
1538 3167 1825 3235 operatam
1871 3158 2118 3234 propria,
2162 3153 2215 3210 id
2297 3149 2305 3202 l

293 3263 398 3327 cst,
442 3274 505 3313 ea
545 3274 669 3331 quae
707 3256 894 3313 carnis
933 3265 1086 3314 sunt.
1126 3258 1553 3333 Interpretanda
1592 3277 1722 3334 ergo
1759 3266 1842 3316 est
1890 3278 1994 3316 vox
2024 3257 2215 3314 sentire

291 3371 350 3407 ex
380 3372 547 3430 scopo
580 3374 747 3429 quem
791 3355 1154 3431 prosequitur
1181 3357 1479 3428 Honorius,
1509 3357 1787 3414 nimirum
1820 3363 1881 3414 ut
1921 3354 2212 3412 omittatur
2263 3416 2267 3419 θ
2296 3347 2298 3359 ³

294 3451 407 3508 sive
439 3453 609 3510 unius
638 3454 751 3513 sive
779 3455 1020 3531 duplicis
1057 3456 1404 3532 operationis
1445 3457 1676 3529 locutio,
1710 3475 1782 3513 ne
1818 3455 2077 3512 oriantur
2106 3449 2212 3506 dis·
2280 3491 2285 3538 j

292 3551 579 3610 sensiones
607 3560 659 3610 et
702 3555 1028 3613 schismata.
1076 3557 1334 3633 Ineptum
1362 3575 1489 3630 ergo
1535 3563 1693 3615 vocat
1719 3556 1949 3612 illorum
1990 3551 2205 3625 sentire,
2279 3602 2282 3603 a

292 3647 390 3720 qui
415 3655 790 3712 necessariam
821 3658 1195 3733 pronuntiant
1231 3658 1346 3715 sive
1386 3658 1558 3714 unius
1589 3657 1704 3713 sive
1740 3653 1982 3736 duplicis
2019 3665 2207 3724 opera·
2276 3676 2279 3678 -
