2262 3990
871 169 996 217 mas
1022 167 1220 216 remu.
1894 166 1981 214 559

115 279 239 350 dus,
263 295 366 336 nec
390 277 679 353 dependeat
700 277 769 334 ab
791 275 906 333 ulla
922 275 1030 333 alia
1053 273 1294 332 interris
1314 276 1603 349 potestate,
1618 290 1733 331 non
1755 263 1976 349 poterit,

111 377 278 435 etiam
309 396 338 434 a
364 375 606 451 generali
640 374 899 445 concilio,
943 374 1110 432 eximi
1144 373 1296 434 ullus
1325 372 1626 449 Episcopus
1659 372 1727 429 ab
1771 370 1982 444 obliga-

108 473 263 532 tione
277 474 571 532 obediendi
593 473 747 549 Papae
780 470 1016 529 decretis
1050 470 1491 545 acjussionibuS.
1516 469 1772 542 Proinde,
1797 468 1852 526 in
1882 470 1982 546 hy-

107 571 325 650 pothesi
355 571 522 628 etiam
542 569 692 644 quod
711 587 900 626 omnes
917 567 1168 645 Episcopi
1188 569 1299 626 sint
1323 569 1413 626 hic
1427 574 1478 626 et
1495 587 1649 626 nunc
1673 567 1728 624 in
1748 567 1984 626 concilio

106 668 422 738 coadunati,
461 668 795 725 tenebuntur
825 666 1033 740 singuli
1070 667 1225 743 Papae
1255 667 1512 735 obedire;
1557 686 1678 742 quae
1720 665 1982 741 obligatio

107 765 455 839 singulorum
483 771 627 822 stare
656 763 870 839 nequit,
902 763 1039 837 quin
1068 769 1120 820 et
1153 769 1262 820 tota
1294 783 1486 821 eorum
1507 765 1740 822 collectio
1769 765 1981 841 pariter

105 861 325 921 obedire
348 867 621 919 teneatur.
661 893 730 905 —-
755 860 985 916 Eeontra
1035 860 1082 916 si
1111 878 1280 934 penes
1316 862 1696 920 collectionem
1736 869 1841 920 stet
1884 883 1979 939 po-

104 965 274 1017 testas
297 976 537 1032 suprema
560 963 612 1014 et
636 958 986 1031 independens
1014 957 1081 1012 ab
1104 956 1255 1012 omni
1274 957 1383 1013 alia
1413 958 1470 1013 in
1495 959 1658 1016 terris
1685 967 1976 1033 potestate,

105 1056 348 1130 legitime
370 1054 569 1130 poterit
610 1063 719 1112 tota
746 1054 976 1112 collectio
1007 1055 1161 1129 Papae
1203 1073 1313 1111 non
1349 1055 1594 1112 obedire.
1619 1057 1771 1120 Quod
1808 1059 1853 1115 si
1883 1062 1977 1115 toti

103 1140 390 1209 collectioni
420 1152 636 1209 licitum
660 1153 727 1209 sit
755 1172 863 1209 non
887 1152 1133 1222 obedire,
1167 1171 1292 1227 ergo
1319 1160 1372 1210 et
1394 1154 1613 1227 sinqulis
1632 1154 1976 1212 collectionis

105 1249 388 1306 membris.
416 1250 584 1323 igitur
610 1250 754 1322 quod
777 1250 1029 1306 Christus
1054 1268 1345 1323 supremam
1371 1257 1423 1307 et
1457 1253 1647 1306 nemini
1668 1253 1975 1308 subordina-

106 1356 210 1403 tam
243 1353 566 1421 potestatem
602 1348 919 1417 contulerit,
945 1336 1251 1422 tumPapae
1276 1350 1328 1404 in
1359 1349 1616 1422 singulos,
1645 1357 1763 1407 tum
1804 1351 1972 1407 etiam

106 1443 407 1518 Episcopali
435 1443 685 1516 collegi0‚
724 1450 803 1501 est
834 1445 967 1518 quid
997 1445 1325 1521 simpliciter
1342 1465 1659 1522 repugnans
1690 1453 1742 1504 et
1768 1448 1972 1523 impos-

106 1541 281 1597 sibile.
326 1541 473 1598 Unde
511 1561 638 1599 vcra
679 1550 930 1600 remanet
975 1547 1160 1618 absque
1199 1546 1306 1602 ulla
1346 1549 1644 1621 exceptione
1685 1548 1970 1604 Ballerinii

104 1638 394 1710 sententia,
430 1639 497 1695 de
534 1658 790 1716 suprema
818 1648 869 1698 et
898 1642 1110 1698 nemini
1146 1643 1506 1701 subordinata
1542 1653 1807 1722 potestate
1836 1668 1847 1700 :
1882 1649 1969 1719 qui

101 1753 162 1789 ea
187 1738 382 1807 fruitur
403 1739 452 1792 in
474 1739 697 1810 sinyulos
723 1739 1063 1809 distributive,
1089 1741 1286 1812 fruitur
1310 1745 1466 1798 etiam
1493 1743 1760 1800 collective
1786 1747 1833 1800 in
1863 1763 1970 1800 om-

93 1847 204 1885 nes.
223 1831 329 1886 Nec
347 1831 627 1887 debuisset
651 1832 979 1889 Ballerinius
1004 1834 1180 1889 ullum
1200 1853 1389 1901 casum
1409 1836 1676 1911 excipere.
1698 1838 1966 1895 Caeterum

95 1926 152 1983 in
177 1945 307 1984 casu
337 1947 502 2001 quem
534 1929 752 2004 excipit,
779 1949 1020 2005 suprema
1045 1938 1097 1987 et
1134 1934 1321 1987 nemini
1352 1934 1693 1991 subordinate
1721 1943 1965 2010 potestas

92 2042 203 2081 non
239 2032 410 2082 staret
438 2045 540 2083 nec
571 2045 738 2101 penes
762 2028 1118 2103 Praepositum
1151 2030 1410 2105 singulis,
1432 2052 1532 2091 nec
1566 2053 1735 2109 penes
1768 2037 1965 2095 collec-

93 2121 319 2180 tionem.

164 2219 421 2275 Probatur
463 2221 630 2277 11.-
661 2222 734 2277 Ex
777 2223 1059 2300 Scriptura
1113 2244 1288 2282 sacra.
1340 2227 1615 2285 Nimirum
1663 2232 1849 2305 opinio
1895 2233 1963 2290 de

86 2316 240 2390 Papae
263 2317 586 2374 auctoritate
614 2319 792 2392 quoad
815 2320 1109 2394 Episcopos
1134 2322 1487 2380 distributive
1518 2333 1769 2400 sumptos
1797 2347 1958 2403 supe-

87 2411 251 2485 riore,
313 2412 572 2469 inferiore
627 2422 811 2472 autem
853 2418 1034 2490 quoad
1080 2421 1297 2475 eosdem
1349 2422 1631 2480 collective
1681 2434 1954 2501 sumptOS‚

86 2527 312 2583 prorsus
345 2510 549 2567 absona
584 2520 688 2583 est,
722 2514 766 2569 si
793 2515 1111 2573 conferatur
1134 2537 1261 2574 cum
1284 2538 1452 2577 sacrae
1479 2522 1774 2597 Scripturae
1801 2528 1959 2582 texti-

85 2606 190 2663 bus
210 2606 438 2663 Romani
466 2608 737 2666 pontificis
769 2618 1093 2686 potestatem
1123 2616 1583 2690 exprimentibus.
1606 2606 1759 2693 Nam,
1793 2631 1956 2698 prout

88 2701 190 2776 ipsi
227 2703 391 2760 etiam
432 2705 590 2762 dictae
630 2707 908 2781 opinionis
955 2720 1385 2785 propugnatores
1445 2716 1722 2790 fatentur,
1772 2726 1954 2778 textus

87 2798 379 2869 evangelici
420 2800 621 2873 quibus
660 2811 884 2860 sanctus
916 2805 1107 2863 Petrus
1153 2827 1182 2864 a
1222 2809 1434 2868 Christo
1472 2816 1805 2871 constitutus
1850 2818 1950 2874 suit

89 2891 257 2948 totius
297 2893 552 2953 Ecclesiae
591 2901 999 2975 fundamentum,
1049 2924 1317 2978 agnorum
1360 2915 1411 2964 et
1454 2912 1640 2967 ovium
1681 2932 1953 2986 supremus

84 2995 279 3060 pastor,
311 2991 533 3062 fratrum
575 2999 922 3068 confirmator,
951 3007 999 3056 et
1038 3003 1148 3058 coeli
1177 3004 1420 3077 claviyer‚
1446 3007 1793 3081 intelligendi
1822 3019 1951 3067 sunt

0 3102 1 3107 ¹
85 3082 150 3137 de
181 3082 442 3141 Romanis
478 3087 825 3148 Pontificibus
864 3097 1038 3152 sancti
1090 3099 1234 3156 Petri
1277 3105 1715 3176 suecessoribUS,
1762 3106 1836 3163 ita
1891 3116 1951 3166 ut

87 3178 204 3235 istae
251 3183 617 3255 praerogativae
658 3188 963 3262 unicuique
1009 3193 1255 3252 Romano
1295 3199 1543 3255 Pontifici
1596 3202 1781 3259 divino
1819 3205 1947 3278 jure

81 3282 417 3351 competant.
470 3280 590 3334 lam
644 3301 768 3339 vero
822 3294 1084 3359 repugnat
1137 3290 1335 3365 Papam
1382 3314 1505 3352 esse
1548 3299 1943 3369 fundamentum

81 3372 248 3428 totius
267 3373 541 3432 societatis
567 3396 594 3432 a
622 3378 833 3436 Chiisto
866 3381 1153 3456 iustitutae,
1176 3387 1231 3443 id
1259 3397 1360 3459 est,
1392 3392 1560 3451 totius
1596 3396 1869 3472 Ecclesiae,
1894 3403 1939 3459 si

76 3468 357 3545 Episcopis
397 3473 676 3531 collective
716 3479 954 3554 sumptis
1000 3483 1298 3558 subjaceat.
1333 3488 1469 3546 Nam
1510 3493 1935 3557 fundamentum

79 3565 312 3643 alicujus
339 3571 612 3631 societatis
636 3594 743 3631 non
764 3578 910 3634 aliud
940 3586 1019 3637 est
1046 3600 1145 3639 nec
1165 3603 1284 3644 esse
1309 3594 1486 3662 potest
1515 3611 1680 3667 quam
1697 3616 1936 3672 suprema
