2306 4010
341 179 430 227 235
1019 170 1311 219 TRACTATUS
1342 170 1408 218 DE
1441 170 1569 218 ΡΑΡΑ
1578 207 1588 218 .

342 289 569 344 nionem
596 279 859 356 recipiat3
890 285 943 335 et
969 282 1162 334 tamen
1191 279 1523 336 haereticum
1551 279 1754 354 dogma
1779 298 1895 338 non
1924 282 2135 354 credat,
2157 302 2260 342 nec

341 384 601 444 defendat
624 379 710 436 vel
738 377 952 434 doceat.
979 376 1135 434 Unde
1161 378 1379 454 Papalis
1406 384 1565 437 actus
1597 379 1847 454 aliquem
1874 379 2183 456 recipiendi
2201 383 2261 440 in

337 478 826 551 communionem,
857 495 958 554 per
987 495 1047 536 se
1071 495 1186 535 non
1205 483 1289 536 est
1312 477 1567 536 definitio
1597 477 1730 536 fidei
1755 501 1766 548 3
1796 497 1901 537 nec
1928 479 2135 555 poterit
2156 500 2262 537 un-

339 599 511 654 quam
544 575 858 635 definitioni
890 576 1022 634 fidei
1066 577 1422 652 aequivalere.
1465 577 1528 635 Ut
1569 577 1903 652 aequivaleat
1950 578 2263 638 definitioni

337 675 487 746 fidei,
516 693 748 733 necesse
790 681 874 732 est
914 676 1240 734 Pontificem
1276 677 1648 753 pronuntiare
1680 677 1749 735 de
1782 678 1890 735 fide
1936 698 2106 753 quam
2135 699 2264 756 pro-

337 777 568 834 fitentur
599 775 639 833 ii
663 795 804 851 quos
844 776 903 832 in
930 778 1394 835 communionem
1428 777 1631 854 recipit
1655 800 1667 851 ;
1704 796 1805 836 seu
1832 797 2062 837 necesse
2089 786 2174 838 est
2203 787 2267 838 ut

339 876 695 953 superveniat
733 877 961 953 proprie
993 877 1142 935 dicta
1176 877 1306 935 fidei
1335 877 1607 934 definitio.

411 979 690 1035 Paoposmo
719 978 823 1034 lV³.
853 1012 914 1020 —
948 979 1174 1036 Etiamsi
1197 980 1377 1054 lapsas
1415 980 1585 1035 sancti
1614 978 1807 1036 Liberii
1837 982 2031 1055 suisset
2050 1001 2272 1039 erronea

339 1078 464 1150 fidei
504 1079 744 1152 definitio
786 1079 949 1155 (qaod
987 1081 1197 1136 omnino
1235 1079 1479 1153 περαίαν)
1523 1081 1660 1136 nihil
1707 1099 1773 1136 ea·
1821 1100 1906 1155 ea,
1951 1088 2134 1155 utpote
2166 1101 2272 1138 non

342 1178 508 1236 libera
533 1180 626 1236 sed
657 1181 812 1236 minis
847 1187 1083 1253 eaetorta,
1108 1180 1280 1255 eolliyi
1296 1188 1480 1255 posset
1504 1188 1689 1238 contra
1712 1182 1936 1238 Romani
1968 1183 2267 1258 PontificiS,

338 1279 497 1351 sidem
525 1298 590 1335 ea:
627 1279 879 1336 cathedra
907 1280 1229 1351 definientiS,
1268 1279 1724 1353 infallibilitatem.
1757 1315 1831 1322 —
1858 1281 1960 1337 Ubi
1989 1282 2177 1355 agitur
2205 1283 2273 1339 de

338 1378 467 1436 fidei
498 1378 949 1449 definitionibus,
981 1377 1095 1434 sive
1146 1397 1175 1433 a
1216 1378 1468 1434 Romano
1500 1378 1789 1449 Pontitice,
1821 1381 1936 1438 sive
1972 1389 2001 1438 a'
2035 1381 2271 1438 concilio

340 1475 687 1534 oecumenico
713 1475 902 1548 editis,
933 1495 1231 1550 nunquam
1268 1495 1332 1534 eo
1370 1477 1599 1534 nomine
1627 1477 2028 1552 intelliguntur
2057 1486 2152 1537 aut
2186 1482 2271 1537 in-

340 1575 516 1650 telligi
545 1581 784 1652 possunt
814 1594 891 1632 eze
914 1594 1037 1651 quae
1059 1576 1111 1632 vi
1140 1583 1237 1632 aut
1267 1584 1421 1633 metu
1448 1576 1669 1634 notorie
1698 1583 2134 1652 extorquentur,
2175 1579 2272 1636 sed

340 1675 739 1749 intelliguntur
773 1674 1064 1732 dumtaxat
1089 1675 1264 1732 libere
1297 1695 1359 1732 ac
1381 1677 1698 1734 voluntarie
1722 1678 1968 1753 prolatae.
2005 1677 2164 1735 Ratio
2188 1684 2273 1734 est

341 1775 474 1849 quia
507 1776 734 1849 quando
780 1775 909 1849 quis
943 1775 995 1832 vi
1044 1794 1107 1833 ac
1155 1783 1309 1833 metu
1346 1783 1573 1835 coactus
1614 1778 1969 1853 pronuntiat,
2022 1778 2273 1836 nescitur

343 1873 481 1949 quid
501 1875 853 1951 pronuntiet.
876 1877 1176 1950 Ignoratur
1202 1896 1406 1952 nempe
1436 1885 1569 1934 tunc
1593 1897 1665 1935 an
1691 1878 1840 1951 quod
1869 1885 2094 1935 externe
2114 1898 2271 1935 coac-

344 1980 436 2030 tus
458 1973 808 2051 pronuntiat,
841 1993 1039 2031 verum
1070 1983 1289 2050 reputet
1323 1996 1394 2031 an
1423 1977 1651 2034 salsum.
1684 1977 1920 2035 Proinde
1956 1997 2125 2034 suum
2155 1997 2274 2036 sen·

345 2091 471 2128 sum
515 2090 791 2145 suamque
830 2072 996 2128 fidem
1039 2091 1153 2128 non
1209 2073 1483 2143 declarat,
1534 2074 1630 2129 sed
1684 2073 1933 2147 ignotam
1977 2076 2268 2150 relinquit.

345 2170 581 2228 Proinde
607 2180 786 2227 coacta
811 2173 936 2244 fidei
970 2173 1232 2246 desinitz'O,
1267 2191 1379 2228 non
1413 2180 1496 2229 est
1524 2172 1796 2229 definitio.
1826 2174 1889 2230 Et
1916 2175 2020 2231 hoc
2043 2182 2153 2231 tam
2181 2196 2270 2233 ve-

346 2289 476 2326 rum
515 2278 599 2327 est
645 2270 712 2327 de
753 2271 991 2327 concilio
1035 2271 1381 2328 oecumenico
1419 2290 1590 2346 quam
1639 2272 1709 2328 de
1753 2273 1918 2348 Papa.
1958 2273 2012 2329 Si
2059 2283 2275 2334 constet

346 2370 571 2427 concilii
600 2370 860 2427 Patribus
890 2371 1003 2428 vim
1032 2371 1250 2427 illatam
1283 2371 1481 2442 fuisse,
1518 2391 1583 2428 ex
1618 2372 1722 2429 hoc
1749 2373 1868 2430 solo
1907 2373 2163 2449 ipsorum
2184 2359 2275 2433 dc-

347 2470 634 2528 fmitiones
671 2490 771 2546 pro
809 2471 984 2528 nullis
1014 2473 1295 2529 hahentur
1323 2478 1377 2529 et
1410 2472 1602 2529 haberi
1633 2473 1858 2530 debent.
1891 2474 2025 2531 Cum
2055 2494 2184 2550 ergo
2211 2496 2274 2534 ex

346 2568 484 2644 ipsis
513 2570 866 2627 documentis
891 2589 1016 2645 quae
1035 2571 1239 2629 Libcrii
1268 2573 1493 2648 lapsum
1517 2573 1842 2648 exprimunt
1865 2574 2032 2650 plane
2060 2583 2275 2634 constet

346 2668 560 2726 dictum
578 2669 903 2726 Pontificem
927 2670 1084 2726 exilii
1107 2670 1297 2743 taedio,
1329 2690 1392 2727 ac
1419 2671 1709 2729 intentatae
1744 2674 1944 2730 mortis
1965 2680 2179 2732 terrore
2205 2677 2271 2733 ad
2296 2676 2299 2702 ³

348 2767 828 2834 subscribendum
860 2766 1158 2827 Sirmiensi
1189 2771 1473 2840 formulae,
1508 2770 1998 2847 deserendumque
2040 2775 2273 2832 Athana-

349 2866 501 2924 sium
536 2871 589 2924 et
627 2866 979 2943 recipiendos
1010 2867 1068 2923 in
1102 2869 1563 2926 communionem
1601 2870 1934 2945 Orientales,
1966 2874 2272 2931 adductum

347 2965 545 3038 tuisse,
583 2966 808 3024 etiamsi
855 2967 973 3024 haec
1015 2985 1311 3024 erroneam
1357 2968 1487 3025 fidei
1531 2969 1920 3030 definitionem
1973 2974 2270 3032 constitue·
2300 2974 2306 3038 ‘J

349 3071 473 3122 rent
507 3066 682 3141 (quod
711 3065 996 3141 negatur),
1025 3065 1168 3123 nihil
1195 3066 1427 3124 omnino
1467 3069 1818 3127 adversarios
1849 3072 2134 3146 juvarent.
2174 3074 2270 3130 Rc-

351 3172 610 3224 maneret
642 3166 794 3223 enim
827 3165 1075 3222 defuisse
1101 3166 1330 3242 plenam
1359 3168 1699 3242 libertatem,
1735 3171 1857 3228 sine
1883 3192 1992 3247 qua
2026 3172 2270 3230 definitio

350 3265 479 3323 fidei
520 3265 744 3342 proprie
776 3254 923 3321 dicta
965 3265 1123 3321 nulla
1171 3265 1291 3322 dari
1331 3273 1533 3342 potest.
1577 3268 1635 3324 Id
1669 3271 1899 3346 exponit
1940 3271 2270 3330 Ballerinius

354 3364 442 3437 (de
473 3364 534 3423 Vi
560 3383 623 3421 ac
641 3365 866 3422 Ratione
897 3367 1184 3440 primatas‘,
1216 3385 1265 3422 c,
1299 3385 1382 3436 xv,
1406 3372 1430 3439 ξ
1452 3367 1507 3439 8,
1540 3384 1596 3422 n.
1625 3368 1718 3443 51)
1750 3369 1807 3426 in
1830 3370 1978 3429 hunc
2007 3358 2264 3429 modum:

358 3481 385 3510 «
418 3460 591 3518 Multo
629 3467 819 3519 autem
846 3461 1042 3519 minus
1066 3461 1179 3524 dici
1207 3468 1390 3538 potest
1419 3482 1640 3521 errasse
1675 3464 1734 3521 in
1771 3467 2096 3525 definitione
2120 3465 2266 3538 fidei,

358 3557 455 3629 qui
480 3560 548 3614 ad
577 3579 699 3617 eam
728 3562 1206 3638 subscriptionem
1241 3568 1294 3620 et
1324 3563 1571 3638 lapsum,
1594 3584 1708 3622 non
1727 3566 1870 3623 liber
1897 3567 2147 3638 omnino,
2178 3563 2269 3623 sed

359 3672 460 3731 per
523 3668 737 3715 metum
785 3668 1085 3718 externum
1138 3661 1542 3737 notoriumque
1585 3664 1863 3722 deductus
1907 3665 2030 3722 suit.
2083 3666 2267 3739 Neque
