2262 3990
626 221 781 269 moi-,x
809 220 968 268 mxu
998 180 1336 268 airammum
1363 217 1601 268 onoma.
1969 207 2057 265 '715

335 332 462 385 Prop.
489 330 542 372 1⁸.
570 350 622 360 —
643 329 735 371 Non
770 328 823 371 ob
857 327 974 370 aliud
1003 326 1173 370 erroris
1189 330 1410 370 accusatur
1429 323 1636 367 Honorius
1657 322 1784 377 Papa,
1800 333 1929 377 quam

386 398 440 439 ob
462 396 584 438 binas
605 406 703 438 suas
726 395 781 438 ad
802 394 997 448 Sergium
1025 394 1223 447 epistolas
1230 420 1922 439 ..............
1982 389 2060 431 51.)

333 474 462 527 Prop.
484 472 555 515 11·.
577 494 630 503 —
655 471 774 514 Solus
792 482 928 521 error,
955 481 1084 524 quem
1106 470 1160 512 ab
1183 468 1362 512 Honorio
1386 469 1431 510 in
1453 466 1575 510 dictis
1594 464 1775 520 epistolis
1791 476 1842 507 ex
1860 475 1933 507 ca-

379 538 528 580 thedra
551 538 690 581 doceri
710 538 974 581 contendunt
992 537 1236 587 adversarii,
1266 540 1327 579 est
1346 546 1469 577 error
1489 531 1823 576 monothelismi.
1862 563 1874 574 .
1911 565 1922 576 .
1980 531 2059 574 510

333 615 459 667 Prop.
483 614 576 655 111·.
590 635 644 644 —
665 614 713 655 ln
733 612 842 654 binis
858 612 1029 654 llonorii
1049 612 1251 665 epistolis,
1270 607 1386 653 ‘nulla
1404 608 1574 663 prorsus
1595 611 1710 650 extat
1727 606 1928 658 definitio,

382 680 693 722 monothelismi
712 680 909 722 haeresim
932 679 1149 722 continens
1152 708 1759 724 .............
1852 704 1867 718 .
1904 704 1916 716 .
1977 671 2055 713 516

331 754 457 807 Prop.
492 753 576 795 11⁴.
601 777 656 786 —
679 755 800 796 Sexta
831 753 1038 806 generalis
1074 753 1259 806 synodus
1290 750 1516 793 Honorium
1539 748 1749 791 damnavit
1778 759 1862 791 non
1883 759 1933 790 eo

378 820 490 873 quod
509 819 705 862 haeresim
727 819 930 871 docuerit,
954 820 1027 861 sed
1048 819 1267 861 dumtaxat
1286 829 1335 860 ex
1350 830 1399 859 eo
1416 816 1528 870 quod
1543 814 1754 858 haereticis
1767 813 1932 856 faverit.
1984 811 2063 853 528

277 892 358 947 54.
383 917 434 925 —
458 893 648 936 Secunda
672 894 863 935 defensio
884 905 894 933 z
921 894 969 934 ln
991 892 1101 934 binis
1126 893 1211 934 suis
1233 892 1421 945 epistolis
1447 903 1533 932 non
1556 889 1699 932 docuit
1725 888 1930 930 Honorius

328 973 380 1001 ex
403 961 618 1010 εαεΙιειΙνα,
644 961 716 1002 sed
739 967 941 1012 tanquam
964 948 1137 1013 [krsona
1158 960 1318 1012 privata
1327 983 1920 1003 ............
1981 954 2059 995 555

282 1035 307 1086 g
326 1034 364 1075 5.
385 1057 438 1065 —
457 1034 593 1075 Tertia
614 1034 798 1075 defensio
816 1048 826 1075 ;
847 1034 1027 1075 Conficta
1045 1039 1146 1075 sunt
1164 1038 1239 1075 aut
1252 1033 1502 1085 interpolata
1518 1043 1613 1084 quae
1630 1034 1774 1072 contra
1797 1029 1934 1070 Hono-

326 1099 442 1140 rium
468 1100 742 1152 proferuntur
771 1101 1036 1149 documenta,
1069 1105 1227 1151 praeter
1253 1098 1567 1153 pronuntiatam
1584 1110 1608 1138 a
1629 1102 1746 1138 sexta
1777 1097 1932 1148 synodo

326 1165 736 1216 condemnationem;
770 1168 842 1208 sed
882 1167 1094 1208 damnatio
1133 1168 1223 1208 haec
1253 1167 1338 1207 vim
1375 1165 1619 1207 oecumenici
1656 1164 1817 1205 decreti
1848 1175 1932 1204 non

326 1233 468 1282 habet,
488 1239 632 1286 utpote
650 1247 672 1275 a
691 1234 885 1278 Romanis
905 1235 1175 1276 Pontificibus
1192 1246 1409 1288 nunquam
1426 1238 1594 1285 recepta
1603 1262 1923 1275 .......
1984 1231 2061 1272 558

328 1309 453 1360 Prop.
486 1309 535 1349 1⁸.
564 1309 682 1349 —ln
706 1321 754 1349 ea
784 1315 900 1362 parte
925 1309 1159 1350 litterarum
1185 1308 1357 1350 Honorii
1386 1320 1514 1360 quam
1544 1312 1706 1348 constat
1734 1319 1825 1349 esse
1858 1319 1933 1347 au-

378 1378 616 1427 thenticam,
634 1379 784 1419 falsum
799 1379 971 1420 omnino
988 1385 1051 1420 est
1074 1379 1285 1420 contineri
1304 1375 1620 1420 monothelismi
1637 1377 1849 1418 haeresim.
1863 1407 1872 1415 .
1912 1410 1920 1419 .
1982 1376 2058 1416 558

325 1452 450 1503 ΡιὈμ.
474 1453 546 1492 ΙΙ·.
563 1476 615 1483 -
638 1452 757 1493 Prior
778 1454 948 1505 epistola
975 1453 1160 1505 Honorii‚
1177 1454 1313 1506 quoad
1340 1465 1409 1495 eas
1428 1458 1567 1505 par-tes
1585 1451 1752 1504 quibus,
1773 1451 1859 1492 sive
1875 1451 1928 1492 cle

379 1518 502 1559 unius
526 1518 613 1559 sive
639 1518 692 1559 de
719 1519 905 1572 duplicis
934 1521 1189 1574 operationis
1205 1521 1403 1562 vocabulo
1435 1520 1648 1561 silentium
1667 1519 1878 1568 indicitur,
1908 1532 1931 1559 a

380 1587 664 1627 monothelitis
697 1588 948 1640 interpolata
973 1595 1060 1637 est;
1086 1590 1295 1641 posterior
1315 1599 1413 1630 vero
1444 1588 1620 1640 epistola
1649 1586 1821 1627 omnino
1850 1585 1933 1626 suit

381 1654 431 1693 ab
451 1653 549 1705 ipsis
568 1655 742 1695 conficta
751 1684 1916 1699 .......................
1981 1652 2058 1691 040

339 1730 462 1782 Prop.
491 1730 652 1770 111·.—
677 1731 880 1772 Honorius
895 1732 1003 1784 Papa
1024 1744 1100 1774 nec
1117 1733 1195 1773 fuit
1214 1733 1355 1773 fautor
1378 1731 1772 1772 monothelistarum
1794 1730 1933 1769 haere-

390 1808 493 1845 seos,
519 1809 596 1837 nec
624 1797 667 1838 in
700 1799 968 1851 reprimenda
1000 1800 1070 1840 illa
1095 1800 1245 1842 haeresi
1267 1800 1500 1853 negligens,
1524 1799 1596 1839 scd
1615 1803 1728 1839 recte
1751 1798 1935 1838 osticium

387 1875 511 1903 snum
536 1864 722 1916 implevit
728 1894 1921 1911 ........................
1983 1863 2064 1904 058

338 1939 462 1991 Prop.
485 1940 567 1980 11³.
587 1962 639 1970 —
668 1940 964 1983 Condemnatus
987 1941 1158 1994 quidem
1182 1943 1261 1983 suit
1299 1941 1507 1983 Honorius
1539 1942 1582 1981 in
1615 1945 1729 1981 sexta
1752 1940 1937 1991 generali

386 2005 539 2056 synodo
563 2006 612 2045 ab
644 2006 925 2048 Orientalibus
956 2008 1179 2059 episcopis;
1211 2009 1285 2048 sed
1319 2009 1397 2048 ista
1433 2006 1724 2048 condemnatio
1743 2006 1828 2046 vim
1852 2018 1936 2046 non

388 2072 529 2112 habuit
541 2073 689 2124 judicii
706 2075 957 2116 oecumenice
982 2077 1247 2128 pronuntiati
1260 2107 1928 2119 ..............
1990 2075 2068 2115 549

338 2138 464 2188 Prop.
495 2138 554 2178 Ρ.
578 2162 632 2168 -—
657 2139 887 2179 Hadrianus
912 2141 1019 2190 Papa
1055 2141 1090 2180 ΙΙ
1126 2153 1210 2181 non
1234 2141 1340 2182 dixit
1365 2141 1685 2181 condemnatum
1706 2141 1832 2181 fuisse
1854 2140 1940 2181 Ho-

390 2205 559 2244 norium
582 2218 679 2246 cum
707 2219 911 2247 consensu
930 2209 1046 2248 Sedis
1068 2210 1303 2260 apostolicae
1311 2237 1928 2252 .............
1991 2207 2069 2248 552

338 2271 462 2322 Prop.
490 2272 570 2312 Vn.
593 2294 646 2301 —
666 2272 780 2317 Quod
810 2274 984 2315 Honorii
1017 2275 1307 2317 condemnatio
1327 2276 1415 2316 vim
1434 2275 1633 2316 habuerit
1656 2275 1809 2327 judicii
1826 2287 1943 2316 oecu-

390 2342 552 2381 menice
578 2341 853 2392 pronuntiati,
877 2354 1144 2395 nequaquam
1167 2345 1374 2396 probatur
1390 2356 1438 2384 ex
1456 2356 1504 2384 eo
1525 2345 1636 2395 quod
1660 2345 1702 2384 in
1727 2344 1829 2385 actis
1852 2356 1942 2397 sep-

389 2408 503 2448 timae
521 2414 563 2449 et
583 2415 737 2450 octavae
755 2410 966 2460 generalis
986 2412 1131 2462 synodi
1155 2412 1311 2453 iterum
1332 2412 1478 2453 eadem
1499 2413 1788 2453 condemnatio
1813 2423 1940 2465 repe-

387 2475 1923 2522 riatur
1987 2479 2063 2519 554

338 2543 463 2596 Prop.
496 2543 599 2585 ΠΡ.
622 2567 675 2575 -
700 2545 896 2587 Genuinae
925 2558 1008 2587 non
1032 2552 1129 2588 sunt
1157 2551 1241 2588 tres
1266 2548 1452 2600 epistolae
1482 2548 1626 2589 Leonis
1650 2547 1701 2595 ΙΙ,
1727 2559 1751 2588 e
1779 2548 1933 2599 quibus

389 2617 576 2662 arguunt
599 2612 824 2654 adversarii
846 2614 1132 2655 confirmatam
1156 2615 1282 2656 fuisse
1302 2616 1353 2656 ab
1374 2617 1445 2656 illo
1467 2616 1669 2657 Pontifice
1683 2620 1839 2656 sextam
1863 2627 1931 2667 ge-

392 2680 579 2720 neralem
618 2681 836 2733 synodum,
871 2682 998 2723 etiam
1033 2684 1166 2735 quoad
1197 2684 1510 2735 pronuntiatam
1536 2689 1680 2726 contra
1702 2683 1929 2724 llonorium

393 2748 662 2788 anathematis
681 2749 930 2790 sententiam
938 2776 1989 2795 .....................
1994 2750 2060 2788 »⁰4

338 2814 464 2866 Prop.
496 2816 616 2857 V111=.
641 2839 692 2847 —
719 2817 910 2859 Formula
936 2817 1031 2858 fidei
1051 2830 1179 2870 quam
1198 2819 1299 2859 olim
1326 2819 1521 2860 emittere
1540 2818 1727 2860 solebant
1754 2817 1927 2858 Romani

390 2881 606 2924 Pontifices
637 2884 799 2926 noviter
826 2886 963 2935 electi,
992 2898 1074 2928 non
1096 2899 1142 2928 ea
1171 2891 1234 2928 est
1255 2899 1381 2938 quam
1404 2888 1591 2927 continet
1611 2886 1727 2927 Liber
1749 2885 1927 2926 diurnus

390 2950 441 2989 ab
462 2950 670 2992 llolstenio
694 2958 736 2994 et
762 2953 958 2995 Garnerio
979 2955 1129 3003 editus,
1161 2960 1203 2995 et
1232 2966 1326 3006 quae
1351 2955 1579 2995 llonorium
1603 2959 1794 2995 recenset
1817 2954 1931 2994 inter

391 3016 605 3059 damnatos
630 3018 874 3069 haereticos3
917 3021 990 3061 sed
1023 3021 1103 3062 alia
1136 3022 1310 3070 diversa,
1342 3033 1437 3074 quae
1472 3022 1523 3064 de
1552 3020 1732 3063 Honorio
1756 3033 1930 3074 prorsus

393 3083 489 3123 silet
500 3111 1924 3132 ............................
1985 3085 2061 3126 559

337 3150 462 3203 Prop.
483 3151 569 3193 ΙΧ·.
588 3174 640 3182 -
664 3153 779 3198 Quod
808 3152 855 3194 in
883 3155 1066 3206 antiquis
1094 3154 1314 3196 Breviariis
1355 3155 1540 3196 romanis
1575 3156 1685 3196 inter
1715 3154 1933 3195 damnatos

397 3218 611 3260 haereticos
633 3220 874 3273 reperiatur
894 3221 1063 3263 Honorii
1085 3234 1256 3270 nomen,
1280 3234 1364 3263 non
1388 3218 1536 3275 probat
1564 3228 1773 3275 receptam
1806 3222 1936 3263 fuisse

392 3282 440 3321 ab
464 3283 691 3333 Apostolica
725 3286 829 3327 Sede
865 3286 1251 3328 condemnationem
1283 3285 1327 3327 in
1359 3292 1472 3328 sexta
1494 3287 1647 3340 synodo
1670 3292 1815 3328 contra
1844 3287 1930 3328 Ho-

390 3350 558 3391 noi-ium
574 3355 885 3405 pronuntiatam
891 3383 1919 3399 ....................
1979 3354 2053 3395 561

339 3421 467 3473 Prop.
496 3421 562 3460 Χ·.
583 3442 636 3451 -
660 3420 742 3461 Seu
766 3421 976 3463 conclusio
998 3432 1050 3462 ex
1067 3421 1403 3474 praecedentibus
1408 3449 1919 3464 ...........
1978 3420 2055 3460 565

288 3488 313 3540 5
331 3487 371 3528 6.
396 3510 447 3519 -
466 3488 624 3537 Quarta
644 3487 856 3530 defensio:
875 3500 958 3541 qua
980 3493 1158 3541 negatur
1174 3488 1302 3530 etiam
1321 3493 1507 3531 actorum
1522 3492 1649 3531 sextae
1666 3487 1811 3541 synodi
1835 3487 1923 3529 sin-

339 3555 486 3596 ceritas
494 3585 1915 3601 ............................
1972 3555 2050 3596 565

286 3622 311 3674 s
335 3621 372 3662 7.
391 3645 444 3654 —
468 3621 682 3665 Conclusio
707 3623 849 3675 capitis
875 3635 885 3664 :
909 3624 1133 3677 Pei-peram
1168 3623 1324 3666 scilicet
1351 3627 1495 3666 contra
1513 3622 1684 3667 Romani
1710 3623 1921 3667 Pontificis
