2306 4010
328 168 416 217 156
1000 158 1296 208 TRACTATUS
1325 157 1391 205 DE
1421 159 1569 206 PAPA.

328 277 554 334 toritate
579 273 820 331 clavium
854 267 960 325 sihi
998 265 1336 322 traditarum
1380 283 1411 322 a
1445 267 1689 340 Christe,
1735 268 2077 328 determinat
2119 290 2240 332 esse

325 392 542 438 verum3
577 375 629 426 et
651 369 798 444 quod
826 363 1161 422 determinat
1189 382 1309 420 esse
1331 365 1541 422 falsum
1572 374 1625 424 et
1657 367 2007 452 haereticum,
2029 370 2238 429 falsum

323 480 376 529 ct
419 470 744 527 haereticum
791 467 861 522 sit
904 465 1287 522 censendum?
1322 487 1349 519 »
1395 466 1572 542 (Apud
1617 467 1982 541 Rainaldum‚
2026 470 2095 526 ad
2144 489 2240 528 an·
2304 532 2306 535 ,

322 561 458 628 num
495 566 686 639 1551.)
720 565 881 621 Juxta
916 565 1268 622 Gallicanum
1298 573 1564 644 systema,
1598 567 1821 625 licitum
1851 575 1933 626 est.
1964 588 2123 626 veras
2154 588 2239 628 re—
2303 557 2306 562 Α

318 676 516 744 putare
548 664 984 741 propositioneS,
1030 684 1170 740 quas
1209 667 1378 723 falsas
1423 673 1476 724 et
1517 668 1803 726 haereticas
1847 669 2238 745 pronuntiavit
2297 642 2306 738 l

315 766 457 839 Papa
485 762 659 831 soluS,
690 762 904 836 absque
945 763 1184 820 concilio
1218 764 1568 820 oecumenico
1615 771 1669 822 et
1709 771 1837 822 ante
1884 766 2235 823 accedentem
2303 795 2306 799 ⁴

314 863 572 920 Ecclesiae
603 881 964 933 consensum3
1000 864 1282 937 siquidem
1315 864 1371 919 in
1418 864 1521 921 hoc
1552 883 1711 936 casu,
1747 868 1906 941 juxta
1937 866 2086 922 idem
2119 885 2236 942 sys-

314 968 484 1032 tema,
533 961 677 1035 Papa
723 979 911 1018 errare
962 966 1162 1036 potest.
1216 960 1337 1017 Jam
1385 979 1513 1018 vero
1566 962 1737 1036 hujus
1781 963 2102 1038 systematis
2152 983 2236 1020 se-

308 1079 536 1137 quaceS,
567 1063 624 1118 in
670 1069 947 1137 quantum
981 1063 1037 1118 id
1071 1062 1140 1118 ad
1185 1063 1409 1138 praxim
1455 1063 1765 1134 deducunt,
1816 1081 1977 1120 veras
2022 1065 2234 1122 scilicet

306 1164 621 1239 reputando
649 1165 1064 1240 propositiones
1092 1183 1232 1239 quas
1261 1164 1413 1221 solus
1450 1165 1595 1240 Papa
1636 1165 2016 1241 pronuntiavit
2060 1166 2234 1222 falsas

305 1268 356 1316 et
396 1262 711 1334 haeretica,
757 1282 786 1318 a
818 1261 1100 1318 Clemente
1133 1261 1197 1316 VI
1241 1261 1603 1319 declarantur
1646 1262 1931 1319 adhaerere
1963 1258 2234 1319 doctrinae

304 1362 460 1434 falsae
492 1366 544 1417 et
587 1362 866 1427 haereticae;
910 1379 1033 1431 seu,
1075 1360 1225 1434 quod
1256 1359 1406 1416 idem
1429 1367 1536 1433 est,
1580 1360 1945 1417 declarantur
1980 1362 2228 1419 haeretici.

304 1458 411 1515 Nec
437 1466 655 1534 poterat
691 1460 947 1517 Clemens
973 1460 1035 1514 vl
1061 1459 1117 1514 id
1161 1458 1365 1514 fortius
1405 1447 1719 1531 declarare,
1756 1477 1929 1531 quam
1961 1458 2233 1530 exigendo

305 1564 367 1613 ut
413 1559 716 1614 crederetur
761 1560 1078 1629 haereticam,
1129 1557 1278 1630 quod
1336 1556 1450 1613 tale
1511 1556 1899 1632 pronuntiavit
1945 1555 2233 1612 Romanus

304 1654 574 1711 Pontifex.

384 1755 667 1810 Pnorosmo
714 1756 797 1811 11³.
840 1790 910 1797 —
955 1756 1201 1830 Opinioni
1244 1755 1308 1811 de
1357 1756 1685 1829 sallibilitate
1732 1755 1916 1828 Papae,
1976 1763 2232 1826 quatenus

310 1857 627 1929 eoeprimitur
658 1874 757 1928 per
801 1857 1090 1928 formulam
1134 1874 1239 1928 qua
1285 1874 1411 1911 usus
1457 1863 1535 1910 est
1594 1855 1764 1909 clerus
1824 1853 2130 1910 Gallicanas
2176 1855 2232 1908 in

312 1954 674 2011 declaratione
722 1958 845 2011 anni
901 1955 1072 2025 1682,
1136 1957 1370 2010 nondum
1410 1955 1573 2009 ullam
1626 1962 1809 2009 notam
1886 1953 2229 2025 theoloyicam

309 2055 501 2108 inussit
548 2053 709 2110 Sedes
756 2035 1067 2127 apostolica.
1106 2086 1175 2093 —
1214 2052 1436 2109 Etenim
1475 2051 1787 2107 Alexander
1827 2051 1936 2106 VIII
1971 2050 2028 2105 in
2075 2049 2229 2106 bulla

309 2170 408 2208 sua
438 2151 588 2208 Inter
616 2153 927 2226 multiplices
965 2152 1099 2208 dicit
1134 2152 1364 2226 quidem
1397 2174 1407 2206 :
1439 2151 1801 2225 Improbamas
1838 2152 2014 2205 omnia
2046 2159 2094 2204 et
2125 2152 2232 2204 sin-

306 2251 428 2324 yala
463 2269 577 2323 qaae
619 2254 671 2306 in
711 2252 860 2306 dictis
906 2253 1130 2306 comitiis
1184 2251 1356 2322 quoad
1402 2250 1816 2305 declarationem
1867 2248 1932 2302 de
1967 2255 2231 2321 potestate

307 2351 660 2406 ecclesiastica
699 2367 758 2404 ac
786 2357 1011 2422 quatuor
1038 2351 1092 2409 in
1124 2366 1185 2403 ea
1222 2355 1491 2403 contentas
1526 2347 1924 2420 propositiones
1953 2348 2006 2401 in
2037 2363 2231 2418 supra-

308 2451 460 2505 dictis
511 2450 731 2505 comitiis
778 2457 925 2523 qesta
967 2450 1205 2521 fuerant.
1252 2448 1318 2503 At
1372 2446 1589 2502 nullam
1617 2445 1773 2502 addit
1799 2451 1992 2502 notam
2018 2444 2230 2500 theolo-

308 2546 512 2619 gicam.

384 2644 445 2698 In
480 2642 635 2698 hulla
661 2643 943 2698 Auctorem
977 2643 1101 2713 fidei
1132 2642 1328 2698 eadem
1357 2641 1566 2697 iterum
1600 2640 1938 2716 exprimitur
1965 2640 2228 2715 reproba-

309 2741 408 2797 tio.
433 2740 610 2795 Immo
637 2740 714 2796 ibi
746 2740 954 2795 dicitur
982 2734 997 2794 :⁴
1019 2740 1376 2812 Reprobamas
1409 2742 1750 2814 adoptionem
1775 2723 1962 2796 horum
1990 2739 2226 2814 (scilicet

311 2846 553 2914 quatuor
572 2839 940 2896 articulorum
963 2837 1095 2895 anni
1116 2838 1285 2911 1682)
1309 2842 1361 2894 in
1383 2841 1584 2911 synodo
1610 2840 1977 2914 (Pistoriensi)
2001 2843 2223 2913 factam,

309 2941 447 2997 velat
494 2943 855 3008 temerariam,
912 2939 1305 3008 scandalosam,
1350 2957 1410 2994 ac
1462 2939 1770 3012 apostolica?
1827 2939 1955 2995 Sedi
2007 2932 2227 3013 injurio-

308 3059 442 3096 sam.
483 3039 588 3097 Sed
615 3039 736 3097 istae
778 3028 922 3095 notae
966 3038 1177 3095 cadunt
1223 3038 1431 3094 directe
1466 3037 1526 3092 in
1568 3038 1903 3111 adoptionem
1945 3037 2225 3095 dictorum

307 3138 711 3206 articulorum;
745 3156 858 3194 non
899 3145 1087 3195 autem
1123 3155 1383 3214 expresse
1411 3145 1461 3194 et
1505 3137 1718 3194 directe
1758 3139 1817 3193 in
1847 3138 1998 3214 ipsos
2025 3139 2227 3196 articu-

307 3237 411 3292 los,
442 3239 505 3294 Et
537 3238 794 3311 quamvis
841 3237 1138 3294 ratiocinio
1182 3237 1469 3294 evidenter
1507 3237 1800 3294 evincatur
1835 3237 2035 3294 iisdem
2075 3238 2224 3295 notis

308 3336 506 3410 dignos
529 3356 650 3395 esse
678 3338 963 3410 articuIOS,
998 3337 1206 3411 quibus
1238 3337 1467 3411 dignam
1506 3337 1847 3394 existimavit
1871 3337 2000 3393 Pius
2038 3338 2102 3393 VI
2131 3357 2221 3395 eo·
2288 3381 2306 3388 a

308 3452 439 3489 rum
477 3437 837 3510 adoptionem,
879 3443 1070 3493 tamen
1108 3443 1362 3494 remanet
1399 3437 1655 3513 ipsismet
1705 3437 1964 3494 articulis
2004 3437 2222 3495 inustas

311 3548 424 3585 non
464 3530 640 3588 fuisse
672 3535 848 3592 dictas
890 3542 1072 3593 notas·
1208 3527 1212 3530 ’

386 3627 599 3684 Pariter
628 3629 686 3684 in
717 3650 885 3706 supra
924 3633 1111 3691 citatis
1156 3635 1456 3709 encyclicis
1498 3632 1704 3690 litteris
1745 3630 1824 3686 Pii
1853 3631 1918 3686 IX
1958 3616 2220 3706 expresse
