2306 4010
250 117 310 163 44
918 112 1207 162 TRACTATUS
1239 111 1304 156 DE
1335 109 1501 158 PAPAs

327 225 382 280 ⁶2⁰
415 224 708 281 Abstinere
749 241 960 306 omnes.
983 219 1326 288 debuissent,
1374 212 1440 274 ex
1479 236 1544 277 eo
1585 221 1736 294 quod
1775 216 2055 296 ageretur>
2086 222 2156 279 de
2214 263 2220 269 -

247 322 579 380 celebrando
603 328 880 378 conventu
903 325 1317 392 repraesentante
1343 317 1615 375 concilium
1635 321 2152 378 nationale.—Nam

244 421 304 476 in
338 420 828 496 procurationibus
863 434 1104 490 quarum
1142 416 1442 473 formulam
1482 417 1824 490 gubernium
1855 419 2152 496 praescrip-

243 526 413 590 serat,
455 525 509 575 et
554 535 677 591 quae
719 515 999 590 deputatis
1046 534 1077 571 a
1119 516 1268 572 clero
1315 514 1393 591 (id
1436 520 1540 585 est,
1582 513 1889 589 designatis
1928 537 1958 574 a
1999 519 2150 592 rege)

240 618 459 674 traditae
493 622 647 686 sunt,
684 633 946 690 expresse
981 622 1346 690 nuncupatur
1372 618 1679 670 conventus
1709 613 1829 684 ille,
1869 617 2154 672 assemblde

238 715 481 788 qe'ndrale
521 715 950 771 extraordinaire
986 714 1056 769 du
1089 715 1276 786 clerqe',
1329 717 1699 787 representaret
1736 713 1783 768 Ie
1824 713 2019 769 concile
2059 732 2152 769 na-

238 812 782 888 tional,(quod‘vide
819 813 1264 869 Procas-verbatim
1305 813 1375 868 du
1415 813 1604 884 clerae,
1640 818 1682 867 t.
1718 809 1778 883 V,
1809 830 1865 886 p.
1905 809 2014 869 205
2053 811 2151 868 des

241 912 417 968 Pieres
450 914 857 985 justificatives).
891 911 1067 986 Igitur
1094 911 1191 985 qui
1218 911 1284 966 ad
1329 911 1435 966 ista
1467 909 1695 966 comitia
1738 915 2148 981 convenerunt,

234 1012 290 1068 in
334 1013 484 1067 bunc
514 1011 683 1068 finem
716 1029 1022 1068 convenere
1067 1017 1125 1067 ut
1157 1013 1431 1067 concilium
1463 1009 1735 1066 naaonale
1773 1008 2145 1066 celebrarent.
2221 1067 2225 1069 ,
2304 997 2306 1002 ’

232 1111 399 1167 Porro
426 1111 742 1185 legitimum
771 1130 893 1169 esse
923 1111 1118 1185 nequit
1145 1111 1451 1168 concilium
1488 1110 1795 1180 nationale,
1829 1109 1942 1167 nisi
1977 1110 2150 1166 inter-

230 1211 413 1266 veniat
454 1210 688 1268 Romani
731 1211 1010 1268 Pontificis
1055 1211 1383 1282 auctoritas,
1422 1229 1484 1266 ac
1523 1210 1632 1266 nisi
1680 1211 1789 1266 rite
1833 1210 2044 1267 vocatis
2094 1217 2148 1266 'et

231 1310 492 1367 admissis
527 1311 790 1367 omnibus
822 1312 1129 1386 Episcopis.
1160 1312 1212 1367 Si
1253 1322 1417 1368 secus
1446 1311 1561 1381 fiat,
1599 1330 1717 1368 non
1745 1319 1824 1368 est
1865 1311 2149 1367 nationale

228 1407 554 1479 concilium,
596 1409 692 1464 sed
739 1409 1121 1465 latrocinium.
1164 1411 1285 1465 Jam
1319 1428 1448 1465 vero
1488 1409 1556 1464 ad
1600 1417 1938 1467 conventum
1983 1410 2148 1465 illuni

230 1508 363 1563 anni
404 1508 572 1578 1682,
615 1526 728 1564 non
762 1509 940 1565 vocati
981 1527 1179 1565 omnes
1221 1507 1528 1564 Galliarum
1571 1507 1852 1582 Episcopi,
1902 1526 2015 1563 non
2055 1508 2149 1564 ad-

230 1607 387 1662 missi
414 1625 631 1675 omnes,
664 1626 775 1663 non
809 1627 838 1663 a
877 1608 1113 1682 primate
1153 1613 1207 1663 et
1229 1606 1463 1663 Romani
1498 1605 1780 1663 Pontificis
1813 1607 2149 1664 auctoritate
2221 1657 2229 1663 .

232 1706 373 1762 facta
402 1706 631 1763 indictio
661 1714 712 1763 et
746 1707 1035 1774 adunatim
1069 1707 1165 1762 sed
1194 1725 1258 1763 ex
1291 1724 1633 1780 unaquaque
1667 1705 1951 1780 provincia
1980 1706 2148 1762 66616-

233 1804 453 1862 siastica
490 1805 600 1861 duo
645 1806 937 1862 dumtaxat
981 1806 1234 1882 Episcopi
1273 1813 1325 1862 et
1370 1806 1480 1861 duo
1519 1805 1733 1875 clerici,
1770 1824 1800 1861 a
1834 1824 1963 1879 rege
2002 1806 2147 1862 desi-

232 1904 405 1978 gnati,
447 1906 611 1979 jussu
644 1907 796 1980 regio
840 1913 1242 1963 convenerunt.
1289 1905 1523 1962 Proinde
1569 1912 1750 1962 coetus
1792 1906 1907 1977 ille,
1955 1913 2147 1982 utpote

233 2002 328 2076 qui
374 2022 484 2059 non
527 2005 883 2062 adunabatur
920 2011 1195 2079 tanquam
1227 2005 1427 2061 solitus
1463 2011 1768 2062 conventus
1805 2004 1936 2061 cleri
1984 2005 2147 2061 Galli-

231 2102 377 2174 cani,
409 2101 503 2158 sed
530 2109 799 2175 tanquam
831 2102 1105 2158 concilium
1133 2103 1425 2172 nationale,
1466 2109 1519 2158 et
1549 2109 1607 2158 ut
1635 2102 1936 2158 concilium
1965 2102 2144 2158 natio-

231 2200 358 2255 nale
389 2206 596 2273 ageret,
632 2200 737 2257 fuit
772 2201 1000 2257 omnino
1027 2200 1494 2257 anti-canonicus,
1525 2201 1675 2256 Nulli
1708 2218 1837 2274 ergo
1863 2201 1942 2257 sic
1970 2201 2144 2276 depu-

229 2307 474 2355 tatorum
522 2300 606 2356 fas
641 2300 749 2356 fuit
786 2301 957 2356 talem
1001 2308 1335 2357 conventum
1390 2301 1693 2359 celebrare.
1747 2302 2143 2376 Unusquisque

230 2398 462 2472 scilicet,
493 2401 578 2454 vel
617 2417 682 2454 ex
716 2401 819 2455 hoc
861 2385 1010 2473 quod
1044 2418 1155 2456 non
1191 2407 1529 2474 protestatus
1567 2401 1638 2456 sit
1681 2407 1875 2457 contra
1911 2408 2142 2475 praeten-

230 2496 446 2551 sionem
484 2495 641 2551 illam
688 2499 957 2551 nationale
997 2500 1274 2555 concilium
1314 2499 1761 2570 repraesentandi,
1806 2498 2140 2554 intrusionis

230 2599 283 2647 et
321 2592 536 2648 violatae
576 2593 717 2665 legis
757 2594 1147 2649 ecclesiasticae
1192 2612 1354 2649 reum
1406 2613 1465 2650 se
1514 2594 1666 2663 fecit,
1714 2612 1777 2651 ac
1819 2597 2142 2670 praevarica-

231 2694 429 2744 torem.

307 2786 362 2840 5⁰
398 2788 529 2842 ltem
571 2788 852 2844 abstinere
891 2807 1086 2846 omnes
1130 2790 1455 2847 debuissent
1498 2809 1561 2847 ex
1597 2810 1659 2847 eo
1703 2792 1851 2866 quod
1880 2802 2142 2867 ageretur

231 2886 298 2941 de
331 2887 649 2960 judicandis
703 2892 873 2946 causis
915 2891 1220 2964 majoribus,
1272 2890 1397 2947 Sedi
1444 2892 1773 2966 Apostolicae
1817 2896 2135 2966 reservatiS,

230 2992 395 3060 prout
434 2994 551 3044 erat
589 3006 755 3061 causa
787 2989 1027 3062 regaliae,
1063 2995 1113 3046 et
1146 2989 1486 3063 quaestiones
1514 2991 1579 3046 de
1605 2996 1875 3065 potestate
1901 2992 2137 3049 Romani

225 3085 525 3144 pontificis.
555 3088 834 3145 Debebant
854 3107 1055 3164 nempe
1083 3090 1579 3165 incompetentiam
1601 3108 1764 3146 suam
1792 3091 1976 3164 quoad
2003 3093 2135 3149 talia

228 3186 445 3258 negotia
488 3186 545 3241 in
589 3189 1081 3263 procurationibus
1129 3189 1416 3262 designata
1460 3189 1759 3246 declarare.
1808 3190 1963 3255 Quod
2007 3211 2135 3248 cuin

226 3300 337 3337 non
368 3285 620 3359 fecerint,
658 3305 723 3343 ex
758 3287 865 3344 isto
901 3288 1069 3344 etiam
1114 3287 1296 3362 capite
1339 3287 1543 3344 intrusi
1582 3306 1645 3343 ac
1681 3289 2134 3363 praevaricatores

227 3382 476 3439 extitere.
519 3386 750 3458 lntrusi,
788 3388 1040 3462 inquam;
1081 3388 1213 3464 quia
1255 3388 1363 3446 sibi
1407 3394 1741 3464 potestatem
1784 3397 2134 3462 usurparunt

227 3478 464 3552 legitimi
491 3489 690 3554 coetus,
715 3485 805 3542 cui
832 3491 1174 3562 competeret
1201 3486 1269 3542 de
1295 3485 1479 3543 causis
1506 3483 1787 3559 ejusmodi
1821 3484 2133 3542 deliberare

231 3595 292 3633 ac
322 3581 707 3652 pronuntiare·
