2306 4010
311 158 399 206 156
980 144 1275 197 TRACTATUS
1306 143 1372 190 DE
1402 143 1548 192 ΡΑΡΑ.

314 265 378 321 Et
427 270 693 340 praeterea
733 256 999 316 inhabilis
1029 255 1145 308 erat
1182 249 1493 306 Cardinalis
1509 248 1681 306 Fesch
1718 250 1787 306 ad
1825 253 2221 310 assumendam

316 362 461 418 alius
508 360 804 416 dioeceseos
842 347 1409 420 administrationem,
1441 352 1636 422 utpote
1674 367 1704 405 a
1732 368 1833 406 sua
1866 349 2224 424 Lugdunensi

314 455 559 514 Ecclesia
583 451 831 508 nondum
855 444 1124 502 canonice
1151 444 1390 502 solutuS.
1420 444 1577 510 Quod
1603 463 1732 520 ergo
1751 446 2031 504 Cardinali
2051 447 2224 504 Fesch

315 556 497 611 oblata
519 552 590 607 sit
610 544 1071 606 administrandae
1090 545 1393 603 dioeceseos
1417 546 1678 618 facultas,
1694 547 1800 604 fuit
1816 547 2014 621 ingens
2033 547 2229 621 lugen-

313 655 526 725 dusque
558 651 771 722 lapsuS,
801 665 914 720 quo
945 652 1000 703 et
1037 646 1157 722 ipse
1188 646 1452 703 dominus
1476 646 1676 724 Emery
1703 666 1836 704 reus
1871 648 2102 704 exstitit.
2133 649 2226 705 Ast

315 751 543 822 insuper
576 751 738 821 prout
769 745 905 802 olim
924 745 1192 824 dominus
1211 746 1463 803 Tronson
1490 747 1596 803 sub
1615 746 1890 803 Ludovico
1916 746 2048 818 XIV,
2069 764 2233 821 posse

313 846 528 904 assumi
574 864 603 901 a
634 845 971 915 nominatis,
1020 847 1169 902 *facta
1215 866 1245 903 a
1272 846 1538 922 capitulis
1579 852 1872 922 potestate,
1923 845 2231 902 dioeceseon

313 947 862 1006 administrationem
900 954 1373 1022 propugnaverat,
1411 948 1484 1004 ita
1536 947 1798 1004 eumdem
1852 965 2099 1003 errorem
2141 947 2235 1002 do-

316 1048 504 1102 minus
552 1046 752 1121 Emery
797 1051 936 1102 tunc
980 1046 1248 1122 temporis
1296 1043 1660 1121 pertinaciter
1708 1046 1857 1102 tueri
1907 1064 2080 1102 3115115
2127 1051 2230 1103 est.

314 1147 450 1202 Hinc
477 1152 774 1222 postquam
795 1145 1074 1202 Cardinali
1102 1146 1273 1203 Fesch
1297 1146 1602 1204 substituit
1621 1145 1863 1220 Napoleo
1883 1145 2233 1201 Cardinalem

316 1246 526 1321 Maury,
558 1251 609 1302 et
634 1245 684 1302 is
725 1245 891 1314 (facta
921 1245 1095 1302 simili
1129 1264 1158 1302 a
1188 1245 1437 1321 capitulo
1472 1250 1748 1320 potestate
1774 1243 2234 1315 administrandi)

317 1346 616 1401 dioeceseos
647 1345 1113 1419 gubernationem
1159 1345 1486 1420 assumpsit,
1536 1344 1664 1400 huic
1708 1343 2010 1400 intrusioni
2042 1361 2239 1418 coope-

319 1451 477 1500 ratus
517 1450 599 1500 est
633 1449 686 1500 et
722 1463 842 1501 sese
870 1445 1313 1501 accommodavit
1351 1444 1614 1500 dominus
1639 1445 1860 1519 Emery3
1889 1463 2019 1500 cum
2050 1450 2238 1499 tamen

319 1561 383 1598 ex
426 1543 608 1599 ofticio
644 1562 746 1599 suo
777 1544 970 1600 vicarii
1007 1543 1335 1619 capitularis
1376 1543 1442 1599 ad
1493 1543 1882 1600 obsistendum
1916 1543 2034 1617 ipse
2069 1542 2240 1617 potis-

319 1643 527 1698 simum
564 1649 873 1699 teneretur.
913 1644 1029 1699 Imo
1071 1651 1372 1719 postquam
1408 1643 1655 1700 innotuit
1693 1644 1856 1699 breve
1890 1642 1967 1697 Pii
1994 1642 2099 1710 Vll,
2129 1641 2240 1697 diei

321 1740 352 1794 5
389 1741 709 1795 novembris
738 1741 907 1811 1810,
943 1743 1010 1797 ad
1051 1743 1337 1798 intrusum
1381 1742 1595 1816 Maury,
1640 1760 1751 1814 quo
1790 1741 2085 1797 indubiam
2121 1758 2242 1796 esse

323 1836 503 1912 ipsius
542 1837 919 1894 intrusionem
964 1840 1240 1915 expressis
1282 1839 1542 1896 terminis
1586 1839 1916 1895 auctoritate
1959 1838 2242 1895 Pontificia

323 1936 739 2008 declarabatur,
782 1946 832 1995 ct
867 1939 1039 1994 simul
1077 1939 1481 2012 injungebatur
1511 1945 1570 1995 ut
1611 1939 1679 1994 ab
1708 1956 1769 1994 ea
1798 1938 1987 1994 statim
2015 1938 2243 1994 desiste-

322 2042 430 2107 ret,
473 2037 617 2092 nihil
654 2057 683 2093 a
717 2039 943 2095 domino
981 2040 1178 2115 Emcry
1213 2039 1487 2114 scriptum
1521 2045 1628 2109 est,
1658 2039 1801 2094 nihil
1835 2044 2149 2113 peractum,
2178 2057 2242 2094 ex

325 2153 435 2209 quo
462 2135 548 2191 vel
587 2136 861 2210 conjicere
900 2138 1086 2206 liceat,
1127 2138 1195 2193 ab
1227 2138 1351 2212 ipso
1386 2138 1615 2193 tandem
1644 2137 1890 2210 agnitam
1927 2137 2101 2193 fuisse
2130 2119 2243 2193 dic-

326 2241 438 2289 tam
474 2234 870 2291 intrusionem.
903 2237 1152 2292 Perrexit
1177 2254 1380 2310 nempe
1412 2255 1539 2291 cum
1568 2236 1790 2292 intruso
1818 2254 1984 2310 agere
2012 2236 2247 2310 perinde

325 2348 386 2385 ac
420 2331 465 2385 si
507 2331 763 2387 intrusus
804 2350 917 2387 non
955 2333 1176 2389 fuisset.

402 2431 459 2486 6.
490 2431 725 2487 Prorsus
749 2432 955 2488 erravit
982 2433 1247 2488 dominus
1272 2432 1471 2508 Emery
1501 2433 1892 2490 contendendo
1923 2432 2244 2507 pensioneS,

327 2527 385 2581 in
425 2527 599 2584 Gallia
638 2535 763 2602 post
807 2531 1208 2587 concordatum
1250 2532 1383 2586 anni
1418 2531 1588 2601 1801,
1636 2531 1917 2606 parochis,
1962 2531 2248 2587 canonicis

328 2632 381 2681 ct.
417 2627 704 2701 Episcopis
732 2629 871 2685 solvi
901 2630 1117 2700 solitas,
1160 2650 1271 2686 non
1308 2632 1514 2689 habere
1547 2632 1823 2689 rationem
1859 2631 2115 2688 beneficii
2147 2650 2247 2688 nec

327 2723 457 2778 boni
496 2724 859 2781 ecclesiastici
891 2727 1038 2797 (vide
1069 2728 1127 2782 in
1156 2747 1280 2784 meo
1307 2734 1547 2786 tractatu
1584 2732 1647 2786 de
1683 2730 1964 2804 Capitalia,
2007 2736 2164 2805 parte
2204 2729 2246 2802 I,

328 2830 463 2879 sect.
496 2824 582 2895 III,
614 2842 739 2899 cap.
783 2846 856 2896 111,
891 2845 1052 2901 prop.
1088 2827 1175 2891 ΙΙ).

406 2922 457 2977 7.
491 2923 632 2980 Ante
667 2925 1071 2981 concordatum
1110 2926 1245 2982 anni
1290 2926 1459 2995 1802,
1505 2929 1873 3002 propugnavit
1923 2929 2121 3004 Emery
2161 2948 2249 2984 ca-

326 3020 546 3077 nonicis
570 3022 758 3079 Galliae
777 3023 871 3097 jus
896 3030 1217 3099 competere
1247 3025 1543 3101 Episcopos
1570 3026 1628 3081 in
1653 3026 1771 3082 suis
1791 3027 2097 3102 respective
2118 3027 2251 3085 dioe-

325 3122 549 3178 cesibus
576 3123 827 3196 eliyemli.
851 3123 947 3179 Cui
970 3124 1346 3181 schismaticae
1370 3125 1713 3199 suggestioni
1736 3126 1779 3182 si
1808 3126 2144 3183 annuissent
2163 3145 2251 3183 ca-

328 3221 526 3295 pitula,
552 3229 744 3291 exorta
770 3224 829 3279 in
859 3223 1054 3280 Galliis
1080 3224 1278 3282 fuisset
1308 3226 1539 3282 alterius
1566 3226 1774 3302 speciei
1796 3245 1969 3300 parva
1994 3227 2246 3284 Ecclesia.

411 3321 463 3377 8.
501 3322 769 3399 Lapsibus
810 3326 1239 3382 annumeranda
1278 3326 1455 3402 ipsius
1483 3327 1803 3383 dissertatio
1836 3349 1846 3381 :
1882 3329 1933 3383 la
1958 3327 2251 3399 Mitiyation

337 3418 399 3473 cle
425 3420 476 3474 la
502 3422 651 3492 peine
684 3424 772 3479 des
802 3424 1036 3479 (Iamneia.
1061 3423 1191 3489 Quae
1225 3424 1454 3499 quidem
1483 3443 1717 3480 erronea
1748 3423 1935 3500 opinio
1963 3423 2009 3479 si
2039 3423 2249 3498 passim

339 3516 398 3572 in
441 3518 685 3576 docendo
711 3529 765 3578 et
800 3523 1184 3580 concionando
1213 3532 1639 3600 propagaretur,
1679 3526 1736 3580 in
1775 3524 2247 3594 funestissimam,

341 3634 464 3672 meo
488 3616 722 3690 judicio,
759 3622 1078 3678 animarum
1111 3629 1356 3696 stragem
1395 3624 1634 3680 cederet.
