2306 4010
787 226 917 274 mis
947 223 1188 272 SECUNDA.
1840 214 1929 261 217

4 398 6 403 ‚
35 335 326 405 ,Nimirum
353 332 403 390 si
425 331 688 390 erraverit
710 331 876 407 Papa,
901 349 1028 388 mox
1047 327 1356 405 resipiscet,
1383 325 1676 383 resistente
1701 339 1932 397 corpore

12 419 465 513 XEpiscoporum.
501 430 565 486 Et.
593 428 802 505 pariter
849 430 897 485 si
946 427 1212 485 erraverit
1259 444 1460 503 corpus
1504 423 1930 499 Episcoporum,

54 551 182 593 mox
205 528 512 588 definitioni
538 527 694 602 Papae
723 544 844 584 sese
867 526 1148 600 subjiciet.
1176 526 1342 583 Porro
1371 543 1437 582 ex
1460 521 1790 582 brevissima
1819 519 1935 576 dis·

60 631 303 691 sentione
330 625 569 684 Ecclesia
598 624 798 681 Christi
832 642 943 681 non
968 623 1329 680 subvertitur.
1834 606 1838 610 ⁵

138 726 433 803 Respondeo
450 745 468 778 .-
491 724 607 779 Non
646 727 866 778 tantum
890 722 1128 783 concedo
1165 739 1278 777 non
1308 722 1638 779 duraturam
1657 716 1936 794 ejusmodi

69 823 483 892 dissensionem,
510 819 607 876 sed
629 817 753 874 dico
784 834 1071 890 nunquam
1110 816 1194 871 vel
1221 817 1385 872 unico
1417 822 1700 872 momento
1737 814 1941 871 extitu-

70 939 209 979 ram.
241 922 304 976 At
326 937 440 988 voS‚
473 922 767 992 postquam
811 913 983 970 semel
1007 912 1316 968 admisistis
1352 912 1507 967 illam
1542 911 1942 968 dissensionem

71 1008 330 1091 exurgere
350 1032 529 1091 posse,
558 1012 730 1086 gratis
763 1010 991 1068 omnino
1019 1027 1083 1065 ac
1114 1025 1408 1083 perperam
1440 1007 1689 1063 asseritis
1713 1024 1823 1062 non
1843 1006 1944 1062 du-

69 1122 330 1172 raturam.
357 1113 491 1168 Nam
515 1111 561 1167 si
590 1112 732 1184 Papa
763 1109 936 1166 semel
965 1107 1221 1164 haeresim
1248 1105 1446 1162 docere
1470 1104 1671 1172 valeat,
1700 1121 1798 1158 cur
1835 1121 1947 1158 non

68 1211 259 1287 poterit
287 1209 345 1266 in
369 1228 470 1266 suo
495 1227 663 1265 sensu
688 1206 1052 1281 permanere?
1078 1203 1389 1260 Praesertim
1416 1220 1567 1270 cum,
1594 1199 1750 1257 vobis
1777 1200 1951 1255 faten-

69 1308 239 1377 tibus,
265 1307 591 1365 dissentiens
618 1324 821 1379 corpus
853 1304 1252 1378 Episcoporum
1290 1301 1585 1357 infallibile
1614 1317 1726 1355 non
1755 1298 1852 1367 sit,
1896 1303 1947 1353 et

74 1405 134 1460 in
157 1405 332 1462 causis
364 1405 490 1460 fidei
516 1403 687 1473 (vobis
714 1401 920 1475 pariter
945 1399 1268 1464 fatentibus)
1299 1398 1582 1470 praecipu'as
1606 1403 1786 1468 partes
1807 1394 1951 1467 Papa

80 1498 307 1555 habeat:
337 1521 364 1552 «
391 1500 459 1555 Le
487 1497 822 1567 Saint-Sicgc
849 1495 1283 1567 primipalement
1310 1496 1359 1547 et
1392 1492 1442 1546 le
1470 1507 1629 1563 corps
1659 1489 1726 1543 de
1756 1476 1953 1560 l’Epis-

84 1599 261 1665 copat,
301 1593 427 1650 c'aet
452 1596 521 1650 ou
555 1593 593 1646 il
623 1592 739 1646 faut
768 1597 994 1646 trouver
1018 1588 1070 1643 le
1095 1587 1255 1661 depot
1287 1586 1353 1642 de
1381 1586 1434 1640 la
1463 1582 1731 1640 doctrine.
1766 1603 1793 1633 »
1819 1581 1952 1636 Item

85 1689 253 1744 semel
278 1707 463 1747 errans
495 1707 694 1763 corpus
707 1687 1105 1762 Episcoporum
1124 1691 1177 1740 et
1202 1682 1566 1739 orthodoxam
1584 1680 1741 1753 Papae
1757 1677 1951 1732 defini-

84 1781 289 1838 tionem
323 1785 597 1857 rejiciens,
618 1801 718 1839 cur
746 1799 855 1838 non
880 1787 1065 1854 posset
1089 1780 1146 1834 in
1175 1797 1272 1834 sua
1302 1776 1607 1852 pertinacia
1634 1773 1955 1829 remanere?

78 1877 268 1934 Dicitis
301 1881 517 1936 obstare
551 1877 942 1954 promissiones
974 1875 1175 1931 Christi
1208 1893 1277 1931 ne
1312 1875 1473 1930 duret
1518 1869 1815 1927 dissensiO.
1852 1868 1957 1925 Sed

79 1973 298 2031 obstant
325 1976 534 2048 pariter
555 1994 625 2030 ne
654 1974 901 2049 incipiat,
926 1974 1062 2030 Nam
1082 1972 1272 2029 statim
1301 1989 1364 2027 ac
1394 1970 1663 2044 inciperet
1696 1968 1823 2024 talis
1843 1966 1957 2023 dis-

80 2073 282 2140 sensi0,
314 2080 453 2129 esset
485 2073 675 2129 scissio
701 2073 847 2129 inter
877 2078 1042 2147 caput
1066 2078 1117 2128 et
1137 2089 1365 2147 corpuS,
1387 2078 1439 2127 et
1464 2069 1669 2145 periret
1690 2065 1953 2123 Ecclesia.

152 2168 438 2236 Praeterea,
466 2169 636 2224 semel
682 2169 925 2224 admisso
968 2168 1415 2225 adversariorum
1463 2165 1759 2240 principio,
1789 2163 1958 2219 etiam

77 2263 232 2335 juxta
252 2264 606 2335 posteriorem
625 2264 935 2335 expositum
954 2282 1180 2319 sensum
1207 2263 1507 2331 intellectO,
1538 2281 1648 2316 non
1670 2261 1957 2316 verifican-

85 2362 179 2412 tur
220 2357 612 2429 promissiones
642 2357 865 2425 Christi,
890 2359 1131 2431 apostolo
1163 2358 1319 2412 Petro
1365 2356 1732 2430 personaliter
1775 2356 1956 2410 iactae.

86 2453 144 2508 Et
166 2453 346 2527 primo
368 2453 587 2525 quidem
609 2454 772 2509 verba
789 2454 993 2526 quibus
1009 2455 1257 2511 Christus
1270 2454 1536 2511 Dominus
1556 2454 1712 2509 Petro
1730 2452 1961 2509 commi·

90 2548 157 2604 sit
179 2550 371 2619 fratres
391 2566 511 2603 suos
531 2548 588 2602 in
612 2548 716 2605 fide
731 2551 1071 2620 confirmandi
1088 2549 1357 2605 officium.
1377 2548 1652 2604 Nimirum
1673 2547 1729 2602 in
1748 2547 1963 2620 1513111·-

86 2643 302 2717 pothesi
322 2644 479 2699 debet
499 2643 632 2700 fides
650 2663 680 2700 a
697 2646 853 2700 Petro
882 2646 1106 2702 definita
1129 2645 1446 2702 confirmari
1470 2664 1500 2702 a
1523 2644 1787 2700 fratribus
1817 2643 1958 2713 51115,

86 2739 227 2796 utsit
245 2739 566 2800 infallibilis.
590 2742 723 2797 Item
750 2742 1000 2798 illusorie
1030 2742 1279 2798 Christus
1308 2742 1466 2799 Petro
1485 2742 1778 2815 pascendos
1812 2757 1962 2796 com·

88 2835 330 2892 misisset
353 2855 511 2909 agnos
546 2846 751 2895 cloveS.
794 2838 1075 2911 Siquidem
1105 2838 1325 2895 deberet
1353 2847 1405 2896 et
1436 2839 1554 2913 ipse
1582 2837 1765 2913 quoad
1794 2837 1959 2893 fidem

92 2934 240 3007 pasci
264 2934 329 2990 ab
351 2934 564 3005 ovibuS,
591 2935 644 2991 id
667 2943 772 3008 est,
789 2937 1095 3012 Episcopis;
1126 2955 1225 2994 nec
1247 2946 1431 3012 posset
1460 2937 1581 3012 ipse
1602 2954 1801 2993 sanum
1832 2935 1962 2991 fidei
2011 2973 2018 2980 -

93 3033 308 3102 pastum
322 3036 469 3086 certo
489 3031 819 3103 discernere,
841 3033 1029 3090 nisiex
1044 3034 1472 3108 superveniente
1485 3032 1669 3089 ovium
1684 3029 1891 3103 judicio
1908 3033 1961 3084 et

93 3123 454 3179 attestatione.
477 3114 611 3181 Item
634 3126 770 3183 falsa
788 3128 928 3185 foret
948 3129 1268 3203 promissio,
1283 3129 1376 3183 ‘tibi
1398 3128 1529 3181 dabo
1549 3127 1785 3180 claves...
1809 3122 1965 3195 quod-

94 3233 301 3291 cumque
323 3221 605 3278 solvet-ia...
631 3211 898 3281 Namistae
914 3225 1112 3295 claves,
1133 3232 1185 3280 et
1205 3225 1313 3280 ista
1339 3224 1690 3295 quodcumque
1716 3217 1963 3274 solvendi

90 3330 153 3370 ac
168 3313 378 3407 ligandi
394 3317 648 3390 facultas,
665 3337 986 3396 supremam
1007 3319 1297 3392 regiminis
1317 3323 1648 3392 potestatem
1676 3314 1958 3388 exprimit,

91 3413 145 3467 ct
167 3410 385 3483 regendi
408 3413 571 3469 etiam
585 3415 765 3488 quoad
782 3413 1148 3488 profitendam
1167 3412 1330 3467 tidem
1349 3410 1443 3483 jus
1463 3425 1786 3483 supremum
1813 3426 1960 3466 com-

90 3508 395 3582 prehendit.
429 3510 592 3568 Porro
618 3512 675 3567 in
704 3513 853 3568 dicta
884 3510 1198 3588 hypothesi,
1222 3508 1471 3563 Christus
1494 3525 1788 3582 supremam
1815 3508 1961 3582 ejus-

92 3604 240 3663 modi
294 3613 615 3680 potestatem
673 3609 829 3667 Petro
886 3625 983 3664 seu
1039 3606 1286 3662 Romano
1338 3603 1583 3663 Pontifici
1641 3605 1955 3664 nullatenus
