2306 4010
331 176 425 225 218
1006 164 1305 215 TRACTATUS
1335 164 1402 212 DE
1432 162 1580 214 PAPA.

336 283 605 352 dedisset.
653 279 721 334 Et
755 274 968 351 pariter
997 273 1225 327 Petrum
1260 270 1576 346 decepisset
1617 270 1888 346 Christus,
1935 277 2163 350 quando
2202 274 2270 349 ei·

337 399 467 439 cum
497 382 656 435 tanta
681 371 939 448 emphasi
958 369 1100 427 dixit
1125 389 1137 423 ε
1169 369 1280 443 Eyo
1310 371 1429 427 dico
1452 372 1543 427 tibi
1569 373 1695 444 quia
1713 379 1768 428 tu
1789 390 1844 428 es
1869 372 2085 447 Petrus,
2104 383 2157 433 et
2214 392 2217 394 ·
2247 399 2249 401 ·

330 498 428 552 per
453 480 589 532 hanc
615 474 833 530 Petram
859 469 1134 543 aedificabo
1161 470 1457 527 Ecclesiam
1482 489 1674 528 meam.
1710 470 1852 529 Nam
1881 490 1948 530 ex
1967 490 2139 532 sensu
2166 495 2199 534 o
2226 492 2229 493 ’

334 575 445 644 vie,
491 573 689 628 Petrus
733 575 788 626 et
831 569 1076 643 quilibet
1112 569 1236 644 ejus
1264 587 1560 628 successor
1588 570 1904 645 legitimuS,
1946 572 2037 630 his
2077 575 2210 632 verb

334 669 575 743 intelligi
602 669 765 727 debet
784 668 1128 726 constitutus
1155 688 1256 745 pro
1275 670 1646 728 fundamento
1660 671 1894 748 proprie
1919 673 2069 731 dicto
2101 677 2198 732 toti

333 768 608 827 Ecclesiae.
652 769 783 827 Tale
813 775 1000 827 autem
1026 787 1141 826 non
1170 769 1315 827 foret
1342 769 1401 826 in
1427 770 1577 828 dicta
1609 771 1937 847 hypothesi3
1978 772 2202 847 siquide

328 869 576 943 primarii
596 869 745 942 (post
765 868 1072 942 Christum)
1090 867 1351 926 Ecclesiae
1368 867 1724 928 fundamenti
1747 870 1894 928 vices
1913 878 2123 945 ageret,
2149 890 2222 929 no

332 966 622 1024 Romanus
652 966 985 1043 Episcopus,
1031 968 1129 1024 sed
1168 974 1285 1025 tota
1329 968 1502 1025 simul
1534 969 1940 1045 Episcoporum
1981 971 2273 1031 collectim⁴

335 1066 688 1124 Constitutus
735 1086 941 1143 nempe
991 1067 1194 1126 fuisset
1248 1069 1446 1126 Petrus
1471 1088 1600 1144 pars
1634 1072 1873 1143 aliquota
1905 1071 2257 1144 funclcmncnti,

337 1183 455 1221 non
482 1165 822 1241 simpliciter
856 1167 1283 1239 fundamentum.
1313 1167 1554 1225 Aliunde
1583 1186 1818 1244 prorsus
1852 1173 2133 1225 errassent
2166 1169 2260 1227 Pa-

334 1269 450 1320 tres
501 1272 556 1320 et
596 1264 834 1322 concilia
878 1265 1257 1339 oecumenica,
1287 1285 1533 1341 quorum
1583 1272 1849 1324 constans
1875 1266 2167 1342 persuasio
2202 1285 2264 1325 ac

340 1363 596 1422 doctrina
624 1366 752 1438 fuit,
797 1367 1174 1424 constitutum
1207 1367 1266 1422 in
1295 1367 1443 1424 beati
1479 1367 1626 1424 Petri
1663 1385 1897 1442 persona
1947 1367 2264 1424 Romanum

336 1461 689 1535 Pontificem,
725 1465 1104 1522 Ecclesiarum
1132 1464 1386 1522 omnium
1416 1470 1604 1540 caput,
1643 1483 1773 1521 cum
1801 1467 1965 1538 plena
2002 1483 2094 1521 eas
2140 1482 2266 1538 pas-

338 1561 498 1618 cendi
532 1581 596 1619 ac
634 1564 990 1637 gubernandi
1026 1570 1324 1639 potestate,
1366 1571 1418 1621 et
1445 1562 1538 1620 cui
1571 1563 1763 1620 fideles
1803 1580 2001 1619 omnes
2043 1561 2266 1620 obedire

339 1664 626 1717 tenentur.
660 1663 955 1721 Enimvero
1004 1664 1063 1720 in
1108 1664 1378 1740 praedicto
1412 1669 1743 1744 systemate,
1783 1681 2115 1739 supremum
2168 1663 2263 1719 Ec—

337 1757 518 1815 clesiae
543 1769 710 1835 caput
739 1763 905 1834 foret,
939 1783 1052 1820 non
1093 1765 1383 1821 Romanus
1418 1763 1695 1836 Pontifex,
1726 1763 1825 1820 sed
1859 1763 2260 1838 Episcoporum

338 1857 674 1932 collegium:
703 1879 805 1918 nec
841 1862 1095 1919 Romano
1142 1863 1396 1919 Pontifici
1441 1868 1786 1938 competeret
1822 1863 1986 1937 plena
2012 1867 2262 1936 potestas

334 1954 643 2013 Ecclesiam
684 1959 1066 2017 universalem
1097 1961 1367 2036 pascendi
1401 1978 1463 2017 ac
1489 1959 1865 2034 gubernandi,
1893 1959 1989 2016 sed
2031 1959 2258 2035 praefato
2301 2001 2306 2027 .

331 2053 743 2131 Episcoporum
774 2058 1028 2133 collegio.
2294 2030 2306 2107 ‘l

407 2156 586 2229 Igitur
629 2158 929 2215 manifeste
953 2158 1162 2215 falsum
1196 2166 1368 2232 atquc
1398 2159 1676 2215 absonum
1713 2164 1796 2214 est
1823 2158 1975 2215 istud
2006 2158 2262 2215 adversa-

330 2253 550 2310 riorum
583 2256 938 2330 principium
971 2276 981 2309 :
1015 2274 1342 2331 supremam
1370 2273 1575 2331 nempe
1603 2255 1995 2312 auctoritatem
2024 2262 2076 2313 et
2099 2255 2260 2313 infal-

328 2352 653 2412 libilitatem
713 2355 1121 2430 Episcoporum
1169 2356 1424 2431 collegio,
1477 2373 1589 2412 non
1626 2356 1877 2413 Romano
1910 2355 2187 2428 Pontifici,
2230 2346 2286 2413 a³

328 2452 549 2511 Christo
573 2455 842 2512 collatam
876 2455 1074 2512 fuisse.

407 2551 651 2625 objicies.
675 2586 744 2594 —
771 2553 891 2610 Nisi
924 2555 1259 2612 admittatur
1289 2554 1526 2628 collegio
1561 2555 1965 2630 Episcoporum
1993 2553 2279 2611 collatam¹

327 2648 506 2705 fuisse
533 2665 862 2724 supremam
891 2652 1291 2731 auctoritatem·
1315 2659 1368 2709 et
1392 2652 1882 2722 infallibilitatem,
1907 2651 2145 2708 veritate
2169 2659 2261 2708 ca*

327 2747 532 2804 rebunt
567 2750 979 2824 promissiones
1015 2752 1327 2821 collectivae,
1384 2770 1414 2807 a
1469 2751 1688 2809 Christo
1722 2751 1791 2808 ad
1838 2750 2120 2826 apostolos
2172 2751 2253 2807 di·-

324 2851 510 2903 rectae.
2237 2854 2240 2856 ’

400 2946 710 3021 Respomlco
742 2950 964 3007 :Posita
1009 2951 1249 3008 Romani
1279 2951 1559 3009 Pontificis
1599 2970 1866 3027 suprema
1903 2957 2176 3026 potestate
2197 2954 2268 3008 et>

324 3042 747 3116 infallibilitate,
776 3048 987 3123 optime
1014 3050 1292 3107 cohaerent
1320 3051 1562 3107 invicem
1591 3055 1643 3108 et
1666 3051 2029 3108 verificantur
2048 3049 2248 3106 Christi

324 3143 755 3216 promissiones,
783 3151 905 3201 tum
931 3146 1295 3221 singulariter
1318 3149 1506 3221 Patre,
1523 3156 1648 3207 tum
1677 3149 1966 3210 collective
1985 3131 2258 3205 omnibus*
2294 3212 2298 3221 .

323 3242 594 3314 apostolis
619 3243 797 3300 factae.
837 3242 1074 3302 Econtra
1121 3264 1273 3319 vero,
1305 3247 1555 3306 admissa
1583 3240 2220 3325 hypothesiadversario

323 3353 476 3410 rum,
513 3340 738 3399 absonae
762 3350 1058 3402 remanent
1087 3346 1497 3422 promissiones
1528 3347 1595 3404 ad
1626 3348 1852 3405 Petrum
1877 3330 2289 3424 personaliter&

325 3431 566 3494 dirsssstae·
596 3440 752 3505 Quod
795 3448 860 3499 ut
892 3449 1084 3518 pateat
1128 3445 1446 3503 collectivas
1478 3445 1677 3504 Christi
1717 3448 2123 3522 promissiones
2159 3432 2283 3526 ref?

322 3545 671 3596 censeamus,
2231 3558 2240 3562 ,-

400 3628 456 3684 1⁰
490 3630 758 3707 Equidem
802 3644 1071 3717 apostolis
1119 3645 1179 3701 in
1205 3663 1388 3703 unum
1436 3646 1683 3706 collectis
1712 3646 1925 3705 dictum
1964 3653 2046 3704 est
2077 3642 2270 3719 quod-*⁹⁵
