2262 3990
230 144 316 194 700
516 148 645 195 'NOTA
679 145 744 192 DE
777 143 1171 192 ARCBIEPISCOPO
1201 145 1489 195 PARISIENSI
1521 149 1587 196 DE
1618 150 1839 202 HARLAY.

287 270 360 318 sic
384 283 554 331 praeses
590 266 780 312 Bolland
805 266 1086 323 d'Erceville,
1122 268 1171 314 in
1201 268 1419 316 relatione
1447 285 1549 327 sua,
1576 272 1819 321 Parisiensi
1850 278 2129 336 parlamento
2211 283 2215 286 ’

224 347 436 399 exhibita,
465 345 541 390 die
565 342 624 390 26
642 343 860 389 februarii
887 343 1024 399 1768,
1047 345 1104 391 de
1131 345 1314 406 scriptis
1336 345 1383 392 in
1407 347 1599 407 collegio
1615 348 1892 399 Jesuitarum
1909 354 2131 406 Louis—le-

224 421 374 470 Grand
392 419 614 478 repertis:
646 435 670 463 α
697 419 755 466 La
796 425 896 467 cote
920 420 978 466 22
1023 421 1084 466 du
1110 422 1455 480 proces-verbal
1489 428 1559 470 est
1585 424 1807 472 l'histoire
1850 429 2031 490 redigee
2051 448 2140 493 pau»⁴

223 497 366 546 l’abbe
398 494 618 542 Blache...
638 496 761 543 Cette
793 497 985 543 histoire
1023 502 1108 551 est,
1135 498 1192 543 de
1217 503 1369 545 tontes
1399 499 1463 546 les
1485 500 1637 560 pieces
1662 501 1771 548 dont
1786 502 1832 563 je
1853 518 1927 551 me
1943 521 2139 568 proposess

221 574 278 619 de
295 572 464 619 rendre
482 578 673 632 compte,
699 588 794 620 une
810 574 888 620 des
914 573 1019 634 plus
1039 574 1400 633 importantes...
1420 575 1583 623 Toutes
1599 577 1664 624 les
1686 579 1997 638 persecutions
2022 586 2131 645 qu’il

221 663 247 695 a
263 649 511 708 eprouvees
538 650 732 696 rendent
772 663 937 696 encore
961 654 1005 695 et
1036 650 1138 710 plus
1163 651 1464 699 interessante
1486 658 1530 699 et
1554 654 1657 714 plus
1690 655 1986 716 authentique
2008 664 2131 711 toute

223 731 337 773 cette
360 727 566 782 histoire,
594 727 654 773 ou
675 726 821 773 l’abbe
849 726 1009 772 Blache
1033 725 1109 771 n'a
1129 726 1230 773 rien
1252 726 1403 774 insere
1439 727 1549 774 dont
1577 727 1609 772 il
1639 727 1748 773 n’ait
1772 728 1842 774 ete
1879 730 2065 787 temoin,
2089 739 2134 782 et

223 799 534 846 tres-souvent
553 804 732 846 auteur.
762 798 1075 845 Circonstance
1099 798 1178 859 qui
1213 798 1359 859 ajoute
1384 814 1446 845 un
1470 800 1734 859 tres-grand
1765 799 1896 860 poids
1922 802 1947 847 a
1970 807 2065 850 tout
2084 819 2133 853 ce

224 874 336 936 qu'il
362 880 592 936 rapporte.
629 876 695 922 En
724 875 846 929 esset,
883 882 1009 924 toute
1050 883 1168 924 cette
1209 877 1417 932 histoire,
1439 877 1501 922 du
1534 882 1928 924 commencement
1957 878 2133 941 jusqu’a

226 954 267 999 la
292 954 373 1007 fin,
401 959 470 999 est
492 953 712 1014 marquee
737 968 794 999 33
822 968 956 1000 sceau
995 955 1051 1001 de
1086 955 1128 1000 13
1169 955 1320 1001 bonne
1345 955 1405 1001 soi
1430 960 1475 1001 et
1499 955 1555 1001 de
1577 954 1621 1000 13
1646 954 1854 1001 veracite.
1884 954 1950 1002 Un
1988 957 2055 1003 air
2079 957 2132 1004 de

223 1030 466 1089 simplicite
490 1036 534 1076 et
551 1031 608 1077 de
621 1032 824 1077 candeur
840 1045 1049 1078 annonce
1059 1036 1239 1092 partout
1262 1046 1352 1092 que
1376 1031 1442 1079 les
1455 1032 1557 1078 faits
1573 1046 1622 1078 se
1639 1037 1741 1078 sont
1765 1032 1914 1091 passes
1939 1034 2024 1079 tels
2047 1048 2131 1094 que

226 1107 372 1153 l’abbe
399 1107 560 1154 Blache
585 1108 651 1154 les
669 1114 901 1167 rapporte.
937 1108 1018 1154 Les
1044 1108 1336 1155 evenements
1361 1109 1425 1169 s'y
1451 1108 1698 1155 succedent
1724 1109 1779 1154 de
1798 1109 1839 1155 la
1865 1109 2068 1157 maniere
2090 1110 2133 1159 la

223 1186 325 1246 plus
350 1185 603 1240 naturelle3
633 1185 688 1230 ils
715 1186 999 1246 s‘arrangent
1024 1200 1130 1231 sous
1167 1186 1208 1231 la
1250 1186 1406 1245 plume
1434 1187 1490 1232 de
1511 1187 1706 1232 l’auteur
1724 1201 1829 1233 avec
1850 1201 1914 1232 un
1937 1186 2072 1233 ordre
2095 1189 2132 1236 si
2162 1210 2166 1214 ·

221 1258 516 1317 convenable‚
547 1261 684 1322 qu'ils
709 1263 937 1309 semblent
962 1264 1112 1309 naitre
1131 1263 1197 1308 les
1219 1277 1309 1309 uns
1323 1264 1404 1310 des
1429 1268 1600 1319 autres,
1622 1267 1665 1323 et
1690 1277 1779 1322 que
1796 1277 1910 1309 ceux
1941 1263 2020 1324 qui
2037 1265 2131 1311 sui-

221 1345 341 1391 vent,
371 1353 429 1384 en
455 1345 634 1384 servant
654 1340 712 1385 de
728 1353 899 1398 preuve
924 1351 1010 1384 aux
1025 1339 1267 1399 premierS,
1294 1339 1434 1385 tirent
1453 1339 1738 1385 eux-memes
1759 1344 1884 1385 toute
1911 1340 2132 1388 leurforce

220 1417 277 1462 de
303 1431 415 1462 ceux
438 1416 516 1478 qui
543 1422 645 1463 sont
665 1416 870 1463 detailles
904 1417 1098 1463 ensuite.
1129 1436 1148 1456 n
1176 1416 1376 1476 (Recueil
1401 1419 1458 1464 de
1486 1417 1714 1477 plusieurs
1738 1417 1818 1463 des
1842 1431 2062 1477 ouvrages
2079 1418 2132 1465 de

219 1490 273 1535 M.
304 1492 343 1536 le
365 1492 596 1550 president
621 1492 828 1546 Rolland,
857 1493 1074 1552 imprime
1104 1508 1162 1538 en
1195 1493 1432 1539 execution
1459 1494 1514 1540 de
1551 1495 1590 1539 la
1632 1493 1928 1540 deliberation
1953 1494 2012 1539 du
2047 1494 2132 1542 hu-

222 1580 331 1612 reau
358 1567 774 1614 d'administration
802 1569 863 1614 du
890 1569 1060 1629 college
1091 1568 1467 1616 Louis-le-Grand
1503 1570 1584 1616 des
1626 1570 1679 1617 17
1707 1574 1752 1616 et
1777 1571 1833 1616 18
1853 1570 1966 1616 avril
2000 1571 2130 1618 1782.

222 1642 360 1696 Paris,
395 1642 531 1697 1782,
558 1643 697 1699 in-40,
722 1659 767 1704 p.
801 1643 1007 1705 516-54.)

283 1721 426 1767 Hocce
443 1720 667 1780 judicium
693 1722 906 1782 praesidis
933 1722 1125 1768 Rolland
1151 1736 1233 1782 per
1249 1737 1298 1769 se
1326 1723 1514 1784 quidem
1539 1737 1704 1784 parum
1729 1728 1806 1770 aut
1834 1724 1950 1770 nihil
1971 1726 2136 1774 valeret

224 1800 281 1846 ad
308 1801 590 1859 probandam
614 1800 795 1846 Antonii
840 1800 999 1846 Blache
1038 1801 1348 1856 veracitatem,
1386 1802 1443 1847 ob
1483 1801 1775 1847 notissimum
1799 1801 1907 1848 dicti
1931 1803 2137 1861 praesidis

223 1875 456 1921 infensum
487 1876 695 1922 animum
714 1876 761 1921 in
788 1876 997 1930 Jesuitas,
1027 1876 1192 1936 quibus
1216 1883 1260 1923 et
1294 1876 1390 1936 ipse
1415 1877 1576 1923 Blache
1600 1878 1833 1923 insensum
1870 1892 1918 1924 se
1943 1878 2132 1925 exhibet.

283 1953 335 1998 At
359 1967 568 1998 veracem
586 1953 834 1998 Antonium
859 1954 1037 2007 Blache,
1065 1954 1112 1998 in
1139 1954 1195 2000 iis
1226 1968 1330 2014 quae
1355 1955 1411 1999 de
1435 1954 1782 2014 Archiepiscopo
1801 1955 1857 2001 de
1882 1955 2041 2016 Harlay
2062 1969 2138 2002 re·-

223 2030 344 2083 tulit,
388 2030 557 2089 pariter
594 2030 868 2076 existimavit
910 2029 1219 2089 Monmerque,
1249 2031 1447 2076 Instituti
1478 2032 1742 2077 membrum
1771 2037 1814 2077 et
1841 2033 2137 2091 epistolarum

222 2106 399 2152 comitis
439 2105 800 2165 Bussy-Rabutin
826 2105 987 2151 editor.
1019 2105 1090 2150 Sic
1111 2106 1280 2165 quippe
1324 2107 1458 2152 habet
1487 2107 1543 2152 ad
1571 2107 1808 2167 epistolam
1834 2113 2055 2154 matronae
2081 2109 2137 2155 de

220 2182 408 2242 sevigne
441 2182 499 2229 50
520 2182 639 2242 junii
667 2181 807 2236 1680,
856 2186 962 2227 nota
987 2182 1045 2227 45
1074 2195 1084 2228 ε
1117 2199 1136 2225 «
1177 2181 1333 2241 Harlay
1371 2183 1427 2228 de
1474 2182 1811 2243 Champvallon.
1850 2183 1936 2230 Sur
1976 2198 2024 2231 sa
2066 2185 2135 2231 vie

221 2259 531 2314 scandaleuse‚
556 2272 687 2318 voyez
713 2258 737 2303 a
757 2257 1040 2317 l’appendice
1057 2258 1119 2303 du
1153 2263 1277 2304 tome
1305 2258 1335 2302 V
1355 2259 1410 2305 de
1440 2260 1481 2305 la
1501 2259 1903 2320 Correspondance
1925 2261 1980 2308 de
1998 2263 2132 2323 Bussy

221 2348 285 2379 un
311 2333 471 2379 extrait
486 2333 567 2378 des
593 2331 826 2378 Memoires
851 2332 907 2377 de
940 2331 1087 2378 l'abbe
1114 2331 1291 2378 Blache.
1317 2353 1337 2374 »

282 2410 385 2456 Fide
412 2415 562 2456 autem
594 2410 787 2468 dignum
828 2408 1075 2454 Antonium
1112 2408 1274 2455 Blache
1301 2411 1450 2469 quoad
1484 2411 1610 2471 sacta
1635 2426 1740 2472 quae
1764 2413 1907 2459 refert
1930 2413 2056 2474 (nam
2078 2412 2131 2458 de

223 2488 366 2548 ipsius
387 2488 433 2534 in
471 2487 709 2533 sentiendo
730 2492 806 2532 aut
825 2486 1137 2532 ratiocinando
1161 2487 1341 2546 placitis
1366 2487 1442 2534 hic
1468 2503 1559 2534 non
1579 2488 1796 2550 agimus),
1826 2503 1928 2536 meo
1945 2490 2128 2550 quidem

218 2566 391 2625 judicio
419 2565 629 2611 evincere
667 2563 864 2617 videtur,
894 2568 991 2608 tum
1023 2563 1166 2622 ipsius
1206 2564 1311 2617 vita,
1354 2569 1452 2609 tum
1494 2565 1660 2625 scripta
1702 2580 1782 2612 sua
1832 2565 2129 2626 componendi

224 2655 358 2688 causa
393 2648 438 2688 et
479 2642 659 2687 modus.
688 2641 822 2687 Ortus
864 2646 930 2685 est
970 2639 1191 2686 Antonius
1215 2640 1379 2688 Blache
1415 2642 1718 2703 Gratianopoli
1758 2644 1831 2690 die
1870 2643 1926 2687 28
1957 2643 2133 2702 augusti

226 2719 373 2775 16553
402 2724 447 2765 et
471 2718 679 2779 quamvis
706 2722 815 2763 natu
853 2716 1015 2776 major,
1048 2717 1202 2763 relicta
1229 2732 1369 2778 quam
1390 2718 1659 2780 aliquandiu
1692 2726 1960 2767 exercuerat
1981 2733 2126 2766 armo-

228 2810 333 2842 rum
358 2797 538 2851 militia,
567 2794 765 2841 clericali
790 2807 959 2840 nomen
989 2794 1131 2840 dedit.
1157 2795 1284 2840 Anno
1309 2794 1446 2849 1670,
1474 2810 1499 2842 a
1524 2797 1765 2844 Parisiensi
1789 2797 2134 2857 Archiepiscopo

226 2875 445 2921 collatum
468 2874 554 2934 ipsi
598 2873 683 2919 fuit
724 2872 991 2919 confessarii
1025 2885 1195 2918 munus
1228 2873 1274 2917 in
1312 2879 1536 2920 conventu
1569 2889 1593 2920 a
1621 2875 1816 2921 Calvario
1859 2878 2128 2936 nuncupato.

226 2951 321 3004 Quo
347 2953 457 2998 dum
480 2952 768 3011 fungeretur,
795 2949 1071 2995 Ludovicum
1099 2948 1185 2994 XIV
1208 2950 1451 2996 certiorem
1469 2951 1591 3006 fecit,
1615 2952 1684 2998 via
1712 2957 1868 2998 tamen
1897 2965 2130 3012 anonyma,

226 3031 284 3076 de
322 3029 630 3090 quorumdam
667 3025 1023 3087 conspiratione,
1062 3026 1141 3086 qui
1174 3038 1330 3083 regem
1366 3040 1417 3072 36
1458 3025 1734 3087 Delphinum
1765 3042 1940 3074 veneno
1976 3041 2134 3074 necare

227 3111 493 3154 statuerant.
520 3104 723 3165 Cumque
748 3117 867 3150 anno
894 3101 1006 3148 1681
1036 3102 1133 3160 regi
1152 3101 1396 3148 detexisset
1419 3103 1513 3148 dux
1534 3102 1589 3147 de
1616 3102 1958 3161 Saint-Aignan‚
1986 3103 2040 3149 ab
2060 3103 2157 3148 Ans

224 3184 350 3230 tonio
369 3183 533 3229 Blache
562 3183 715 3228 datam
746 3181 802 3227 de
827 3180 912 3226 ista
937 3178 1273 3237 conspiratione
1306 3178 1532 3233 notitiam,
1564 3178 1683 3226 C'est
1707 3185 1777 3225 cet
1797 3179 1929 3235 abbe‘,
1956 3179 2017 3224 ait
2040 3192 2132 3232 rex,

226 3260 304 3319 qui
327 3259 422 3304 m'a
444 3258 485 3303 si
511 3256 616 3303 bien
635 3257 757 3302 servi
795 3254 912 3301 dans
942 3254 982 3299 le
1016 3254 1212 3315 complet
1236 3254 1298 3300 du
1312 3255 1473 3314 poison
1493 3254 1744 3315 (Memoires
1770 3255 1826 3302 de
1842 3255 2016 3309 Blache,
2038 3259 2072 3300 t.
2099 3252 2133 3307 1,

226 3350 272 3394 p.
294 3334 420 3395 141).
433 3335 562 3381 Anno
580 3334 699 3380 1685
718 3332 862 3378 voluit
876 3346 956 3378 rex
969 3331 1026 3376 ad
1042 3345 1089 3377 se
1108 3331 1272 3377 adduci
1282 3332 1528 3377 Antonium
1538 3332 1719 3390 Blache,
1732 3338 1777 3379 et
1796 3332 2136 3392 Archiepiscopo

226 3411 281 3456 de
307 3413 464 3472 llarlay
475 3411 601 3472 jussa
619 3410 762 3465 dedit,
788 3414 840 3456 ut
858 3409 983 3456 idem
1005 3408 1169 3454 Blache
1190 3409 1246 3454 ad
1279 3409 1462 3455 comitia
1480 3410 1589 3455 anni
1607 3409 1726 3456 1685
1751 3410 1940 3457 secundi
1965 3407 2134 3455 ordinis

221 3488 463 3546 deputatus
481 3489 744 3548 eligeretur.
762 3486 888 3540 Quod
902 3491 946 3534 et
970 3491 1206 3547 peractum
1223 3492 1306 3533 est.
1323 3485 1512 3546 Optabat
1535 3487 1726 3548 insuper
1739 3501 1820 3533 rex
1833 3488 1980 3548 aliquo
1990 3486 2134 3532 eccle-

221 3564 401 3610 siastico
413 3564 634 3611 beneficio
647 3565 810 3611 donari
829 3563 1150 3624 presbyterum
1167 3562 1342 3610 Blache.
1356 3564 1431 3610 Ast
1445 3569 1706 3611 constanter
1718 3564 1992 3611 obstiterunt
2009 3563 2131 3608 Pater

226 3639 453 3692 Lachaise‚
471 3646 514 3685 et
536 3641 912 3700 Archiepiscopus
939 3641 997 3688 de
1025 3640 1200 3701 Harlay‚
1218 3641 1297 3701 qui
1321 3641 1471 3688 virum
1489 3641 1621 3686 illurn
1638 3642 1917 3688 metuebant.
1942 3640 2128 3686 Econtra
