2306 4010
774 235 779 242 ·
842 166 964 213 PARS
992 165 1230 214 SECUNDA.
1894 166 1978 212 147

112 273 470 353 pronuntiata
504 274 750 345 fuerunt,
788 291 1021 347 quaeque
1061 273 1187 329 inde
1229 270 1750 346 quomodocumque
1795 274 1983 326 secuta

111 378 163 427 et
189 376 449 427 secutura
484 376 648 436 sunt;
685 370 849 426 sicuti
890 388 954 427 ex
995 369 1150 426 Brevi
1188 371 1290 426 1130
1323 385 1491 443 super
1521 385 1582 424 re
1617 366 1763 449 edito
1801 365 1985 422 1113111-

110 464 246 522 feste
289 471 642 543 apparet...»
686 467 947 539 (relatum
977 465 1116 522 illud
1149 465 1317 522 Breve
1356 464 1523 521 habes
1565 463 1712 539 apud
1753 461 1982 520 Bianchi

111 570 164 619 et
190 564 460 635 Zaccaria,
500 564 636 621 locis
666 565 829 620 modo
856 562 1082 635 citatis).
1930 575 1934 580 '

185 661 465 717 Pnorosmo
499 661 576 717 V'.
607 693 680 701 —
704 659 937 726 Quatuor
966 658 1214 714 articulos
1247 660 1543 732 reprobavit
1581 659 1738 716 Sedes
1772 658 1991 732 Aposto-

116 757 236 830 lica,
266 759 689 813 retractationem
719 756 974 827 eaeiqendo
1002 756 1063 810 ab
1098 757 1164 809 iis
1184 757 1271 827 qui
1294 758 1711 829 subscripserant
1740 756 1995 829 ejusmodi

115 854 370 924 articulis,
399 855 586 926 quique
607 851 934 925 postmodum
979 851 1049 906 ad
1091 851 1241 906 sedes
1275 854 1593 925 episcopales
1626 873 1656 909 a
1690 856 1992 927 reqenomi-

113 952 222 1005 nati
247 951 477 1021 fuerant.
497 982 565 1011 -τ
585 949 805 1004 Certum
831 953 913 1003 est
940 947 1233 1019 denegatas
1258 947 1410 1003 hisce
1435 948 1567 1004 viris
1597 950 1771 1006 fuisse
1788 951 1992 1020 bullaS,

114 1046 174 1101 ob
202 1048 488 1101 doctrinam
506 1051 746 1119 quatuor
768 1043 1017 1099 articulis
1042 1049 1382 1112 contentam,
1407 1044 1497 1099 cui
1526 1046 1993 1118 subscripserant.

115 1143 172 1199 Id
205 1143 494 1218 probatum
526 1142 650 1198 vide
679 1159 846 1216 supra
892 1140 1094 1217 (capite
1118 1159 1170 1209 x,
1199 1142 1223 1212 ἓ
1254 1139 1331 1212 6).
1370 1141 1506 1196 Item
1553 1147 1767 1197 certum
1807 1147 1888 1197 est
1930 1143 1999 1196 ob

118 1259 237 1298 eam
289 1241 571 1297 bullarum
623 1239 1042 1312 denegationem
1111 1256 1210 1312 per
1269 1256 1442 1294 annos
1497 1239 1757 1295 undecim
1806 1238 1998 1295 Sedem

119 1340 484 1416 Apostolicam
511 1359 540 1395 a
570 1356 697 1412 rege
722 1338 908 1394 Galliae
934 1336 1204 1392 Ludovico
1238 1337 1365 1405 XIV,
1398 1337 1681 1393 continuis
1709 1337 1999 1393 acerbissi-

122 1438 334 1510 misque
380 1436 647 1493 molestiis
675 1435 1007 1509 exagitatam
1051 1433 1242 1489 fuisse.
1279 1434 1489 1491 Interea
1527 1453 1652 1490 vero
1679 1434 1996 1490 vacantium

125 1534 422 1590 dioeceseon
460 1534 708 1607 regimen
736 1534 945 1606 absque
982 1534 1146 1589 bullis
1177 1533 1454 1607 suscipere
1497 1532 1617 1588 ausi
1656 1538 1786 1588 sunt
1824 1533 2001 1587 nomi-

126 1630 238 1687 nati
262 1650 291 1686 a
313 1650 438 1706 rege
460 1640 661 1705 3-atque
691 1631 918 1687 illorum
964 1633 1313 1686 intrusorum
1357 1647 1628 1685 numerus
1660 1630 1725 1684 ad
1763 1630 2000 1702 quadra-

125 1728 272 1802 ginta
301 1730 411 1786 fere
437 1730 692 1786 excrevit.
724 1730 851 1793 Quae
874 1730 1062 1785 omnia
1089 1747 1185 1804 per
1219 1747 1395 1784 annos
1422 1728 1682 1783 undecim
1706 1727 1893 1800 potius
1918 1733 2000 1782 to-

125 1823 344 1883 leranda
374 1828 530 1884 duxit
560 1827 722 1883 Sedes
754 1827 1087 1902 Apostolica‚
1117 1845 1284 1899 quam
1325 1825 1393 1881 ad
1420 1825 1736 1900 episcopale
1773 1824 1998 1880 culmen

125 1940 213 1979 eos
235 1924 380 1980 viros
415 1927 642 1982 evehere
667 1925 763 1998 qui
790 1925 1056 1981 doctrinae
1083 1931 1324 1997 quatuor
1358 1923 1727 1979 articulorum
1760 1924 2003 1980 adhaese-

126 2026 269 2075 rant.
299 2021 404 2077 Nec
428 2022 647 2078 tandem
664 2022 742 2078 eis
765 2022 946 2078 bullas
970 2022 1266 2092 concessit,
1290 2003 1565 2077 nisi'facta
1584 2021 1739 2094 prius
1767 2022 1834 2076 ab
1863 2021 2001 2095 ipsis

125 2111 526 2167 retractatione.
554 2112 707 2168 Haud
731 2131 859 2168 sane
887 2119 1098 2186 poterat
1120 2111 1283 2167 Sedes
1312 2112 1624 2186 Apostolica
1649 2117 1890 2184 quatuor
1916 2130 1999 2166 ar-

129 2204 426 2260 ticulorum
444 2207 746 2262 doctrinam
770 2207 1116 2261 manifestius
1136 2207 1456 2278 reprobare,
1479 2226 1647 2278 quam
1675 2209 1878 2265 invicta
1906 2209 2002 2264 illa

132 2316 230 2353 sua
284 2302 539 2356 undecim
586 2320 859 2357 annorum
910 2301 1246 2356 resistentia.

209 2396 486 2451 Pnoposmo
509 2396 606 2451 Vl'.
635 2430 708 2437 —-
730 2398 786 2451 ln
805 2398 1114 2451 allocutione
1136 2396 1488 2452 consistoriali
1511 2401 1733 2453 assernit
1753 2399 2005 2453 Innocen-

136 2493 236 2546 tius
258 2491 377 2561 XII,
401 2511 431 2547 a
459 2493 590 2548 Sede
614 2493 909 2566 Apostolica
938 2498 1212 2567 reprobata
1234 2499 1398 2567 fuisse
1415 2505 1555 2569 qesta
1582 2505 1859 2552 conventas
1880 2501 2006 2553 anni

134 2587 296 2642 1682.
317 2621 383 2627 —
408 2589 538 2644 Nam
567 2591 631 2645 ‹le
655 2592 823 2662 gestis
868 2592 988 2647 istis
1017 2592 1148 2647 dicit
1184 2593 1258 2647 ibi
1286 2593 1638 2649 Innocentius
1663 2594 1746 2647 XII
1783 2616 1792 2647 :
1818 2594 2003 2650 Merito

131 2684 190 2738 ab
218 2684 310 2739 hac
330 2684 520 2740 Sancta
544 2687 678 2742 Sede
707 2690 994 2760 reprobatis
1018 2688 1244 2760 (editam
1274 2691 1516 2765 reperies
1544 2693 1686 2747 hanc
1718 2692 2005 2748 allocutio-

131 2796 253 2834 nem
283 2781 714 2838 consistorialem
743 2784 799 2839 in
819 2786 1117 2859 opusculo:
1152 2786 1388 2841 Examen
1417 2789 1483 2842 (lu
1510 2792 1793 2860 quatrieme
1823 2789 2008 2845 article

132 2877 272 2931 dela
299 2878 635 2948 declaration,
677 2899 798 2954 pag.
834 2881 963 2952 170,
1009 2883 1182 2954 Paris,
1210 2883 1399 2955 1809).
1432 2887 1568 2941 Cum
1601 2885 1745 2942 dicat
1790 2891 2003 2957 meritc,

138 2990 245 3026 non
271 2980 482 3030 tantum
505 2977 618 3048 jam
646 2980 917 3050 reprobata
944 2979 1186 3035 declarat
1211 2987 1362 3053 gesta
1396 2981 1513 3053 illa,
1553 2983 1645 3038 sed
1682 2990 1732 3039 et
1767 2983 1884 3056 ipse
1909 2982 2007 3038 ite-

139 3084 262 3119 rum
301 3071 574 3141 reprobat.

210 3163 478 3220 Pnomsmo
500 3167 623 3222 VIP.
643 3202 708 3210 —
723 3170 879 3226 Breve
900 3172 1292 3229 Gmrumrloxas
1313 3175 1590 3231 Clementis
1610 3175 1704 3243 XI,
1732 3175 1798 3230 15
1817 3177 2008 3247 janua-

138 3262 200 3314 rii
231 3260 396 3330 1706,
429 3265 629 3319 crimini
650 3270 892 3324 vertendo
919 3270 1199 3328 Gallicanis
1238 3273 1501 3345 Episcopis
1533 3273 1668 3343 qnod
1701 3291 1849 3328 snam
1881 3275 2005 3347 doq-

136 3360 368 3412 maticam
419 3362 829 3419 constitutionem
885 3369 1265 3422 examinassent
1318 3378 1595 3440 antequam
1653 3379 2003 3444 acceptarent,

140 3453 455 3510 Gallicanam
481 3457 545 3511 de
571 3457 895 3527 fallibtlitate
916 3462 1075 3534 Papae
1097 3465 1387 3534 opinionem
1409 3466 1720 3537 reprobavit.
1751 3500 1820 3509 —-
1839 3468 2009 3525 Breve

138 3546 307 3620 istud,
337 3552 479 3623 quod
507 3553 729 3610 difficile
758 3555 811 3609 in
842 3555 1030 3612 Galliis
1077 3553 1374 3631 reperitur,
1411 3560 1622 3617 editum
1650 3570 1731 3620 est
1758 3566 1815 3620 in
1844 3583 2008 3640 opus-
