2262 3990
855 162 978 211 mas
1006 160 1204 210 maru.
1655 145 1661 149 ’
1876 154 1963 202 ⁵8⁰

103 270 246 347 quod
274 269 534 347 Ephesini
566 270 748 327 Patres
790 268 1064 327 Caelestini
1088 265 1300 344 judicio
1329 282 1388 323 se
1413 263 1696 321 adhaerere
1722 279 1835 320 non
1871 259 1965 318 de-

100 367 429 426 claraverint
455 367 562 425 nisi
587 371 709 444 post
741 367 1094 423 examinatum
1123 363 1268 421 idem
1285 361 1586 438 judicium,
1605 377 1959 435 nequaquam

100 468 292 542 probat
309 484 401 525 eos
422 466 526 523 sibi
554 466 869 524 facultatem
895 463 1156 523 tribuisse
1174 463 1242 519 ab
1268 479 1332 519 eo
1342 460 1556 536 judicio
1577 458 1966 517 dissentiendi.

102 563 234 619 Nam
259 562 387 620 licet
434 580 553 619 sese
589 561 877 635 obligatoS,
901 566 974 630 et,
1017 566 1079 617 ut
1118 559 1224 635 ipsi
1247 558 1527 629 dixerunt,
1561 564 1766 614 coactos
1786 553 1970 613 existi·

103 658 371 716 maverint
409 659 475 715 ad
525 658 915 716 adhaerendum
950 657 1122 715 sancti
1165 655 1440 715 Coelestini
1462 655 1697 730 judicic,
1724 653 1853 730 quia
1882 660 1966 711 ta·

104 774 231 813 men
255 756 392 814 utile
433 756 613 813 visum
654 763 735 814 est
762 755 910 813 idem
946 754 1221 829 judicium
1273 757 1624 812 conciliariter
1650 753 1815 810 etiam
1843 772 1970 829 pro-

104 853 370 925 nuntiari,
404 860 699 930 potuerunt
727 853 838 909 imo
878 858 931 909 ct
953 851 1262 907 debuerunt
1288 856 1462 907 totam
1496 869 1747 924 causam,
1771 859 1822 909 et
1846 856 1967 908 tum

103 951 387 1028 epistolam
412 952 618 1027 Cyrilli,
643 970 810 1026 quam
842 949 1165 1008 Caelestinus
1191 948 1551 1007 orthodoxam
1570 951 1967 1021 declaraverat,

103 1054 221 1105 tum
248 1047 549 1105 doctrinam
580 1047 838 1117 Nestorii,
869 1065 989 1121 quae
1007 1047 1073 1104 ab
1096 1047 1287 1105 eodem
1313 1045 1602 1104 Coelestino
1635 1048 1968 1105 heterodoxa

102 1150 153 1201 et
196 1145 515 1222 blasphema
551 1146 795 1221 judicata
828 1146 1029 1215 suerat,
1066 1144 1383 1202 examinare
1419 1150 1470 1202 et
1502 1145 1796 1202 discutere.
1831 1145 1967 1208 Quia

103 1261 296 1319 nempe
321 1243 427 1300 nisi
463 1243 744 1319 praemissa
778 1244 968 1300 suisset
1010 1242 1339 1300 examinatio
1386 1249 1439 1300 et
1471 1242 1760 1309 discussi0‚
1791 1242 1969 1298 inten-

103 1348 220 1397 tum
252 1359 503 1416 scopum,
531 1341 904 1398 confundendi
933 1341 1144 1398 scilicet
1177 1340 1528 1397 Nestorianos
1553 1347 1604 1397 et
1631 1339 1969 1415 impediendi

105 1438 404 1494 multorum
438 1438 835 1514 deceptionem,
875 1458 986 1494 non
1033 1438 1361 1512 attigissent.
1410 1439 1701 1508 Caeterum,
1750 1444 1801 1496 et
1846 1446 1972 1496 ante

105 1533 585 1603 examinationem,
629 1540 678 1591 ct
728 1535 963 1591 durante
1011 1534 1437 1606 examinatione,
1482 1535 1794 1592 indubitata
1833 1535 1971 1610 ipsis

104 1630 206 1687 suit
231 1630 487 1704 obligatio
506 1631 810 1703 dogmatico
825 1631 999 1688 sancti
1018 1631 1295 1689 Coelestini
1306 1631 1518 1706 judicio
1542 1651 1771 1706 prorsus
1791 1633 1970 1689 adhae-

102 1726 287 1794 rendi;
323 1733 373 1783 et
411 1729 615 1784 sactum
652 1727 1072 1785 examinationis
1097 1747 1446 1803 nequaquam
1478 1730 1820 1786 contrarium
1852 1748 1972 1805 pro-

98 1821 209 1878 bat.
240 1822 487 1879 Secunda
515 1824 783 1881 Bossuetii
812 1826 952 1882 ratio
986 1826 1243 1883 similiter
1267 1826 1583 1882 desumitur
1619 1844 1683 1883 ex
1715 1844 1776 1882 co
1822 1826 1968 1901 quod

95 1918 350 1994 Ephesini
383 1922 562 1977 Patres
592 1922 825 1978 Nestorii
860 1923 1087 1998 scripta,
1127 1923 1255 1979 licet
1288 1923 1404 1997 jam
1439 1942 1468 1980 a
1497 1924 1785 1982 Caelestino
1815 1925 1968 1981 dam-

97 2018 246 2084 nata,
277 2032 385 2070 non
413 2015 814 2088 damnaverint,
849 2017 952 2074 nisi
980 2018 1131 2093 prius
1154 2019 1296 2076 facta
1331 2019 1728 2079 deliberatione
1753 2041 1816 2079 ac
1841 2041 1965 2080 exa·

95 2110 410 2170 minatione.
445 2113 719 2171 Nimirum
744 2123 868 2191 post
897 2117 1185 2174 recitatam
1211 2118 1444 2176 Nestorii
1463 2120 1753 2194 epistolam
1774 2122 1854 2178 sic
1881 2121 1965 2177 in-

95 2215 367 2281 terrogata
412 2211 517 2267 suit
553 2212 794 2285 synodus
841 2232 852 2265 :
898 2214 1156 2287 Numquid
1196 2217 1303 2271 haec
1350 2218 1465 2290 ipsa
1508 2236 1706 2291 quoque
1758 2221 1882 2291 fidei
1935 2239 1967 2275 a

93 2313 272 2361 sancta
310 2307 634 2363 Nicaenorum
672 2309 889 2365 Petrum
937 2313 1133 2383 synodo
1176 2316 1419 2387 expositae
1468 2324 1810 2372 consentanea
1860 2336 1969 2374 esse

94 2403 316 2474 videtur,
341 2422 407 2460 an
438 2423 557 2461 vero
594 2409 769 2462 secus?
800 2407 1013 2478 (Labbe,
1054 2413 1094 2463 t.
1125 2408 1211 2476 ΙΙΙ,
1241 2410 1326 2466 col
1389 2412 1520 2482 495,
1557 2413 1688 2470 edit.
1716 2414 1963 2484 Parisiis,

96 2499 420 2571 1671).11aec
443 2503 679 2560 secunda
705 2504 967 2562 Bossuetii
996 2506 1138 2563 ratio
1168 2508 1358 2565 eodem
1390 2528 1452 2567 ac
1483 2510 1636 2585 prior
1660 2511 1791 2568 vitio
1818 2514 1965 2570 labo-

94 2604 199 2667 rat,
229 2597 282 2654 id
309 2606 411 2666 est,
450 2619 558 2656 non
587 2602 780 2676 probat
819 2602 966 2675 quod
1005 2603 1349 2678 probandum
1387 2615 1522 2665 erat.
1572 2609 1719 2667 Licet
1764 2630 1963 2687 nempe

93 2695 340 2752 Patribus
371 2696 655 2771 Ephesinis
680 2697 987 2756 indubitata
1017 2707 1161 2758 esset
1188 2702 1448 2776 obligatio
1476 2707 1815 2764 assentiendi
1840 2709 1965 2783 dog-

93 2791 288 2847 matico
322 2793 587 2852 Coelestini
619 2796 849 2869 judicie,
879 2804 1175 2872 potuerunt
1202 2802 1537 2874 examinare,
1578 2805 1875 2876 discutere,
1908 2815 1962 2864 et

97 2885 336 2960 idipsum
370 2892 514 2963 quod
555 2895 1004 2968 pronuntiaverat
1043 2897 1366 2958 Coelestinus
1411 2903 1786 2961 conciliariter
1835 2925 1961 2980 pro-

100 2982 372 3042 nuntiare.

176 3079 408 3153 Objicies.
433 3113 500 3123 —
527 3083 580 3139 Si
595 3085 707 3158 jam
736 3086 888 3145 linita
910 3089 1104 3148 fuisset
1131 3111 1293 3153 causa
1310 3113 1407 3171 per
1439 3097 1712 3156 Coelestini
1744 3108 1962 3160 senten-

103 3178 259 3248 tiam,
291 3186 344 3236 et
368 3179 493 3238 huic
518 3185 800 3242 sententiae
834 3206 1023 3246 omnes
1058 3192 1289 3267 obsequi
1321 3194 1662 3272 debuissent,
1693 3199 1963 3260 inutiliter

99 3273 355 3348 Ephesini
386 3275 571 3335 Patres
611 3280 908 3339 concilium
958 3284 1345 3346 celebrassent.

175 3371 472 3444 Respondeo
497 3395 512 3426 .·
539 3374 681 3432 Licet
709 3376 937 3436 Romani
978 3380 1254 3441 Pontificis
1277 3386 1646 3460 dogmaticum
1682 3393 1954 3468 judicium

101 3467 342 3542 plenam,
383 3490 724 3549 supremam,
758 3475 1119 3550 definitivam,
1146 3501 1448 3561 omnesque
1497 3489 1682 3550 fideles
1727 3495 1958 3555 obstrin-

94 3573 307 3637 gentem
353 3571 744 3630 auctoritatem
781 3574 999 3647 habeat,
1052 3578 1367 3654 contingere
1412 3591 1610 3659 potest,
1658 3595 1717 3647 ut
1763 3595 1981 3653 subse-¹
