2262 3990
257 110 345 156 560
934 99 1232 146 TRACTATUS
1259 100 1324 146 DE
1355 101 1502 171 PARA.

259 215 568 282 auctoritas,
620 225 732 281 qua
777 210 992 262 caeterae
1035 207 1262 264 socialis
1303 207 1522 266 aedificii
1547 198 1759 283 parteS,
1796 229 1910 267 non
1946 217 2166 277 tantum
2252 196 2253 201 ¹

259 307 644 376 distributive,
679 303 775 360 sed
798 303 971 360 etiam
1008 305 1297 364 collective
1320 313 1583 382 sumptae,
1610 313 2003 368 sustentantur
2033 319 2086 371 et
2110 314 2168 374 in

255 409 475 466 unitate
517 425 580 462 ac
615 392 815 461 mutua
853 405 1174 464 cohaesione
1206 407 1550 464 retinentur.
1588 406 1834 466 Ecclesia
1868 410 2018 467 enim
2060 432 2169 476 non
2255 474 2257 482 ,

256 511 340 563 est
376 504 644 576 Ecclesia,
683 503 796 560 nisi
837 510 1120 578 quatenus
1166 513 1429 564 constans
1458 506 1732 564 membris
1764 507 1884 567 suis
1911 509 2171 572 collective

255 608 502 681 sumptis.
537 605 713 679 Igitur
738 605 908 680 Papa,
944 607 1030 662 vel
1057 625 1171 663 non
1199 613 1283 665 est
1308 606 1569 665 Ecclesiae
1601 607 2064 683 fundamentum,
2090 612 2175 671 vel
2257 592 2262 698 1

257 712 341 763 est
374 707 839 777 fundamentum,
875 725 938 762 ac
986 707 1225 781 proinde
1266 726 1532 784 suprema
1585 708 1916 780 auctoritas,
1949 709 2175 770 relative
2257 713 2262 776 j

258 806 328 863 ad
357 806 550 863 omnia
585 804 843 862 Ecclesiae
879 806 1135 862 membra
1184 806 1450 863 collective
1478 815 1709 880 sumpta.
1752 839 1809 848 —-
1842 806 1981 863 Item
2018 825 2175 883 repu-

257 912 388 980 gnat
415 907 623 981 Papam
654 922 778 962 esse
807 923 1116 978 supremum
1150 906 1321 962 totius
1347 903 1510 962 ovilis
1533 905 1738 962 Christi
1758 913 2051 980 pastorem,
2071 905 2175 964 nisi

258 1005 388 1062 talis
416 1005 488 1062 sit
523 1004 691 1061 etiam
721 1003 953 1061 relative
987 1003 1057 1060 ad
1084 1022 1209 1061 oves
1236 1005 1501 1062 collective
1531 1013 1789 1079 sumptas.
1819 1005 1958 1061 Nam
1991 1009 2177 1081 pastor

260 1104 358 1178 qui
387 1108 720 1180 potestatem
754 1121 867 1158 non
899 1102 1127 1158 haberet
1167 1103 1397 1178 regendi
1421 1122 1550 1160 oves
1577 1102 1867 1161 collective
1901 1109 2174 1178 sumptaS,

260 1206 357 1262 sed
390 1210 617 1261 econtra
639 1203 956 1277 subjaceret
978 1201 1167 1258 ovium
1195 1202 1484 1259 collective
1511 1208 1871 1279 sumptarum
1895 1202 2176 1278 regimini,

260 1323 374 1362 non
400 1310 546 1362 esset
563 1311 775 1377 pastor,
805 1320 908 1358 nec
932 1301 1039 1358 nisi
1068 1301 1314 1359 ridicule
1336 1302 1467 1359 talis
1488 1302 2015 1360 diceretur.—ltem
2042 1302 2182 1360 deri·

260 1402 409 1460 sorie
423 1401 677 1457 Christus
691 1401 848 1474 Papae
863 1399 1239 1458 commisisset
1255 1400 1315 1456 os
1315 1399 1503 1456 licium
1527 1418 1591 1456 ac
1605 1399 1841 1477 proinde
1858 1406 2180 1475 potestatem

265 1501 616 1574 confirmandi
632 1501 829 1573 fratres
849 1518 993 1569 suos,
1020 1499 1132 1555 nisi
1152 1499 1421 1557 voluisset
1446 1517 1549 1576 par
1569 1499 1692 1574 ejus
1715 1498 2108 1557 auctoritatem
2128 1498 2182 1556 in

264 1606 420 1657 recta
440 1599 548 1657 fide
560 1606 610 1657 et
626 1599 781 1656 sanis
805 1599 1063 1656 moribus
1083 1598 1199 1674 regi
1214 1619 1277 1656 ac
1297 1599 1582 1657 contineri
1602 1599 1805 1657 fratres
1822 1598 1992 1656 etiam
2009 1599 2184 1656 collec-

266 1702 371 1755 tive
390 1707 650 1772 sumptos.
668 1698 806 1754 Nam
827 1698 876 1755 si
893 1698 1163 1755 voluisset
1181 1698 1457 1771 Christus,
1473 1718 1587 1756 non
1604 1700 1788 1775 aPapa
1803 1700 1996 1773 fratres
2010 1699 2186 1756 collec-

271 1802 374 1855 tive
401 1808 661 1872 sumpto-5,
685 1799 782 1855 sed
800 1800 867 1854 ab
893 1798 1028 1873 ipsis
1049 1799 1340 1856 collective
1360 1798 1604 1875 sumptis
1622 1799 1827 1874 Papam
1846 1796 2186 1869 confirmari,

268 1916 381 1953 non
398 1896 687 1953 debuisset
705 1896 891 1952 dicere
913 1898 1093 1967 Peir0‚
1113 1897 1384 1970 Consirma
1402 1898 1598 1970 fratres
1618 1906 1757 1969 τιιοε,
1776 1896 1872 1955 sed
1896 1894 2185 1974 Apostolis,

271 1998 596 2069 Confirmate
624 1996 1102 2051 Petrum—Item
1137 1996 1183 2052 si
1211 1996 1532 2052 collectioni
1562 1997 1966 2073 Episcoporum
1995 2016 2023 2053 a
2058 1997 2193 2071 Papa

273 2098 687 2171 sejunctorum,
735 2102 1081 2170 competeret
1114 2113 1380 2171 suprema
1407 2103 1653 2170 potestas
1696 2095 1999 2153 definiendi
2029 2095 2194 2152 fidem

272 2202 323 2252 et
350 2195 605 2252 edicendi
638 2195 811 2268 legeS,
839 2194 1049 2268 quibus
1074 2195 1267 2251 fideles
1291 2194 1350 2250 in
1374 2196 1646 2251 coelorum
1674 2213 1909 2269 regnum
1940 2195 2192 2251 introdu-

271 2303 498 2367 cantur,
527 2295 633 2351 ista
659 2295 936 2366 collectiO,
966 2313 1078 2352 non
1116 2301 1305 2352 autern
1328 2295 1495 2370 Papa,
1535 2295 1840 2352 constituta
1866 2295 2066 2353 fuisset
2106 2314 2192 2351 su-

274 2417 502 2474 premus
527 2396 650 2454 coeli
677 2396 938 2470 claviger.
977 2430 1045 2437 --
1075 2395 1252 2471 Igitur
1283 2396 1430 2453 dicta
1462 2397 1676 2472 opinio,
1710 2399 1842 2452 cu'm
1872 2395 2193 2470 evangelicis
2213 2396 2231 2474 s*

274 2498 517 2555 textibus
544 2497 767 2565 collata,
804 2515 916 2552 non
943 2501 1166 2552 tantum
1196 2495 1360 2567 falsa,
1391 2496 1489 2552 sed
1516 2502 1570 2552 et
1598 2495 1846 2553 absurda
1875 2502 1980 2553 est.
2208 2556 2210 2558 ,

350 2598 613 2653 Probatur
631 2595 729 2652 III.
761 2628 831 2637 —
858 2594 934 2650 Ex
959 2594 1283 2652 innumeris
1304 2595 1533 2652 Patrum
1557 2600 1609 2650 et
1641 2594 2011 2652 conciliorum
2045 2592 2194 2651 testi·
2220 2575 2221 2578 Ἴ

276 2696 505 2765 moniis,
532 2715 656 2770 quac
675 2714 1001 2771 supremam
1022 2694 1414 2752 auctoritatem
1446 2696 1601 2771 Papae
1624 2695 1882 2752 tribuunt
1925 2697 1978 2751 in
2002 2697 2223 2750 univer-2³

274 2796 441 2853 salem
466 2794 775 2851 Ecclesiam.
823 2793 975 2866 Saepe
1022 2793 1252 2867 quidem
1293 2793 1568 2850 asseritur
1607 2812 1874 2869 suprema
1900 2795 2057 2868 Papae
2106 2809 2194 2868 po-

278 2901 453 2951 testas
490 2912 622 2949 cum
673 2893 778 2948 bac
823 2897 918 2947 aut
961 2891 1316 2965 aequivalenti
1361 2892 1605 2948 formula
1653 2914 1662 2946 :
1712 2894 1765 2948 in
1797 2911 1975 2949 omnes
2017 2889 2194 2947 mundi

278 2994 568 3051 Ecclesia-s,
617 2992 684 3047 At
710 3010 856 3067 saepe
883 2990 1089 3065 saepius
1122 2990 1296 3047 etiam
1333 2991 1637 3049 adhibetur
1670 2991 1977 3066 singularis
2007 3005 2195 3047 nume·

279 3112 380 3150 rus
409 3115 418 3147 ε
454 3096 503 3149 in
541 3093 894 3149 universalem
916 3091 1229 3147 Ecclesiam.
1255 3093 1425 3149 Porro
1448 3091 1568 3164 haec
1594 3092 1906 3168 prosterior
1932 3090 2192 3160 formula,

280 3193 338 3249 in
399 3192 593 3249 stricto
641 3197 696 3248 et
742 3190 899 3247 obvio
941 3209 1108 3247 sensu
1157 3190 1483 3262 intellecta,
1532 3191 1757 3248 denotat
1802 3190 2103 3267 Episcopos
2145 3190 2196 3243 et

281 3290 473 3348 fideles
495 3309 691 3347 omnes
725 3295 1006 3364 quatenus
1041 3289 1307 3345 collective
1334 3296 1594 3365 sumptos.
1630 3289 1746 3346 Non
1780 3289 1931 3347 enim
1973 3286 2196 3344 unicam

284 3388 442 3444 illam
489 3390 845 3446 universalem
891 3388 1184 3445 Ecclesiam
1229 3389 1474 3444 conssant
1539 3395 1819 3462 quatenus
1875 3384 2198 3444 distributive

286 3493 502 3562 sumpti,
535 3490 631 3547 sed
660 3490 954 3546 dumtaxat
980 3494 1264 3562 quatenus
1294 3489 1582 3546 collective.
1618 3488 1816 3563 igitur,
1842 3487 1931 3544 vel
1960 3487 2098 3560 Papa
2119 3483 2199 3570 est

200 3612 205 3618 ³
289 3602 457 3658 supra
489 3590 792 3666 Episcopos
827 3588 1095 3647 collective
1136 3598 1395 3665 sumpt03‚
1437 3589 1523 3647 vel
1549 3608 1661 3646 non
1687 3590 1853 3647 habet
1879 3599 2197 3662 supremam
