2262 3990
275 118 362 166 676
939 110 1244 160 TRACTATUS
1275 111 1340 156 DE
1373 111 1523 159 PAPA.

270 224 380 300 ipsi
425 242 525 300 pro
567 226 720 278 certa
761 223 982 290 tenent,
1038 235 1219 274 unum
1269 217 1483 275 scilicet
1522 236 1560 276 e
1599 218 1790 276 dubiis
1830 221 2207 298 Pontificibus,

269 341 390 380 esse
433 337 630 376 verum
668 318 895 394 Papam.
935 315 1113 391 Igitur
1149 316 1208 372 in
1248 315 1615 391 sequentibus
1641 319 2026 394 paragraphis,
2058 340 2182 401 sup-

267 418 527 497 ponendo
563 436 694 475 cum
727 417 1069 475 adversariis
1097 415 1310 473 nostris
1340 434 1524 473 unum
1553 435 1583 474 e
1609 415 1801 474 dubiis
1825 418 2192 487 Pontificibus.
2257 446 2262 493 .;

266 535 390 575 esse
418 535 616 574 verum
641 536 706 574 ac
738 516 1058 592 legitimum
1091 518 1322 593 Papam,
1350 516 1658 592 probamus
1685 518 1964 593 ejusmodi
1984 510 2188 597 Papam-³

266 617 599 674 nullatenus
621 616 848 674 concilii
872 615 1148 691 generalis
1170 615 1556 690 jurisdictioni
1575 616 1803 691 subjici,
1833 635 1937 674 nec
1955 620 2182 693 proinde
2223 674 2231 684 ,

263 735 331 773 ex
363 716 474 774 isto
514 735 649 774 casu
685 716 864 774 evinci
903 735 1067 793 posse
1099 715 1325 773 concilii
1357 714 1750 772 auctoritatem
1787 735 1961 792 supra
1990 716 2183 778 Roma—

261 833 402 872 num
428 812 777 873 Pontificem.

260 1021 285 1073 g
304 1021 345 1061 2.
368 1044 413 1051 —
447 1022 631 1069 Quaestio
657 1023 708 1064 de
729 1023 937 1076 possibili.
973 1045 1027 1053 -—
1058 1022 1170 1063 Velle
1195 1021 1336 1074 potuit
1359 1021 1549 1063 Christus
1572 1021 1684 1063 dicto
1710 1022 1932 1064 schismati
1954 1022 2082 1065 finem
2099 1024 2179 1067 im-

307 1091 407 1144 poni
435 1103 512 1144 per
538 1092 728 1134 divinam
755 1091 1071 1146 providentiam
1092 1103 1230 1142 suam,
1258 1091 1373 1132 nulla
1396 1091 1635 1134 constituta
1656 1091 1703 1133 in
1726 1092 1856 1134 terris
1882 1104 2010 1146 supra
2037 1106 2179 1138 verum

254 1197 260 1206 ,
313 1159 470 1212 Papam
494 1160 765 1203 auctoritate.

338 1306 377 1359 Ι.
412 1306 818 1377 Ratiocinium,
854 1306 922 1362 ab
969 1306 1307 1363 adversariis
1349 1314 1621 1383 perpetuo
1661 1312 2039 1381 recantatum,
2082 1309 2178 1368 hoc

253 1412 337 1463 est
379 1428 389 1459 z
433 1406 553 1461 Non
596 1407 779 1482 potuit
821 1405 1078 1463 Christus
1122 1407 1429 1464 Ecclesiam
1474 1425 1634 1464 suam
1681 1407 1894 1481 absque
1933 1409 2184 1468 remedio

253 1506 578 1579 relinquero
605 1506 792 1580 quoad
821 1506 1028 1563 dictam
1059 1507 1386 1564 schismatis
1422 1507 1664 1582 speciem
1699 1507 1950 1583 (quando
1982 1527 2187 1584 nempev

253 1605 514 1679 pluribus
551 1606 619 1661 dc
657 1607 867 1680 Papatu
894 1605 1369 1663 contendentibus
1400 1606 1558 1662 nulla
1585 1614 1841 1663 remanet
1878 1626 2005 1682 spes
2034 1607 2175 1664 dete-

249 1705 414 1780 gendi
442 1706 571 1780 quis
606 1706 676 1763 sit
704 1707 1018 1780 legitimus)
1053 1728 1063 1761 :
1102 1706 1259 1780 atqui
1289 1706 1514 1763 nullum
1542 1706 1799 1763 Christus
1826 1707 2173 1782 praestitisset

246 1805 594 1877 remedium,
643 1806 689 1862 si
727 1806 963 1862 concilio
1004 1805 1254 1879 generali
1305 1811 1639 1881 potestatem
1692 1825 1805 1862 non
1846 1805 2174 1863 contulisset

245 1921 441 1960 verum
487 1904 636 1960 inter
672 1904 871 1960 dubios
912 1904 1237 1962 Pontificem
1278 1905 1632 1980 deponendi:
1681 1924 1814 1980 ergo
1859 1907 2006 1962 hanc
2049 1894 2178 1962 conss
2240 1967 2242 1970 ,

247 2003 377 2059 cilio
411 2009 748 2078 potestatem
778 2004 1042 2060 contulit.
1073 2005 1558 2079 —Respondetur
1592 2006 1661 2061 ad
1697 2006 1968 2079 majorem
2002 2027 2011 2058 :
2054 2007 2173 2062 Non

243 2102 428 2177 potuit
467 2103 716 2159 Christus
758 2103 1063 2159 Ecclesiam
1107 2103 1429 2178 relinquere
1473 2103 1595 2161 sine
1640 2105 1886 2161 remedio
1931 2107 2040 2162 sive
2074 2125 2175 2180 per

236 2203 617 2257 ‹cetetorz‘tatem
659 2203 711 2256 in
751 2204 908 2256 terris
936 2203 1293 2267 constitutam,
1335 2205 1443 2258 sive
1483 2221 1581 2277 per
1613 2205 1997 2277 providentiam
2023 2223 2206 2263 suam.

238 2301 577 2374 proestando,
609 2299 851 2355 concedo
883 2321 892 2352 z
935 2318 1051 2355 non
1079 2299 1266 2374 potuit
1301 2300 1624 2373 relinquere
1658 2301 1780 2356 sinc
1807 2301 2055 2358 remedio
2079 2322 2172 2378 per

245 2403 615 2458 auctoritatem
645 2402 879 2475 aliquam
914 2402 1199 2456 humanam
1224 2402 1555 2474 praestando,
1590 2419 1750 2475 nego.
1788 2402 2170 2477 Respondetur

246 2502 315 2557 ad
347 2501 623 2559 minorem
655 2525 666 2558 :
702 2501 820 2558 Nisi
857 2501 1107 2558 Christus
1133 2506 1465 2577 potestatem
1501 2502 1740 2559 concilio
1771 2523 1944 2579 supra
1975 2522 2167 2560 verum

242 2599 447 2675 Papam
495 2599 848 2671 contulisset,
891 2599 1116 2655 nullum
1155 2599 1565 2675 suppeditasset
1597 2601 1912 2657 remedium
1946 2620 2040 2675 per
2079 2602 2167 2657 hu-

244 2717 457 2755 mattam
490 2707 812 2772 potestatem
854 2699 1244 2772 preestandam,
1291 2698 1536 2755 concedo
1573 2721 1583 2752 :
1623 2719 1722 2773 per
1761 2702 1991 2756 divinam
2022 2717 2165 2756 suam

238 2799 629 2872 providentiam
659 2799 1017 2871 ’ἱηςιενεηιῐηνη7
1062 2816 1224 2871 nego.
1265 2798 1554 2872 Ejusmodi
1586 2817 1791 2875 nempe
1827 2799 2163 2856 adversario-

244 2915 373 2953 rum
420 2903 844 2971 argumentum,
902 2896 1050 2972 quod
1095 2897 1418 2955 inscribunt
1461 2917 1527 2955 ex
1576 2902 1886 2956 necessitate
1925 2899 2183 2968 remedii,-

244 3014 466 3052 merum
521 2997 811 3072 sophisma
861 3002 966 3053 cst.
1018 2997 1406 3054 Necessarium
1457 2997 1688 3071 quidem
1741 2998 2056 3055 remedium
2105 3013 2164 3053 eo

245 3110 417 3150 sensu
445 3094 597 3168 quod
640 3094 901 3152 debuerit
936 3094 1189 3151 Christus
1225 3096 1540 3171 providere,
1581 3115 1652 3153 ne
1679 3096 1894 3153 dictum
1926 3096 2163 3153 schisma

245 3200 585 3269 perpetuum
611 3194 792 3251 fieret.
823 3196 891 3252 At
917 3214 1277 3270 nequaquam
1305 3202 1580 3272 repugnat
1607 3196 1664 3253 id
1694 3197 1978 3254 Christum
2005 3211 2186 3272 praes-

245 3300 366 3350 tare
399 3294 646 3351 voluisse
685 3313 785 3370 per
822 3295 1232 3371 providentiam
1271 3314 1459 3363 suam3
1491 3296 1568 3353 ita
1608 3297 1818 3354 scilicet
1857 3301 2081 3354 eventus
2111 3297 2162 3350 et

245 3392 539 3452 hominum
567 3396 735 3452 corda
766 3396 1132 3469 moderandO,
1158 3404 1221 3454 ut
1250 3397 1320 3454 ab
1345 3397 1442 3454 illa
1468 3397 1783 3470 vexatione,
1812 3395 2032 3471 quando
2057 3389 2187 3469 ipsi&

244 3491 508 3564 placeret,
540 3495 844 3554 Ecclesiam
876 3516 1038 3553 suam
1066 3497 1350 3554 liberaret.

322 3589 383 3644 ΙΙ.
434 3576 812 3652 Confirmatur
857 3596 1113 3673 exemplo
1167 3596 1409 3654 aliarum
1436 3595 1824 3664 vexationum,
1871 3610 2009 3668 quas
2040 3605 2185 3669 per-·
