2306 4010
878 189 1006 237 PARS
1038 187 1275 236 SECUNDA.
1966 186 2024 234 29

141 298 263 355 mili
294 297 541 373 periculo
570 296 953 368 constitutam,
990 299 1102 354 non
1137 294 1309 353 semel
1331 294 1478 370 apud
1504 293 1822 368 superiores
1843 293 2026 350 Galliae

138 414 314 469 regeS‚
352 395 463 452 imo
489 394 635 470 apud
669 394 818 450 hunc
845 394 1033 469 ipsum
1066 393 1240 449 libera
1275 409 1406 449 voce
1442 390 1813 462 defenderint,
1854 390 2024 447 victo-

137 511 339 566 resque
363 512 392 549 a
419 492 569 566 regio
601 497 903 567 conspectu
935 489 1297 560 decesserint,
1325 489 1515 547 relatis
1542 489 1710 546 etiam
1731 490 1800 546 ah
1824 490 2024 562 aequis-

137 591 279 647 simo
314 608 442 663 rege
477 590 716 665 praemiis
755 585 1049 663 pastoralis
1074 586 1242 642 officii
1273 593 1501 643 strenue
1536 586 1779 661 impleti?
1821 587 2024 660 Ecquis

137 695 380 745 vestrum
404 687 461 743 in
484 704 710 743 arenam
738 682 1043 753 descendit,
1067 687 1129 737 ut
1151 690 1454 756 opponeret
1482 703 1705 740 murum
1735 704 1834 760 pro
1859 685 2023 742 domo

136 785 336 840 lsrael?
364 782 493 847 Quis
518 798 684 837 ausus
701 785 784 836 est
802 779 1023 834 invidiae
1044 797 1103 834 se
1128 779 1509 842 offerre‘2Quis
1535 783 1619 837 vel
1639 801 1827 839 vocem
1850 801 2022 839 unam

135 881 319 938 emisit
362 895 667 935 memorem
710 877 953 951 pristinae
987 876 1300 932 libertatis?
1339 876 1728 934 Clamaverunt
1772 880 2020 950 interim,

134 979 295 1036 sicuti
328 976 596 1045 scribitis,
621 981 690 1032 -et
725 976 952 1049 quidem
993 976 1050 1031 in
1083 976 1231 1031 mala
1263 993 1432 1031 causa
1462 994 1562 1050 pro
1592 976 1740 1049 regio
1761 978 1888 1049 jure
1915 980 2023 1034 cla·

133 1082 423 1134 maverunt
459 1076 604 1149 regis
638 1074 977 1147 administri,
1022 1092 1148 1130 cum
1188 1093 1282 1130 vos
1329 1074 1385 1128 in
1429 1074 1636 1148 optima
1677 1093 1778 1149 pro
1824 1075 2023 1132 Christi

132 1174 339 1228 honore
368 1171 625 1227 sileretis.
665 1172 849 1244 Neque
874 1170 970 1226 illa
1004 1170 1290 1238 solidiora,
1341 1170 1489 1242 quod
1532 1170 1810 1226 reddituri
1856 1171 2020 1227 nohis

130 1272 423 1342 rationem,
449 1289 548 1328 seu
574 1271 760 1326 verius
791 1270 1207 1326 excusationem
1240 1268 1487 1339 allaturi,
1524 1287 1714 1324 rerum
1739 1270 1796 1324 in
1830 1270 2024 1344 hujus-

131 1367 279 1423 modi
305 1367 546 1424 comitiis
569 1386 667 1442 per
695 1385 789 1422 vos
821 1373 1097 1434 actarum,
1131 1365 1474 1439 exaggeratis
1500 1366 1812 1440 periculum
1843 1386 1913 1423 ne
1936 1387 2020 1423 sa-

129 1467 430 1523 cerdotium
465 1473 518 1522 et
557 1466 855 1540 imperium
895 1465 1042 1520 inter
1086 1483 1144 1520 se
1184 1464 1543 1532 collidantur,
1592 1471 1643 1521 et
1689 1467 1857 1536 mala,
1900 1485 2022 1539 quae

131 1563 326 1618 exinde
371 1563 427 1617 in
463 1562 764 1617 Ecclesiam
810 1566 862 1616 et
899 1561 955 1615 in
998 1561 1402 1635 rempublicam
1446 1562 1711 1634 consequi
1745 1570 1971 1636 possent
2006 1585 2016 1615 :

131 1661 361 1736 proinde
397 1660 738 1716 existimasse
779 1678 873 1715 vos
916 1659 983 1715 ad
1018 1659 1267 1714 officium
1313 1666 1560 1715 vestrum
1606 1642 1883 1733 pertinere
1921 1660 2020 1715 ali-

128 1778 294 1832 quam
339 1758 481 1814 inire
515 1757 784 1813 rationem
824 1756 1058 1812 tollendi
1096 1757 1163 1812 de
1203 1756 1385 1811 medio
1434 1757 1718 1829 gliscentis
1767 1758 2016 1828 dissidii;

128 1854 341 1910 nullam
360 1872 488 1909 vero
510 1853 835 1927 apparuisse
862 1852 1298 1908 commodiorem
1326 1852 1570 1908 remedio
1603 1872 1628 1908 a
1658 1853 2022 1927 Patribusju-

128 1951 329 2021 dicato,
365 1951 490 2007 utili
529 1950 996 2006 condescensione
1026 1967 1268 2005 canones
1298 1950 1647 2023 temperandi
1679 1969 1779 2025 pro
1809 1957 2023 2026 tempo-

127 2069 252 2105 rum
294 2049 640 2122 necessitate,
679 2049 776 2105 ubi
812 2067 991 2121 neque
1026 2049 1152 2104 fidei
1186 2048 1416 2119 veritas,
1443 2067 1626 2122 neque
1668 2069 1890 2106 morum
1926 2053 2022 2106 lio-

125 2154 310 2204 nestas
335 2148 679 2223 periclitetur
705 2169 715 2200 z
744 2146 934 2203 deberi
959 2148 1026 2203 ab
1046 2147 1239 2203 ordine
1254 2153 1456 2217 vestm,
1479 2147 1669 2203 deberi
1688 2167 1717 2203 a
1738 2148 2021 2205 Gallicana

126 2241 236 2297 imo
265 2245 332 2299 ab
368 2243 672 2300 universali
709 2243 952 2299 Ecclesia
986 2244 1296 2317 plurimum
1339 2244 1479 2316 regi,
1510 2250 1623 2299 tam
1663 2245 1928 2318 praeclare
1957 2246 2023 2301 de

126 2343 395 2397 catholica
418 2343 686 2414 religione
715 2343 934 2412 merito,
964 2349 1015 2397 et
1039 2343 1095 2396 in
1130 2343 1247 2397 dies
1274 2343 1448 2413 magis
1495 2342 1697 2396 mereri
1725 2344 1974 2416 cupienti
2007 2365 2015 2395 :

126 2444 414 2514 propterca
433 2456 528 2494 vos
539 2440 667 2513 jure
684 2443 865 2505 vestro
894 2438 1220 2494 decedentes
1238 2438 1377 2493 illud
1402 2438 1457 2492 in
1482 2455 1666 2509 regem
1694 2439 2014 2496 contulisse.

125 2535 439 2590 Omittimus
467 2534 558 2589 hic
584 2553 1020 2590 commemorare
1048 2553 1171 2606 quae
1208 2534 1561 2606 significastis
1588 2535 1654 2589 de
1685 2537 1961 2609 appellato
1990 2557 2018 2593 a

124 2631 276 2687 vobis
312 2631 565 2687 saeculari
604 2630 951 2703 magistratu,
982 2650 1011 2686 a
1046 2649 1155 2703 quo
1183 2631 1313 2686 victi
1335 2631 1716 2701 decesseritis3
1757 2633 2019 2707 cupimus

124 2728 272 2785 enim
299 2728 418 2802 ejus
454 2728 585 2784 sacti
619 2728 949 2784 memoriam
988 2728 1221 2797 aboleri,
1254 2734 1305 2785 et
1339 2729 1599 2785 volumus
1627 2748 1687 2786 ea
1721 2749 1815 2786 vos
1852 2732 2018 2788 verba

124 2845 152 2882 a
179 2827 383 2882 litteris
416 2826 614 2883 vestris
643 2844 981 2901 expungere,
1029 2844 1098 2882 ne
1132 2827 1186 2881 in
1229 2827 1367 2882 actis
1407 2827 1542 2883 cleri
1570 2828 1837 2884 Gallicani
1877 2830 2017 2884 resi-

123 2925 284 2979 deant
309 2924 374 2980 ad
398 2924 638 2980 dedecus
663 2924 830 2980 vestri
858 2924 1100 2980 nominis
1129 2924 1557 2999 sempiternum.
1591 2925 1721 2988 Quae
1752 2927 1819 2982 de
1851 2926 2015 2983 Inno-

122 3023 303 3078 centio
339 3023 428 3093 111,
463 3021 756 3079 Benedicto
782 3022 887 3092 XII,
923 3022 1203 3078 Bonifacio
1235 3022 1341 3076 Vlll
1376 3022 1430 3077 in
1467 3029 1706 3079 vestram
1742 3024 2015 3079 defensio-

126 3136 253 3173 nem
296 3119 592 3189 adducitis,
627 3138 741 3175 non
783 3119 1006 3175 defuere
1040 3120 1134 3192 qui
1176 3120 1355 3175 doctis
1402 3120 1606 3176 litteris
1644 3121 2012 3190 ostenderint,

123 3234 290 3287 quam
322 3215 516 3270 frivola
544 3224 710 3288 atque
732 3223 992 3272 extranea
1018 3216 1131 3272 sint
1154 3235 1367 3284 causae3
1398 3224 1446 3272 et
1481 3217 1656 3289 magis
1688 3223 1883 3271 notum
1910 3224 2013 3286 est,

123 3332 292 3386 quam
336 3320 398 3369 ut
436 3331 574 3387 opus
610 3314 682 3368 sit
715 3332 1178 3384 commemorare,
1224 3334 1335 3386 quo
1372 3316 1506 3385 zelo,
1551 3334 1659 3386 qua
1704 3316 2015 3371 constantia

123 3411 310 3466 eximii
335 3411 415 3466 illi
442 3409 729 3466 Pontifices
751 3410 1007 3467 Ecclesiae
1037 3412 1350 3467 libertatem
1377 3412 1721 3468 defenderint
1751 3413 2015 3470 adversus

124 3509 416 3565 saeculares
439 3513 759 3584 potestateS,
792 3513 1010 3563 tantum
1040 3508 1195 3562 abest
1220 3513 1281 3562 ut
1304 3508 1553 3582 exempla
1576 3527 1768 3566 eorum
1799 3510 2009 3584 possint

123 3605 300 3661 errori
330 3612 510 3662 vestro
533 3602 848 3677 suffragari.
883 3603 1148 3658 Caeterum
1181 3603 1328 3659 ultro
1355 3605 1705 3662 admittimus
1741 3613 1794 3662 et
1821 3608 2012 3662 lauda-
