2306 4010
293 196 384 245 198
973 179 1268 231 TRACTATUS
1299 172 1366 226 DE
1397 179 1542 228 PAPA.

294 302 491 378 nequit
519 305 583 356 ut
613 291 890 371 ejusmodi
928 287 1241 345 decisiones
1281 285 1519 362 puritati
1560 285 1695 345 fidei
1729 303 1986 364 unquam
2026 291 2222 351 adver-'-
2255 294 2282 372 f·

294 406 512 460 sentur.
561 393 664 452 Sed
710 408 900 449 veram
938 388 1108 445 fidem
1140 385 1342 444 laedere
1380 392 1616 463 possent
1669 392 1723 445 et
1760 405 2126 466 corrumpere
2167 393 2221 452 si·
2260 467 2270 470 ,

290 498 475 554 forent
499 489 790 555 fallibiles;
824 504 956 561 ergo
984 484 1316 543 infallibiles
1345 491 1499 543 sunt.
2239 490 2261 559 s

366 592 648 646 Pnoposmo
673 585 823 641 VIII³.
848 584 1282 660 —Infallibilem
1322 603 1436 642 esse
1468 587 1525 642 in
1551 585 1853 658 definienda
1881 587 1987 659 fide
2022 587 2191 646 Roma

290 706 414 746 num
432 686 745 757 Pontificem
766 686 1008 758 seqnitur
1037 703 1102 741 eoe
1120 685 1275 741 Brevi
1294 683 1706 742 Gratulationes
1725 684 2009 742 Clementis
2028 686 2124 744 XI.

285 785 440 844 Istud
468 785 639 841 Breve
674 784 1150 859 transcripsimus
1177 803 1350 860 supra
1372 784 1642 861 (sectione
1667 785 1732 856 II,
1755 786 1939 862 capite
1970 806 2077 857 xm,
2107 789 2133 859 ἓ
2160 787 2219 860 1,

283 903 449 962 prop.
496 882 631 957 Vll).
665 884 746 940 Ibi
780 884 1057 959 quosdam
1097 885 1403 960 Episcopos
1433 883 1627 941 Galliae
1670 884 1877 941 acriter
1919 885 2213 959 redarguit
2263 889 2274 963 J

283 983 539 1040 Clemens
581 981 667 1051 XI,
712 983 864 1056 quod
901 984 1218 1058 dogmatica
1255 982 1437 1060 ipsius
1479 982 1698 1056 judicia
1743 983 2063 1040 examinare
2092 983 2225 1042 ausi·
2258 990 2278 1054 f

286 1081 518 1138 fuerint.
551 1080 732 1145 «Quis
769 1081 922 1138 enim
949 1101 1069 1154 VOS,
1109 1083 1208 1154 ait,
1266 1081 1563 1139 constituit
1601 1081 1825 1157 judices
1862 1100 2034 1158 super
2072 1085 2220 1139 nos?
2276 1100 2279 1108 ·

285 1178 578 1253 Numquid
610 1178 948 1236 inferiorum
976 1187 1059 1237 est
1092 1181 1162 1237 de
1197 1181 1510 1257 superioris
1546 1180 1884 1238 auctoritate
1917 1181 2223 1239 decernere
2288 1163 2290 1165 ζ

290 1280 526 1354 ejusque
552 1279 766 1354 judicia
799 1280 1162 1338 examinare?
1189 1281 1437 1338 »Postea
1473 1280 1720 1337 declarat
1766 1280 1916 1336 idem
1942 1280 2218 1353 Pontifex,
2291 1316 2299 1337 1

287 1398 393 1436 non
412 1398 524 1435 esse
548 1379 959 1454 particularium
988 1383 1289 1436 antistitum
1312 1381 1617 1453 apostolieae
1643 1380 1796 1437 Sedis
1816 1381 2028 1436 decreta
2054 1382 2223 1437 disca·
2282 1383 2293 1450 j

290 1486 422 1549 tere,
467 1479 560 1534 sed
605 1480 917 1552 adimplere.
941 1479 1078 1536 Item
1114 1478 1295 1550 docet,
1327 1479 1551 1536 Romani
1573 1479 1850 1550 Pontificis
1885 1479 2220 1551 definitiones

288 1596 394 1634 non
418 1596 482 1634 eac
502 1581 737 1652 ipsoram
757 1581 862 1651 sicle
889 1580 1276 1656 dijudicandas,
1301 1580 1398 1636 sed
1422 1579 1611 1654 potius
1634 1596 1730 1636 eos
1753 1596 1914 1634 suam
1932 1577 2098 1634 fidem
2132 1579 2222 1650 fir-

289 1696 430 1733 mam
457 1696 578 1735 6336
605 1686 659 1735 et
703 1687 876 1736 ratam
916 1698 1221 1753 agnoscere
1262 1679 1486 1750 debere,
1521 1698 1588 1736 ex
1622 1697 1686 1735 eo
1734 1679 1882 1752 quod
1929 1679 2222 1752 definitioni

291 1776 522 1833 Romani
572 1779 846 1850 Pontificis
876 1779 1234 1847 consentiat3
1275 1785 1447 1852 atque
1486 1780 1634 1835 hanc
1682 1795 1804 1835 6336
1837 1777 2218 1834 Ecclesiarum
2278 1788 2283 1796 ·

293 1875 551 1932 omnium
579 1877 855 1950 regulam.
899 1878 1038 1934 Item
1069 1877 1203 1934 dicit
1237 1877 1486 1953 praefatis
1523 1877 1887 1953 praesulibUS,
1909 1876 2093 1950 quoad
2128 1876 2221 1933 de-

290 1973 470 2030 cisam
513 1974 572 2029 in
617 1973 1022 2030 constitutione
1048 1992 1150 2030 sua
1183 1973 1564 2046 dogmaticam
1614 1973 2007 2046 quaestionem,
2041 1991 2098 2029 se
2128 1990 2216 2030 eo·
2288 2041 2291 2048 Α

292 2090 425 2129 rum
460 2077 777 2130 sententiam
811 2092 917 2130 non
971 2081 1272 2147 expectare,
1302 2074 1396 2128 secl
1439 2073 1791 2128 obedientiam
1829 2074 2116 2146 injungere.
2153 2072 2219 2130 Et
2287 2117 2291 2122 .

292 2172 525 2229 tandem
548 2178 819 2246 tanquam
843 2173 1123 2229 absonum
1156 2171 1342 2246 rejicit
1369 2171 1518 2245 quod
1544 2172 1836 2246 apostolica
1850 2171 2079 2243 judicia,
2115 2190 2218 2245 pro

293 2274 583 2328 sancienda
611 2272 796 2346 reqnla
821 2273 947 2344 fidei
971 2291 1003 2327 a
1028 2271 1256 2328 Summis
1286 2271 1625 2342 Pontificibus
1650 2272 1779 2343 lata,
1812 2271 2036 2326 debeant
2061 2271 2223 2328 veluti
2277 2251 2302 2327 ᾗ,

292 2373 538 2427 natantia
557 2373 823 2445 reputari,
843 2370 956 2427 nisi
979 2372 1381 2444 superveniente
1399 2369 1655 2445 ipsorum
1675 2370 1878 2442 judicio
1905 2369 2221 2452 fulciantur.
2263 2349 2302 2445 3Ῐῇ

292 2468 452 2526 Haud
498 2488 630 2526 sane
660 2470 844 2544 potuit
880 2471 1134 2527 Clemens
1165 2469 1229 2524 XI
1262 2469 1466 2526 fortius
1502 2473 1554 2526 et
1590 2467 1949 2525 manifestius
1981 2467 2087 2524 sibi
2139 2468 2223 2523 in·
2268 2476 2293 2497 ³·

295 2566 700 2624 fallibilitatem
728 2568 1036 2625 vindicare.
1067 2568 1205 2623 Nam
1227 2568 1274 2624 si
1304 2568 1389 2623 fas
1415 2586 1529 2623 non
1557 2566 1628 2623 sit
1653 2566 1914 2641 ipsismet
1931 2565 2221 2640 Episcopis

294 2665 534 2722 Romani
559 2666 843 2723 Pontificis
869 2666 1224 2725 definitiones
1251 2669 1557 2722 examinare
1579 2684 1639 2721 ac
1669 2667 1950 2736 discutere,
1978 2670 2032 2720 et
2058 2682 2223 2721 econ·
2251 2690 2256 2742 j
2302 2699 2306 2734 5

295 2769 382 2821 tra
406 2770 711 2821 teneantur
750 2765 829 2821 eis
868 2767 1127 2821 assentire
1151 2782 1215 2820 ac
1251 2765 1481 2837 obedire,
1522 2762 1849 2819 infallibiles
1890 2762 2002 2819 sint
2027 2780 2105 2819 eae
2134 2761 2202 2819 de
2299 2746 2306 2765 ζ

295 2862 582 2919 finitiones
610 2880 839 2919 necesse
867 2869 949 2919 est
973 2867 1099 2919 ante
1126 2862 1440 2972 quamlibet
1474 2861 1915 2937 acceptationem
1944 2867 1994 2919 et
2023 2879 2222 2937 super-

296 3062 605 3137 Episcopus
635 3067 764 3119 ante
790 3080 1022 3119 examen
1050 3069 1103 3119 et
1136 3062 1627 3138 supervenientem
1679 3061 2076 3119 auctoritatem
2135 3061 2238 3116 in·
2273 3137 2277 3142 ι

297 3159 594 3217 fallibilem
623 3160 705 3219 eis
743 3161 1017 3218 assentire
1055 3167 1108 3218 et
1142 3161 1376 3236 obsequi
1411 3166 1720 3218 teneretur.
2278 3047 2306 3235 ζ,

372 3260 668 3316 Pssoposmo
696 3261 802 3316 IX2.
838 3293 915 3302 —-
947 3260 1293 3334 Infallibilem
1320 3279 1432 3318 esse
1459 3261 1756 3317 Romanum
1783 3260 2097 3331 Pontificem
2129 3274 2232 3313 36-
2265 3246 2303 3328 3

297 3360 474 3427 quitur
519 3377 584 3415 ex
619 3378 678 3415 eo
716 3359 856 3433 quod
891 3360 947 3415 id
981 3377 1113 3434 eoepi
1116 3378 1231 3416 esse
1258 3361 1685 3436 pronuntiaverit
1701 3358 1833 3414 Pius
1855 3358 2006 3431 Papa
2032 3353 2124 3425 IX,
2161 3325 2302 3436 nl}

301 3451 491 3510 litteris
530 3459 808 3532 encyclicis
865 3458 898 3514 9
933 3451 1230 3516 novembris
1275 3458 1446 3516 1846.
1473 3491 1544 3500 —-
1589 3458 1826 3513 Textum
1877 3454 2003 3511 vide
2047 3432 2301 3527 supra}

301 3550 654 3627 (sectionell,
693 3558 876 3632 eapite
899 3578 1008 3628 xm,
1049 3559 1156 3631 gl,
1195 3557 1577 3635 propositione
1618 3556 1751 3626 XII).
1784 3556 1857 3611 De
1882 3543 2297 3632 εωοῐοΓίῑειίμ

304 3650 619 3723 infallibili
603 3673 659 3708 in
691 3657 852 3712 rebus
875 3658 1001 3727 fidei
1022 3665 1074 3714 et
1097 3675 1326 3729 morum,
1357 3674 1616 3732 expresse
1645 3654 1780 3712 dicit
1803 3655 1936 3711 Pius
1961 3653 2070 3709 ΙΧ;
2094 3645 2246 3718 Quaef
2284 3709 2286 3714 ,
