2262 3990
287 110 374 157 400
962 98 1256 147 TRACTATUS
1287 98 1354 144 DE
1386 100 1533 148 PAPA.

286 216 455 275 zandi
491 215 603 271 sint
634 206 902 278 haeretici)
940 206 1064 278 quid
1100 205 1291 278 sinyuli
1311 209 1601 263 sentiamus
1621 210 1959 282 proferamus
1980 211 2204 288 (Labe
2252 202 2262 296 Ι

287 320 328 370 t.
356 314 400 382 Ι,
426 309 533 367 601.
576 303 706 372 786,
739 299 1002 358 editionis
1032 300 1324 373 Par-ismae,
1357 302 1554 377 1671)

365 405 610 478 objicies.
648 434 725 442 —
758 399 1101 458 Reverentiae
1132 419 1303 458 eausa
1341 400 1410 459 de
1447 400 1732 477 Stephano
1786 402 1932 478 Papa
1976 404 2212 480 ejusque·
2255 405 2262 475 ι’

285 507 511 562 decreto
540 518 807 578 expresse
843 519 959 558 non
992 500 1333 575 loquuntur.
1368 500 1474 558 Sed
1518 501 1589 558 ad
1617 501 1786 558 hocce
1813 502 2104 559 decretum
2133 505 2208 564 al«-
2257 539 2262 556 .

283 603 489 659 ludunt
534 599 894 677 apertissime
946 599 1085 656 dum
1114 600 1195 657 ita
1228 599 1585 676 subjungunt
1627 621 1638 654 ε
1691 601 1870 675 Neque
1902 604 2042 657 euim
2072 598 2224 676 quisi-j
2259 638 2262 652 ‹

283 722 439 778 quam
471 710 713 758 nost-rum
756 700 1070 775 Episcopum
1101 719 1158 757 se
1204 719 1318 757 esse
1356 701 1739 775 Episcoporum
1795 705 2083 775 constituit,
2124 712 2213 765 aut
2259 713 2262 749 ¹

285 804 561 877 tyrannico
601 810 807 858 terrore
853 800 922 855 acl
959 800 1280 872 obsequendi
1315 801 1685 857 necessitatem
1712 798 1943 874 collegas
1984 819 2106 858 suos
2132 802 2215 860 adn*i

286 904 402 975 iyit,
437 906 545 958 etc.

364 1001 699 1075 RespondeO.
720 1033 793 1041 —
812 999 930 1065 Qua
962 998 1182 1056 ratione
1198 999 1513 1056 reverentia
1535 1000 1725 1057 vocari
1752 1007 1923 1074 queat
1943 1000 1994 1057 is
2020 987 2232 1076 agendi⁴

290 1101 512 1173 moduS‚
547 1119 644 1175 ego
670 1118 907 1176 prorsus
934 1118 1048 1156 non
1072 1099 1253 1156 video.
1284 1100 1565 1157 Africanis
1594 1101 1884 1176 Episcopis
1919 1101 2234 1176 rescripse-g.

289 1208 378 1259 rat
405 1201 724 1276 Stephanus
747 1201 1125 1273 Papa,eorum
1147 1198 1489 1255 sententiam
1518 1199 1820 1270 damnanS,
1848 1206 1902 1254 et
1930 1217 2002 1255 ne
2025 1200 2223 1276 rebap-

288 1302 525 1359 tizarent
556 1299 883 1374 prohibens.
910 1297 1018 1372 Ipsi
1048 1316 1179 1354 vero
1216 1298 1506 1354 decretum
1536 1297 1691 1355 istud
1734 1298 1809 1354 ita
1852 1303 2220 1359 contemnunt

290 1418 354 1456 36
396 1398 561 1454 11111111
603 1397 842 1468 faciunt,
873 1403 935 1452 ut
964 1415 1036 1453 ne
1062 1396 1412 1453 mentionem
1440 1396 1669 1470 quidem
1707 1398 1777 1454 de
1807 1397 1928 1473 ipso
1960 1398 2220 1458 facientes

288 1498 639 1558 contrarium
669 1497 931 1573 synodice
964 1497 1375 1573 pronuntient;
1430 1497 1608 1554 immo
1652 1497 1996 1554 allusionem
2025 1498 2093 1554 ad
2120 1498 2223 1556 Ro-

292 1619 527 1657 manum
572 1598 918 1668 Pontificem,
959 1598 1130 1654 tacito
1175 1599 1298 1671 ejus
1351 1597 1603 1668 nomine,
1656 1597 1885 1667 addant,
1934 1617 2045 1672 qua
2098 1617 2223 1657 eum

288 1699 604 1776 tyrannidis
660 1704 950 1756 accusant.
999 1698 1075 1754 Ea
1126 1716 1261 1755 sane
1303 1716 1416 1754 non
1461 1697 1801 1767 reverentia,
1853 1697 1954 1753 sed
2008 1698 2223 1772 egregia

296 1799 488 1875 potius
548 1798 849 1855 insolentia
912 1797 1149 1854 dicenda
1203 1802 1308 1855 est.
1362 1796 1465 1853 Sed
1514 1796 1737 1854 admitti
1788 1797 1985 1871 nequit
2034 1797 2221 1854 istius-

297 1896 449 1953 modi
494 1896 786 1952 silentium
824 1895 891 1952 de
930 1895 1184 1951 Romano
1232 1895 1499 1952 Pontifice
1545 1914 1608 1952 ac
1651 1895 1720 1953 de
1759 1896 1938 1971 ipsius
1986 1896 2221 1954 decreto·

298 1995 437 2051 Nam
478 2000 600 2051 acta
640 1994 898 2050 referunt
939 1993 1078 2067 quid
1121 1994 1336 2067 singuli
1365 1994 1434 2049 87
1462 1994 1722 2069 Episcopi
1756 1995 2022 2052 dixerint.
2060 1995 2225 2051 Porro

303 2092 659 2189 impossibile
679 2099 764 2149 est
790 2099 853 2148 ut
883 2092 951 2148 de
974 2092 1208 2167 praefato
1233 2091 1454 2148 decreto
1480 2091 1654 2148 locuti
1682 2111 1795 2148 non
1825 2092 1958 2162 sint,
1988 2111 2117 2148 cum
2149 2093 2229 2166 (ut

299 2190 658 2266 supponitur)
691 2189 760 2245 ad
788 2189 1224 2264 expendendum
1255 2194 1306 2245 et
1344 2188 1758 2263 explodendum
1787 2189 1934 2246 1106
1921 2208 2110 2265 ipsum
2138 2189 2228 2246 de-

301 2296 520 2346 cretum
554 2287 804 2363 synodus
849 2293 1042 2344 603613
1073 2287 1166 2343 311.
1202 2286 1356 2343 Unde
1403 2304 1595 2343 revera
1631 2286 1833 2343 merito
1871 2285 2227 2344 concluditur

303 2389 496 2465 spuria
547 2405 673 2444 6336
708 2387 866 2444 1111113
906 2387 1133 2443 concilii
1171 2392 1314 2458 3613,
1347 2405 1411 2444 ex
1438 2405 1501 2443 eo
1546 2386 1696 2461 quod
1725 2386 1795 2443 de
1830 2387 2101 2462 Stephani
2135 2387 2224 2454 def

303 2493 455 2543 creto
482 2505 718 2562 prorsus
746 2486 973 2557 sileant,
1001 2492 1053 2542 et
1082 2484 1258 2542 simul
1286 2485 1722 2561 supponendum
1756 2485 1827 2542 sit
1854 2490 2026 2541 totam
2050 2483 2225 2542 conci-

305 2584 505 2641 liarem
537 2585 1005 2661 disceptationem
1035 2585 1184 2640 cirea
1207 2587 1379 2641 hocce
1405 2585 1695 2642 decretum
1723 2590 2003 2642 versatam
2030 2585 2230 2650 fuisse«-

380 2683 436 2738 6ο
467 2683 691 2739 Accedit
742 2682 1117 2739 contradictio
1157 2682 1305 2739 inter
1353 2682 1672 2739 doctrinam
1726 2683 1795 2739 ab
1832 2683 1939 2739 isto
1993 2681 2231 2739 concilio

305 2786 724 2854 propugnatam
768 2787 821 2835 et
860 2780 1115 2853 ejusdem
1141 2780 1362 2836 concilii
1398 2780 1843 2853 conclusionem.
1872 2782 2223 2857 Propugnant

304 2897 509 2954 nempe
550 2878 799 2935 Africani
845 2879 1034 2935 Patres
1079 2884 1131 2935 et
1161 2897 1262 2953 pro
1295 2886 1448 2936 certo
1479 2881 1686 2937 hahent
1727 2882 1998 2957 baptismi
2027 2883 2095 2938 ab
2127 2882 2223 2937 hae-

304 2977 496 3034 reticis
538 2977 730 3034 collati
764 2976 1107 3035 nullitatem.
1160 2978 1296 3034 Inde
1331 2985 1521 3035 autem
1566 2979 1944 3053 colligendum
2001 2979 2221 3036 omnino

303 3075 586 3144 veniebat,
615 3074 760 3131 nulli
795 3074 1066 3150 Episcopo
1094 3074 1178 3131 fas
1213 3093 1334 3131 esse
1366 3076 1724 3133 venientibus
1757 3095 1822 3134 ex
1862 3077 2060 3134 haeresi
2093 3077 2225 3150 bap-

305 3174 474 3231 tisma
498 3175 795 3248 denegare.
818 3175 986 3231 Porro
1015 3182 1243 3232 econtra
1272 3176 1516 3233 liberum
1544 3177 1858 3235 decernunt
1881 3183 1942 3234 ut
1961 3180 2066 3235 hac
2090 3177 2147 3233 in
2163 3190 2219 3233 re

306 3291 470 3330 suam
506 3274 749 3349 quisque
778 3274 1083 3350 Episcopus
1128 3276 1471 3333 sententiam
1509 3277 2111 3350 sequaturtNeminem
2139 3276 2219 3346 ju-

309 3374 564 3440 dicantes,
594 3382 686 3430 aut
716 3393 748 3430 a
770 3374 893 3447 J'ure
925 3377 1304 3432 communionis
1339 3376 1586 3450 aliquem,
1615 3378 1663 3431 31
1689 3377 1955 3434 diversum
1979 3372 2214 3441 senserit,

311 3478 629 3530 amoventes.

383 3567 557 3640 Igitur
605 3577 947 3645 praetensum
998 3572 1140 3630 illud
1186 3573 1622 3649 Carthaginense
1662 3574 1967 3632 concilium
2012 3585 2216 3646 nequa-
