2262 3990
854 168 980 215 rins
1011 165 1253 215 saeuum.
1566 131 1573 139 ’
1903 161 1988 208 481

124 284 394 344 simorum
430 279 780 335 dominorum
808 270 1183 331 Cardinalium
1234 269 1400 344 hujus
1445 284 1716 343 supremae
1767 284 1831 324 ac
1868 266 1994 324 uni-

121 378 348 437 versalis
372 373 772 449 inquisitionis,
801 390 830 428 a
860 366 1333 444 qualificatoribus
1355 363 1626 437 theologis
1657 361 1985 437 qualificatae

123 476 349 532 suerunt
366 473 488 528 duae
503 469 903 546 propositiones
926 466 994 522 de
1010 464 1307 522 stabilitate
1318 461 1451 519 solis
1471 467 1524 518 et
1549 461 1616 517 de
1633 465 1787 516 motu
1810 465 1993 528 terrae,

125 580 186 630 ut
214 571 496 645 sequitur:
526 569 695 625 Solem
719 584 835 622 esse
854 567 908 621 in
927 571 1100 620 centro
1125 562 1324 629 mundi,
1354 568 1404 616 et
1426 559 1735 615 immobilem
1753 566 1894 615 motu
1919 557 1996 614 lo-

130 670 252 739 cali,
279 676 356 725 est
374 667 663 741 propositio
688 662 914 719 absurda
941 668 988 717 et
1007 661 1146 732 falsa
1174 662 1227 714 in
1246 659 1608 732 philosophia;
1632 647 1681 713 et
1700 657 1998 731 formaliter

129 769 391 836 haeretica,
421 767 540 837 quia
564 771 641 819 est
668 776 911 835 expresse
941 758 1207 813 contraria
1239 756 1528 827 Scripturae
1552 773 1740 827 sacrae.
1769 777 1797 808 »
1826 754 2000 827 Igitur

129 865 396 920 haereseos
436 866 585 927 nota,
614 874 722 913 non
748 873 777 911 a
803 854 961 910 Sacra
1002 851 1428 924 Congregatione
1458 850 1869 925 inquisitionis,
1903 850 1999 907 sed

129 975 158 1011 a
179 948 308 1012 solis
328 953 593 1024 theologis
619 951 803 1005 inusta
831 954 931 1003 est.
967 948 1043 1002 lta
1071 945 1352 1000 nonnulli.
1398 950 1403 954 ’

204 1053 257 1107 5.
285 1049 386 1105 Sed
414 1047 522 1103 diei
553 1050 732 1120 potest
755 1043 1068 1099 Cardinales
1094 1041 1366 1114 ejusmodi
1401 1040 1871 1112 qualificationem
1903 1060 1999 1117 ap-

127 1145 387 1221 probasse
419 1161 481 1198 ae
506 1160 664 1198 suam
698 1141 919 1205 secisse3
959 1147 1125 1212 atque
1157 1138 1212 1193 id
1239 1138 1412 1194 evinci
1441 1156 1505 1194 ex
1536 1139 1755 1211 reliquo
1784 1146 2003 1196 senten·

125 1243 214 1299 tiae
233 1247 510 1298 contextu.
543 1240 759 1307 Etenim
785 1238 951 1308 infra,
982 1238 1078 1293 ubi
1105 1237 1308 1292 dicitur
1337 1235 1563 1292 concedi
1591 1236 1998 1292 absolutionem

126 1357 512 1409 censurarum,
538 1338 618 1394 sic
653 1337 907 1393 additur:
933 1358 959 1388 «
995 1335 1297 1391 Dummodo
1329 1334 1487 1408 prius
1517 1334 1681 1389 corde
1709 1334 1924 1390 sincero
1952 1340 2001 1389 et

126 1435 231 1491 fide
264 1452 372 1489 non
406 1434 528 1489 ficta
566 1451 751 1507 coram
794 1432 954 1488 nobis
989 1431 1230 1504 abjures,
1263 1430 1567 1486 maledicas
1613 1437 1665 1485 et
1712 1430 2005 1486 detesteris

126 1534 451 1606 supradictos
482 1549 697 1587 errores
744 1536 796 1586 et
828 1532 1067 1586 haereses.
1103 1552 1129 1581 »
1160 1530 1218 1584 Et
1253 1530 1419 1603 paulo
1465 1534 1625 1584 antea
1655 1550 1664 1581 :
1697 1550 1724 1581 «
1765 1529 2010 1586 Declara-

133 1649 279 1698 muS‚
313 1637 365 1686 te
406 1630 757 1686 Galilaeum...
804 1629 1042 1703 teipsum
1087 1627 1390 1683 reddidisse
1417 1627 1548 1682 huic
1577 1627 1772 1683 Sancto
1819 1626 2007 1682 Officio

133 1730 484 1784 vehementer
538 1733 858 1802 suspectum
906 1727 971 1781 de
1020 1725 1248 1790 haeresi;
1313 1725 1414 1780 hoc
1442 1730 1542 1797 est,
1581 1724 1729 1796 quod
1763 1724 2010 1779 credide·
2069 1758 2076 1764 -

132 1826 209 1880 ris
229 1832 279 1880 et
295 1826 540 1880 tenueris
562 1824 869 1879 doctrinam
891 1823 1083 1878 falsam
1107 1827 1160 1877 et
1175 1822 1510 1876 contrariam
1532 1821 1705 1876 sacris
1733 1827 1782 1876 et
1804 1820 2008 1876 divinis

132 1920 455 1995 ScripturiS,
487 1921 660 1976 solem
688 1919 937 1976 videlicet
980 1936 1099 1974 esse
1134 1924 1388 1994 centrum
1421 1918 1569 1972 orbis
1597 1923 1759 1973 terrae
1793 1924 1846 1973 et
1877 1935 2006 1973 eum

134 2036 245 2075 non
284 2019 486 2076 moveri
536 2019 604 2074 ab
645 2018 863 2074 Oriente
904 2018 960 2072 in
1011 2016 1381 2085 Occidentem,
1417 2012 1623 2072 terram
1666 2017 1876 2074 moveri
1908 2035 2010 2073 nee

134 2132 254 2171 esse
282 2122 533 2171 centrum
569 2115 787 2186 mundi,
838 2121 890 2170 et
930 2131 1089 2187 posse
1144 2113 1317 2168 teneri
1357 2130 1418 2166 ac
1465 2112 1684 2167 defendi
1738 2120 2007 2186 tanquam

138 2210 476 2281 probabilem
519 2210 836 2281 opinionem
862 2209 1130 2279 aliquam,
1151 2214 1450 2280 postquam
1479 2208 1751 2263 declarata
1780 2227 1842 2264 ac
1882 2210 2012 2264 deti-

141 2304 255 2359 nita
278 2304 439 2358 suerit
466 2306 735 2359 contraria
751 2305 924 2359 Sacrae
948 2303 1263 2376 Scripturae.
1297 2326 1323 2354 »
1343 2303 1476 2358 Cum
1504 2304 1578 2359 ibi
1603 2312 2011 2362 enumerentur

143 2401 303 2456 variae
331 2401 613 2456 sententiae
649 2401 718 2456 ob
746 2418 880 2473 quas
921 2401 1173 2455 Galilaeus
1205 2418 1324 2456 sese
1358 2401 1596 2456 reddidit
1633 2411 1922 2475 setspeetum
1950 2405 2013 2459 de

141 2499 348 2566 haeresi,
379 2497 768 2568 aequivalenter
791 2497 1069 2553 declarant
1097 2497 1416 2553 Cardinales
1445 2498 1689 2570 aliquam
1719 2500 1915 2556 saltem
1943 2518 2008 2556 ex

143 2592 228 2647 his
260 2593 549 2647 sententiis
591 2610 712 2648 esse
743 2594 1058 2648 haereticam.
1096 2593 1240 2649 Talis
1271 2599 1459 2650 autem
1512 2595 1699 2649 haberi
1750 2597 1817 2651 ab
1871 2596 2009 2670 ipsis

138 2690 407 2745 censenda
451 2697 553 2759 est,
585 2708 645 2746 ea
679 2690 819 2764 ipsa,
849 2708 1014 2763 quam
1056 2690 1464 2763 qualificatores
1498 2694 1803 2764 formaliter
1848 2696 2011 2751 liaere·

140 2786 290 2838 ticam
336 2787 841 2857 pronuntiaverant.
882 2786 1252 2843 Confirmatur
1278 2805 1342 2842 ex
1379 2789 1572 2845 coaevis
1616 2790 2005 2864 scriptoribuS,

143 2876 238 2948 qui
268 2894 449 2934 revera
478 2898 803 2952 persuasum
834 2884 1145 2938 habuerunt
1185 2891 1236 2939 et
1283 2884 1651 2958 scripserunt,
1693 2886 2005 2958 opinionem

144 2971 211 3026 de
241 2972 355 3026 sole
381 2978 557 3028 stante
598 2981 650 3029 et
693 2981 839 3031 terra
887 2982 1117 3049 gyrante
1155 2996 1183 3032 a
1213 2979 1406 3034 Sancto
1442 2979 1632 3033 Officio
1673 2979 2007 3036 declaratam

147 3067 317 3122 fuisse
348 3068 637 3123 haereticam
669 3071 860 3142 (videg
897 3073 951 3140 1,
988 3079 1178 3128 notam
1214 3075 1280 3129 ad
1328 3075 1725 3130 documentum
1758 3076 1801 3140 Ι;
1837 3083 1891 3132 et
1917 3077 2010 3134 do-

145 3170 465 3218 cumentum
498 3164 624 3233 vlt).

220 3259 276 3314 4.
312 3248 732 3315 In'contrarium
764 3261 887 3333 quis
913 3262 1095 3317 forsan
1123 3264 1199 3319 sic
1233 3273 1473 3338 opponet
1497 3266 1675 3321 :Inter
1719 3285 2009 3328 enumera-

145 3363 228 3411 tas
272 3357 573 3412 sententias
613 3358 681 3412 ob
731 3376 869 3430 quas
911 3358 1167 3415 Galilaeus
1199 3361 1407 3416 dicitur
1458 3380 1516 3418 se
1565 3373 1884 3439 suspectum
1940 3369 2007 3427 de

143 3450 336 3504 haeresi
377 3451 705 3519 reddidisse,
753 3452 942 3507 adesse
992 3459 1044 3508 et
1086 3452 1248 3509 istam
1288 3476 1298 3508 :
1331 3455 1398 3511 Et
1431 3475 1587 3529 posse
1631 3464 1791 3516 teneri
1828 3470 1878 3518 et
1921 3465 2006 3520 de-

144 3546 289 3616 fendi
325 3557 567 3619 tanquam
603 3549 921 3620 probabilem
947 3552 1237 3623 opinionem
1261 3553 1509 3626 aliquam,
1537 3566 1812 3631 postquam
1837 3560 2010 3616 decla-

380 3666 426 3697 1¹.
1712 3663 1763 3709 51
