2306 4010
925 189 1050 236 rAas
1080 187 1318 236 sacuam.
2010 189 2072 236 25

222 298 597 354 rbanistarum
629 296 687 351 in
712 297 976 357 Tolosana
1010 296 1251 365 civitate,
1279 295 1520 370 graviter
1550 294 1933 353 dolentium...
1969 295 2072 351 Per

182 398 284 452 hos
310 395 459 451 enim
479 394 597 451 dies
626 394 692 450 ad
717 394 857 450 illud
878 393 1283 451 monasterium
1304 393 1521 450 venisse
1545 393 1848 450 monialem
1874 411 2071 466 quam-

180 495 307 551 dam
346 512 546 567 magno
585 494 872 563 comitam,
913 492 1159 548 militum
1206 493 1373 550 etiam
1412 494 1640 549 cohorte
1677 492 1965 568 stipatam,
2008 498 2071 549 ut

181 594 553 650 abbatissatus
587 592 839 668 perpetui
882 591 1294 665 possessionem
1327 591 1633 659 invaderet,
1678 597 1953 666 praetextu
1989 608 2074 646 re-

181 691 283 763 giae
324 688 741 759 nominationis,
776 686 931 742 nullo
963 687 1091 759 jure
1123 693 1219 742 aut
1258 673 1877 760 consuetudine,'nullo
1910 706 2070 763 apos-

181 791 346 846 tolico
387 787 604 866 indulto
634 786 902 842 subnixae.
942 784 1009 840 Se
1039 785 1268 857 quidem
1304 785 1373 840 ad
1412 786 1691 843 inusitatae
1739 787 1819 843 rei
1859 794 2072 863 specta-

181 887 370 942 culum
406 884 588 959 primo
636 883 923 953 attonitas,
967 899 1096 937 mox
1137 881 1384 937 collectis
1431 882 1636 937 animis
1680 890 1734 939 et
1776 883 2073 958 implorata

178 984 385 1040 coelesti
424 1000 546 1056 ope,
593 998 947 1055 quacumque
985 980 1198 1036 ratione
1239 980 1397 1037 licuit
1430 980 1722 1051 restitisse,
1759 999 1831 1037 ne
1864 982 2073 1038 immu-

177 1082 337 1138 nitati
366 1081 622 1137 Ecclesiae
648 1087 700 1136 et
730 1080 985 1136 instituto
1013 1078 1224 1135 ordinis
1251 1080 1362 1147 sui,
1397 1080 1695 1155 apostolica
1733 1080 2074 1137 authoritate

177 1178 412 1249 firmam,
451 1184 565 1234 tam
602 1177 855 1233 inaudita
883 1196 946 1233 ac
975 1184 1090 1234 tam
1131 1177 1428 1252 perniciosi
1467 1177 1705 1252 exempli
1745 1177 1955 1251 injuria
1990 1178 2075 1234 in-

179 1279 413 1334 ferretur
447 1300 457 1332 :
493 1278 586 1334 sed
629 1284 926 1352 superante
967 1278 1020 1333 vi
1063 1277 1310 1334 militurn
1349 1277 1544 1334 cedere
1588 1278 1816 1333 tandem
1855 1285 2073 1334 coactas

176 1377 531 1448 effractisque
574 1376 785 1431 foribus
823 1393 884 1430 ac
914 1376 1122 1450 pariete
1159 1377 1299 1449 ipso,
1337 1375 1577 1430 liberum
1618 1375 1816 1431 multis
1858 1376 2072 1430 secula-

178 1473 334 1528 ribus
371 1473 584 1529 aditum
612 1473 877 1546 patuissc;
912 1491 1039 1527 cum
1070 1473 1276 1544 quibus
1304 1473 1587 1545 ingressos
1615 1489 1835 1545 quoque
1867 1472 2075 1527 milites

179 1570 442 1625 violenter
476 1570 551 1624 ibi
591 1575 643 1624 et
682 1569 944 1642 sacrilege
985 1569 1158 1624 multa
1204 1575 1476 1643 patrasse,
1517 1586 1714 1641 magna
1743 1586 1873 1624 cum
1902 1569 2076 1624 totius

179 1668 411 1723 civitatis
462 1667 840 1739 indignatione
891 1675 941 1723 et
989 1668 1275 1732 scandalo:
1331 1668 1680 1722 fraternitate
1725 1673 1913 1723 autem
1954 1674 2072 1736 tua,

177 1784 298 1839 quaa
338 1783 434 1838 par
461 1765 687 1819 omnino
717 1771 831 1821 erat
867 1772 930 1821 ut
965 1764 1319 1821 venientibus
1370 1765 1519 1839 lupis
1560 1765 1840 1839 pastorale
1882 1771 2076 1839 pectus

174 1870 493 1937 opponeret,
541 1882 650 1918 non
693 1864 873 1918 solum
910 1881 1020 1918 non
1064 1870 1432 1936 repugnante,
1479 1862 1579 1918 sed
1621 1862 1771 1918 ultro
1803 1881 1896 1918 eos
1938 1881 2074 1935 quo-

177 1960 474 2014 dammodo
503 1960 792 2030 invitante,
820 1966 871 2015 et
905 1960 1336 2028 monasterium,
1384 1959 1536 2015 edito
1568 1960 1810 2030 decreto,
1842 1977 1940 2033 per
1964 1959 2071 2015 vim

178 2057 385 2111 recludi
412 2057 658 2130 jubente.
697 2058 978 2113 Inhorruit
1014 2058 1083 2112 ad
1122 2064 1235 2113 tam
1272 2058 1518 2132 indignae
1544 2058 1623 2114 rei
1660 2058 1925 2114 nuntium
1957 2058 2074 2113 ani-

180 2172 303 2208 mus
347 2159 551 2226 noster,
598 2155 846 2226 adeoque
883 2155 1119 2211 monstri
1170 2155 1371 2209 similis
1407 2155 1525 2210 visa
1570 2159 1671 2227 est,
1717 2161 1781 2210 ut
1819 2155 2074 2227 quamvis

179 2249 400 2304 aliunde
451 2268 671 2321 quoque
714 2251 904 2306 cadem
953 2251 1313 2319 afferrentur,
1361 2252 1450 2307 vix
1496 2260 1683 2307 tamen
1731 2252 2068 2325 persuadere

181 2346 336 2399 nobis
371 2347 655 2417 potuimus
691 2348 1183 2422 Archicpiscopuin
1217 2350 1575 2416 Tolosanum,
1622 2348 2068 2421 inspectantibus

180 2440 613 2511 religiosissimis
653 2443 837 2497 Galliae
874 2443 1154 2516 lipiscopis
1198 2449 1250 2497 et
1293 2443 1463 2498 Gallia
1514 2443 1794 2513 universa,
1840 2461 1901 2498 eo
1945 2461 2069 2517 pro-

176 2556 428 2610 gressum
471 2540 664 2608 fuisse,
711 2548 772 2595 ut
813 2541 1100 2612 dignitatis
1140 2559 1203 2596 ac
1239 2541 1493 2596 muneris
1522 2541 1609 2596 sui
1641 2541 1869 2610 oblitus,
1912 2541 2066 2596 nullo

182 2635 528 2690 horribilium
577 2654 943 2692 censurarum
989 2643 1040 2692 et
1084 2637 1322 2693 coelestis
1354 2637 1450 2692 irae
1491 2643 1665 2709 metu,
1708 2637 1865 2693 nulla
1909 2637 2071 2693 famae

178 2733 503 2802 reverentia,
554 2741 704 2790 tanto
751 2735 1007 2802 facinori,
1063 2755 1174 2791 non
1219 2736 1402 2791 solum
1453 2754 1562 2791 non
1615 2735 1924 2807 resisteret,
1980 2735 2074 2791 sed

177 2829 343 2885 etiam
387 2832 810 2906 suffragaretur,
851 2834 960 2890 nisi
1005 2835 1269 2890 memoria
1314 2839 1636 2891 teneremur
1673 2834 1808 2907 quid
1853 2834 2072 2890 duobus

178 2927 377 2983 abhinc
404 2930 564 2985 annis
592 2931 648 2985 in
688 2932 908 3003 negotio
937 2932 1178 3004 regaliae,
1214 2939 1277 2989 ut
1317 2939 1667 3008 nuncupant,
1707 2933 1802 2989 ubi
1835 2934 1902 2988 de
1931 2934 2070 3007 Apa-

181 3023 373 3080 miensi
425 3028 682 3098 Ecclesia,
727 3028 1006 3084 Tolosanae
1047 3030 1397 3102 suffraganea
1438 3032 1726 3104 agebatur,
1770 3031 2068 3086 decernere

182 3137 349 3177 ausus
385 3123 555 3180 fueris
579 3134 768 3182 contra
793 3127 1143 3183 manifestam
1170 3147 1350 3184 causae
1381 3130 1683 3203 justitiam,
1727 3137 1918 3184 contra
1948 3147 2064 3184 om-

181 3233 276 3271 nes
308 3217 479 3272 divini
527 3222 869 3297 humanique
909 3225 1055 3298 juris
1098 3227 1319 3299 regulas
1440 3228 1554 3283 Nisi
1602 3246 1770 3299 quam
1814 3227 2061 3300 primum

181 3317 486 3372 emendatis
534 3336 654 3390 quae
703 3322 939 3379 admissa
984 3330 1135 3393 sunt,
1187 3326 1700 3381 misericordiarum
1738 3325 1915 3382 Patris
1956 3327 2064 3383 cle-

179 3417 442 3483 mentiam
468 3417 740 3474 demereri
761 3421 1063 3478 studueris.
1077 3463 1140 3485 ..,
1130 3441 1430 3496 cogemur
1451 3424 1519 3480 de
1535 3426 1867 3500 opportunis
1884 3445 2062 3483 reme-

180 3511 284 3568 diis
311 3514 452 3570 serio
486 3515 808 3587 cogitare.»

256 3609 327 3663 Ad
357 3612 739 3685 Apamiensem
780 3612 1106 3688 Episcopum
1149 3616 1175 3670 7
1208 3570 1337 3689 julii
1366 3617 1548 3675 1680:
1594 3641 1620 3672 α
1650 3620 1907 3692 Magnum
1930 3639 2055 3696 pro-
