2262 3990
789 156 921 205 PARS
948 155 1189 206 SECUNDA.
1843 157 1934 204 455

55 272 199 331 sime
218 270 287 329 ad
317 269 636 346 exemplum
666 265 923 344 Cypriani
946 272 999 324 et
1033 264 1392 339 collegarum,
1420 264 1519 339 qui
1551 264 1813 340 Stephani
1840 266 1934 324 de-

55 377 269 428 cretum
299 368 464 425 nihili
486 367 758 436 fecerunt,
786 363 960 421 immo
983 367 1252 437 tanquam
1279 379 1597 434 erroneum,
1619 380 1852 437 pravum
1880 369 1934 421 et

58 468 293 526 stultum
337 465 715 523 confutarunt.
756 462 892 519 Cum
926 467 1115 519 autem
1140 460 1371 536 Optatus
1396 459 1746 518 Milevitanus
1769 467 1940 534 atque

59 563 422 639 Augustinus,
462 561 871 618 Donatistarum
919 575 1137 616 errores
1170 558 1535 630 confutando,
1574 558 1723 615 haud
1764 576 1939 634 pauca

0 644 4 723 Ῑ
58 661 302 719 reserant
348 675 514 735 prava
553 661 606 714 et
652 672 884 712 erronea
914 654 1107 710 Donati
1151 653 1322 725 dicta,
1360 653 1629 712 citassent
1661 654 1940 731 imprimis

63 760 208 816 hanc
223 758 342 831 ejus
365 753 776 828 allegationem.
804 751 969 807 Porro
985 749 1137 823 quod
1154 767 1183 805 a
1200 750 1409 807 Donato
1435 753 1736 826 allegatum
1762 753 1935 811 fuerit

0 875 3 922 ι
58 854 337 931 Cypriani,
369 851 647 926 Stephano
661 848 817 920 Papae
838 844 1174 915 resistentiS‚
1203 847 1546 920 exemplum,
1568 850 1772 909 nullibi
1791 851 1941 927 apud

0 931 4 952 ¹
55 950 429 1026 Augustinum
454 953 509 1003 et
527 947 786 1019 Optatum
820 941 1196 998 Milevitanum
1221 942 1528 1016 reperitur.

130 1048 188 1103 2⁰
231 1043 566 1102 Donatistam
613 1038 1066 1110 Parmenianum,
1110 1038 1258 1095 circa
1302 1057 1517 1096 annum
1546 1042 1678 1115 570,
1718 1063 1783 1101 ex
1813 1065 1941 1120 pro·

52 1143 197 1200 fesso
221 1137 523 1196 confutavit
547 1137 774 1212 Optatus
811 1133 1179 1192 Milevitanus.
1205 1136 1272 1192 Et
1309 1137 1625 1211 specialiter
1650 1157 1941 1198 erroneam

56 1240 175 1315 ejus
194 1239 260 1295 de
284 1235 717 1310 rebaptizatione
737 1234 1047 1290 doctrinam
1070 1234 1335 1309 explodit,
1356 1235 1499 1292 libro
1525 1237 1724 1311 quinto
1743 1245 1795 1295 et
1822 1258 1942 1315 sep-

54 1340 212 1396 time.
258 1337 313 1393 Si
350 1352 538 1393 revera
569 1333 887 1406 contigisset
934 1340 1245 1406 praetensus
1284 1334 1595 1406 conflictUS,
1629 1355 1759 1393 cum
1811 1339 1943 1396 alle-

57 1453 186 1511 gare
217 1434 367 1490 haud
394 1433 673 1490 omisisset
699 1430 1120 1500 Parmenianus,
1150 1440 1212 1489 ut
1244 1449 1303 1490 se
1349 1435 1454 1490 hac
1486 1441 1643 1491 tanta
1683 1435 1941 1510 Cypriani

56 1531 385 1589 auctoritate
411 1535 690 1595 tueretur3
735 1534 788 1584 et
827 1528 894 1584 de
935 1529 1038 1585 hoc
1087 1529 1281 1585 eodem
1329 1530 1587 1587 conflictu
1625 1540 1940 1590 occurreret

57 1628 268 1684 mentio
299 1628 356 1682 in
394 1625 576 1682 citatis
610 1624 792 1698 Optati
824 1623 1004 1680 libris.
1039 1625 1206 1680 Porro
1241 1642 1313 1682 ne
1339 1626 1549 1700 syllaba
1577 1626 1806 1700 quidem
1835 1630 1939 1685 hac

58 1725 127 1782 de
150 1742 211 1780 re
236 1724 312 1780 ibi
338 1722 638 1796 reperitur.

15 1877 16 1881 ,
130 1821 235 1878 vll.
264 1822 587 1878 Praetensum
615 1819 905 1890 conflictum
921 1817 1193 1872 indubium
1217 1821 1476 1874 revocavit
1500 1825 1712 1875 sanctus
1731 1820 1939 1893 Auqus-

0 1919 2 1923 ’
53 1922 206 1977 tinus.
237 1919 318 1974 Ex
353 1935 449 1990 quo
477 1934 579 1972 non
615 1931 786 1983 verne,
814 1914 907 1969 sed
925 1916 1122 1988 potiori
1135 1915 1258 1986 jure
1293 1917 1672 1971 commentitius
1694 1917 1784 1972 ille
1824 1936 1931 1974 con·

6 2028 10 2036 ⁴
53 2021 217 2091 [lictus
244 2016 525 2072 censendus
554 2021 652 2069 est.

131 2114 210 2169 Ad
257 2111 658 2184 assequendam
712 2106 814 2166 hac
842 2109 909 2165 de
945 2109 1021 2181 re]
1044 2108 1337 2180 Augustini
1392 2116 1658 2181 mentem,
1703 2111 1938 2184 legenda

59 2209 413 2282 potissimum
458 2208 574 2278 ejus
614 2206 683 2261 ad
711 2205 1062 2260 vincentium
1102 2205 1442 2276 Rogatistam
1494 2206 1727 2279 epistola
1772 2211 1938 2283 (epis-

56 2312 166 2368 tola
198 2328 327 2377 xcm,
355 2317 504 2364 tomo
537 2309 603 2375 11,
643 2307 750 2385 col.
781 2307 890 2361 245
928 2307 1188 2362 editionis
1226 2307 1762 2382 Benedictinorum).
1802 2313 1937 2368 Eam

59 2407 278 2483 scripsit
321 2406 461 2462 circa
506 2422 714 2460 annum
758 2402 904 2471 4083
957 2421 1064 2476 quo
1108 2410 1357 2478 tempore
1403 2407 1772 2479 quaestionem
1820 2429 1936 2466 ma-

60 2514 183 2561 ture
208 2503 543 2577 exploratam
581 2500 840 2555 habuisse
862 2499 1173 2555 censendus
1211 2507 1316 2574 est,
1354 2501 1400 2556 si
1429 2502 1653 2574 quidem
1682 2523 1781 2562 sua
1812 2507 1932 2579 jam

50 2606 171 2655 tum
209 2597 470 2654 adversus
490 2594 939 2665 parmenianum,
959 2586 1311 2651 Cresconium
1339 2596 1587 2671 aliosque
1608 2599 1926 2659 Donatistas

49 2695 250 2770 scripta
270 2694 533 2752 ediderat.
557 2693 774 2748 Attente
791 2692 1280 2767 igiturperpendat
1300 2694 1472 2750 lector
1488 2696 1741 2770 subjecta
1762 2699 1931 2772 hujus

50 2792 291 2866 epistolae
324 2792 654 2865 fragmenta,
690 2795 744 2846 et
775 2807 865 2846 eas
898 2790 1206 2864 praesertim
1243 2809 1403 2849 voces
1454 2811 1595 2866 quas
1650 2796 1930 2854 sublinca-

55 2907 181 2944 mus
212 2910 224 2942 ε

129 3006 156 3038 α
180 2983 301 3039 Noli
331 3001 480 3056 ergo,
516 2982 711 3052 frater,
739 2989 932 3039 contra
972 2983 1155 3040 divina
1194 2992 1310 3041 tam
1351 2987 1552 3055 multa,
1595 2994 1711 3043 tam
1746 2990 1920 3061 clara,

48 3089 160 3139 tam
202 3079 510 3135 indubitata
533 3078 873 3151 testimonia,
901 3079 1157 3152 colligere
1180 3082 1321 3137 velle
1350 3083 1663 3140 calumnias
1689 3102 1755 3140 ex
1776 3085 1929 3159 Epis-

51 3194 320 3252 coporum
347 3175 591 3249 scriptiS,
628 3174 740 3230 sive
781 3181 1123 3245 nostrorum,
1171 3178 1317 3234 sicut
1350 3179 1571 3247 Hilarii;
1610 3181 1745 3253 sive,
1774 3192 1927 3242 ante-

47 3293 215 3349 quam
241 3291 367 3349 pars
397 3272 586 3328 Donati
612 3278 986 3345 separaretur,
1015 3273 1193 3345 ipsius
1223 3276 1459 3332 unitatis
1497 3277 1642 3334 sicut
1671 3280 1923 3355 Cypriani

46 3378 102 3428 et
126 3369 410 3445 Agrippini
433 3390 443 3422 :
471 3368 650 3443 primo
678 3367 809 3440 quia
837 3369 942 3423 hoc
964 3385 1141 3440 genus
1166 3369 1479 3428 litterarum
1505 3375 1575 3431 ab
1601 3380 1926 3439 auctoritate

0 3507 8 3509 >
79 3468 275 3525 anonis
302 3466 756 3539 distinguendum
786 3470 888 3520 est.
909 3464 1024 3520 Non
1050 3466 1199 3521 enim
1229 3468 1308 3524 sic
1339 3469 1623 3546 leguntur,
1654 3481 1919 3551 tanquam

49 3564 124 3620 ita
153 3583 217 3622 ex
242 3564 321 3621 eis
347 3562 725 3620 testimonium
769 3559 1103 3636 proferatur,
1132 3569 1195 3619 ut
1231 3571 1419 3624 contra
1453 3571 1660 3631 sentire
1704 3591 1816 3632 non
1847 3578 1913 3634 li-
