2306 4010
362 181 449 230 295
1034 175 1327 224 TRACTATUS
1359 175 1424 223 DE
1455 177 1602 224 ΡΑΡΑ.

436 293 492 348 5⁰
545 289 846 363 Subjungit
875 285 1125 359 SergiuS,
1165 284 1447 359 quomodo
1479 285 1668 344 dictus
1703 288 1899 364 CyruS‚
1926 283 2272 354 Alexandriae

355 389 700 458 patriarcha,
733 385 947 441 multos
968 383 1207 461 AEgypti,
1230 384 1411 461 Lybiae
1449 391 1503 442 et
1527 385 2066 448 circumvicinarum
2093 394 2276 468 regio-

357 506 494 544 num
527 485 766 562 populos
792 484 964 542 variis
988 484 1326 557 haeresibus,
1346 484 1698 563 Eutychiana
1724 484 2059 563 praesertim,
2082 491 2272 569 impli-

353 586 516 657 citos,
549 584 618 640 ad
650 584 782 642 fidei
832 583 1112 642 unitatem
1165 584 1406 642 feliciter
1443 585 1680 661 jamjam
1738 594 1884 645 esset
1916 588 2269 652 reducturus,

351 686 431 742 Ad
478 703 649 759 quam
702 684 1062 743 concordiam
1113 685 1503 759 obtinendam,
1543 688 1819 746 nonnulla
1852 695 2125 748 statuerat
2151 691 2274 750 doc-

352 786 515 843 trinae
540 786 808 862 capitula,
838 805 868 842 a
905 787 1113 863 quibus
1143 787 1504 863 acceptandis
1532 789 1749 863 praefati
1779 790 2026 848 haeretici
2053 810 2168 848 non
2192 811 2274 851 re·

352 887 674 961 fugiebant:
718 888 861 946 Tum
921 887 998 946 ita
1061 887 1242 964 pergit
1278 887 1552 962 Sergius:
1590 889 1721 945 «Ex
1775 889 1863 947 his
1913 897 2103 949 autem
2153 910 2306 967 quae¹

349 987 497 1045 dicta
549 994 680 1045 sunt
721 994 898 1065 ‘atque
941 987 1216 1059 stabilita,
1266 1006 1448 1044 unum
1481 988 1673 1045 existit
1717 989 2034 1065 capitulum
2065 991 2134 1048 de
2164 979 2306 1051 una-3

349 1088 673 1163 operatione
701 1087 906 1145 Christi
941 1086 1133 1162 magni
1160 1086 1254 1144 Dei
1280 1093 1332 1144 et
1357 1087 1664 1146 Salvatoris
1691 1089 1891 1147 nostri.
1922 1090 2016 1146 His
2036 1091 2113 1148 ita
2145 1111 2272 1167 pro·

346 1188 736 1261 venientihUS,
772 1187 1196 1265 Sophronius...
1247 1188 1345 1263 qui
1400 1188 1917 1269 Hierosolymorum
1968 1163 2306 1269 Episcopus]

347 1296 430 1346 est
474 1289 841 1348 ordinatus..
882 1289 1212 1346 adversatus
1253 1296 1338 1346 est
1381 1296 1433 1346 et
1472 1290 1813 1347 contradixit
1842 1292 1911 1348 ad
1943 1292 2117 1349 unius
2146 1311 2291 1369 ope-v

346 1392 585 1448 rationis
639 1391 953 1467 capitulum
973 1436 988 1463 ,
1045 1390 1183 1448 duas
1238 1391 1469 1447 omnino
1516 1391 1873 1467 operationes
1922 1393 2126 1451 Christi
2183 1394 2271 1454 Dei

345 1490 523 1546 nostri
552 1489 789 1564 dignum
816 1490 1082 1565 inquiens
1108 1490 1351 1547 censeri.
1388 1511 1414 1543 »

423 1591 479 1646 4⁰
519 1590 757 1648 Enarrat
784 1596 980 1667 postea
1003 1590 1231 1665 Sergius
1264 1591 1544 1665 quomodo
1572 1591 1746 1667 Cyrus
1764 1611 1793 1648 a
1816 1591 2132 1669 Sophronio
2151 1612 2272 1669 pos·
2291 1608 2306 1672 3

2294 1651 2306 1711 i

344 1692 631 1763 tulaverit,
698 1700 761 1750 ut
807 1693 979 1750 silens
1034 1693 1303 1749 toleraret
1363 1692 1505 1749 illud
1554 1693 1899 1769 capitulum,
1957 1713 2067 1768 quo
2119 1698 2270 1754 unica
2299 1743 2306 1797 4.

344 1792 547 1848 Christi
572 1793 822 1869 operatio
856 1793 1246 1860 asserebatur;
1286 1793 1565 1850 nimirum
1608 1793 1857 1869 alioquin
1889 1795 2150 1871 popuIOS,
2178 1795 2270 1872 qui
2300 1814 2306 1818 ‘

347 1892 415 1948 ad
442 1891 721 1949 unitatem
754 1891 941 1949 redire
982 1892 1165 1966 parati
1205 1892 1564 1965 videbantur,
1595 1894 1729 1951 huic
1762 1894 1969 1951 unitati
1997 1914 2270 1971 repugna·
2299 1885 2306 1892 ’

345 2000 525 2050 turos,
585 1993 722 2049 Item
768 1991 1051 2066 quomodo
1099 1992 1454 2067 Sophronius
1502 1995 1777 2051 assentire
1834 1996 2105 2067 noluerit,
2159 1997 2269 2052 imo

349 2093 499 2169 apud
558 2091 815 2166 Sergium
876 2092 1070 2168 ipsum
1127 2091 1332 2149 litteris
1371 2092 1578 2166 egerit,
1632 2101 1689 2149 ut
1733 2095 1797 2150 cle
1842 2096 2032 2152 talibus
2071 2097 2306 2157 adime-.

346 2201 497 2248 retur
555 2193 800 2268 capitulis
830 2237 843 2262 ‚
909 2199 1034 2266 post
1076 2193 1275 2265 factam
1349 2194 1675 2261 unitionem,
1731 2211 1835 2249 vox
1881 2194 2034 2249 iulius
2086 2213 2302 2268 opera·-

349 2294 525 2348 tionis,

426 2394 479 2449 5⁰
510 2391 653 2458 Quid
681 2398 872 2449 autem
902 2392 970 2448 ad
1004 2390 1122 2447 haec
1151 2390 1396 2466 SergiuS,
1435 2390 1510 2446 ita
1554 2390 1673 2465 ipse
1701 2391 1925 2466 exponit
1955 2411 1965 2444 ε
2001 2413 2028 2445 «
2058 2393 2264 2450 Durum

347 2510 451 2548 nos
499 2491 604 2548 hoc
641 2490 894 2549 arbitrati
930 2508 1153 2548 sumus,
1189 2489 1479 2554 Quomodo
1529 2490 1678 2546 enirn
1723 2509 1834 2547 non
1878 2498 2022 2548 esset
2061 2490 2264 2549 durum

349 2602 403 2652 et
429 2594 589 2651 valde
636 2612 962 2662 onerosum,
1018 2591 1243 2667 quando
1286 2593 1390 2648 hoc
1440 2592 1719 2649 resolvere
1758 2598 2121 2667 evertereque
2158 2598 2266 2652 erat

351 2712 578 2750 ornnem
621 2694 777 2749 illam
809 2693 1173 2749 concordiam
1217 2699 1386 2767 atque
1412 2692 1714 2763 unitatem,
1750 2710 1878 2765 quae
1922 2693 2064 2751 hene
2089 2693 2288 2751 fuerat*

351 2794 571 2866 effecta,
619 2800 734 2850 tam
766 2793 916 2868 apud
954 2793 1394 2876 Alexandrinam
1444 2811 1710 2866 magnam
1751 2792 2059 2867 civitatem,
2103 2806 2289 2870 quam'

350 2913 453 2970 per
488 2892 782 2950 universas
817 2892 923 2948 sub
956 2910 1018 2949 ea
1044 2872 1367 2966 regiones..
1407 2892 1595 2948 Multis
1618 2891 1795 2966 igitur
1828 2912 1857 2950 a
1882 2894 2045 2951 nobis
2079 2895 2147 2951 de
2170 2883 2290 2951 hoff?

353 2995 522 3052 motis
559 2992 922 3051 sermonibus
970 2993 1039 3049 ad
1070 2992 1549 3067 praenominatum
1593 2994 1974 3050 venerabilem
2036 2995 2269 3072 Sophro⁴

351 3097 537 3167 nium,
568 3098 855 3170 postremo
898 3092 1182 3149 adhortati
1221 3110 1350 3148 eum
1383 3111 1583 3149 sumus
1607 3093 1931 3150 testimonia
1963 3095 2124 3159 nobis
2149 3111 2265 3171 pro·

351 3198 500 3253 ferre
532 3200 862 3251 sanctorum
901 3211 963 3249 ac
988 3192 1371 3268 probabilium
1401 3199 1726 3268 patrum...,
1759 3193 1898 3250 duas
1934 3193 2284 3251 nominatim*

352 3303 404 3352 et
431 3294 570 3371 ipsis
596 3292 782 3352 verbis
811 3293 1167 3369 operationes
1202 3291 1261 3349 in
1301 3292 1518 3349 Christo
1558 3292 1823 3350 dicendas
1849 3293 2146 3351 tradentia.
2174 3290 2263 3348 Ille

354 3403 544 3452 autem
575 3397 680 3451 hoc
703 3394 885 3451 facere
918 3392 1146 3468 penitus
1167 3411 1281 3448 non
1308 3392 1507 3468 potuit.
1538 3393 1645 3449 Nos
1671 3410 1801 3449 vero
1829 3392 2259 3461 considerantes,

355 3493 716 3568 incipientem
746 3513 809 3550 ex
838 3495 941 3550 hoc
966 3493 1115 3550 inter
1144 3492 1423 3566 quosdam
1458 3492 1550 3550 hic
1577 3492 1995 3549 contentionem
2022 3488 2265 3547 exardes-

355 3610 502 3663 cere,
538 3600 590 3650 et
624 3596 865 3651 scientes
895 3594 1058 3669 *quod
1097 3611 1322 3669 semper
1350 3612 1414 3651 ex
1437 3592 1766 3668 hujusmodi
1794 3588 2261 3648 decertationibus

356 3688 639 3744 haereseon
675 3691 1064 3748 dissensiones
1115 3689 1330 3747 effectae
1371 3697 1529 3763 sunt,
1580 3688 1961 3747 necessarium
2002 3680 2265 3760 judicavi-
