2306 4010
781 180 904 227 PARS
932 177 1167 224 SECUNDA.
1825 174 1912 222 567

42 287 199 348 nansi
238 289 403 344 verba
459 285 820 362 protulissent
858 299 981 357 quae
1013 282 1317 358 primatum
1364 277 1636 354 ejusmodi
1683 297 1911 355 prorsus

41 385 377 443 convellunt.
408 407 436 438 »
479 384 656 448 Quam
691 381 874 439 inanis
903 385 1138 453 utraque
1162 377 1415 453 objectio,
1450 378 1633 453 palam
1662 378 1762 438 fiet
1783 379 1911 436 sub-

35 483 177 556 jecta
206 483 678 557 paragraphorum
711 479 872 537 serie.

115 581 380 636 Caeterum
408 579 478 635 ob
506 578 710 634 dietam
738 575 1090 652 potissimum
1132 573 1507 631 resistentiam
1538 583 1706 648 atque
1732 574 1919 632 inobe-

41 677 302 734 dientiam
327 676 563 733 summis
584 675 845 731 laudibus
870 679 1128 728 sanctum
1154 672 1486 746 Cyprianum
1514 674 1790 730 extollunt
1813 675 1922 731 hae-
1957 721 1959 723 .

42 773 221 843 retici,
253 790 315 828 ac
339 772 522 829 caeteri
549 751 793 843 quilibet
818 766 1114 824 Pontificiae
1148 768 1490 824 auctoritatis
1514 786 1722 828 osores.
1769 771 1922 836 Quod

0 908 2 926 .
37 869 116 925 sic
151 869 487 924 adnotarunt
526 865 910 922 Bollandistae:
949 863 1119 918 «Non
1165 869 1382 919 tantum
1425 867 1606 922 sancti
1628 869 1828 935 ‘Patres
1862 887 1923 924 ac

37 965 293 1024 catholici
322 965 620 1038 scriptores
645 969 902 1020 sanctum
928 959 1254 1033 Episcopum
1279 967 1331 1016 et
1356 968 1658 1035 martyrem
1683 966 1923 1040 (Cypria-

41 1062 196 1135 num)
222 1061 458 1118 summis
485 1060 782 1133 dignisque
813 1058 1073 1114 laudibus
1098 1058 1378 1131 prosecuti
1407 1059 1580 1125 suere3
1613 1061 1707 1116 sed
1734 1068 1786 1118 et
1814 1065 1922 1119 hae-

43 1159 223 1230 retici,
265 1159 470 1233 aliique
504 1159 711 1232 quibus
743 1175 1005 1232 suprema
1034 1156 1090 1211 in
1120 1156 1361 1212 Ecclesia
1401 1162 1648 1231 potestas
1678 1159 1924 1217 Romano

41 1256 282 1315 Pontifici
315 1255 581 1312 divinitus
619 1273 881 1311 concessa
907 1253 1088 1327 gravis
1122 1259 1226 1323 est,
1264 1253 1524 1310 eumdem
1553 1255 1807 1311 certatim
1839 1275 1925 1312 ce-

45 1355 343 1426 lebrarunt,
387 1355 482 1410 sed
526 1353 743 1410 diverso
789 1372 920 1409 sanc
965 1353 1151 1409 animo
1187 1370 1249 1407 ac
1282 1352 1408 1407 tine.
1452 1353 1512 1407 Hi
1553 1353 1702 1409 enirn
1746 1362 1926 1429 poste—

44 1450 212 1510 riores
241 1470 348 1508 non
377 1452 482 1507 alia
508 1452 576 1507 de
604 1469 771 1507 causa
795 1457 873 1507 tot
902 1451 958 1505 in
988 1450 1146 1505 illum
1180 1450 1372 1505 laudes
1398 1456 1723 1522 congerunt,
1759 1470 1926 1523 quani

47 1556 107 1609 ut
133 1568 194 1608 ex
233 1551 443 1606 famosa
475 1550 651 1606 sancti
679 1550 744 1604 de
773 1550 1159 1606 haereticorum
1195 1550 1530 1624 baptismate
1560 1569 1686 1605 cum
1728 1550 1780 1605 S.
1811 1552 1923 1607 Ste-

0 1679 1 1682 ¹
46 1647 218 1723 phano
257 1647 609 1704 contentione
650 1665 804 1703 arma
853 1647 957 1702 sibi
1001 1653 1192 1703 contra
1235 1646 1534 1703 Ecclesiam
1575 1654 1916 1721 comparent;

44 1761 208 1817 quam
233 1744 638 1802 contentionem
668 1762 830 1800 nemo
860 1752 1179 1801 sanctorum
1207 1745 1430 1801 Patrum
1468 1744 1754 1820 approbat,
1784 1750 1837 1799 et
1868 1744 1918 1799 in

45 1859 150 1916 qua
176 1843 481 1900 excusanda
509 1849 735 1899 sanctus
756 1842 1099 1915 Augustinus
1124 1851 1317 1899 contra
1342 1842 1651 1909 Donastitas
1677 1842 1918 1898 multum

47 1937 356 1996 laboravit»
402 1940 792 2013 (Bollandistae,
824 1940 950 1996 Acta
996 1941 1327 2007 Scmclmum,
1379 1945 1419 1994 t.
1466 1940 1531 1993 lv
1566 1939 1919 2013 septembriS,

47 2054 169 2111 pag.
204 2038 310 2094 195
342 2045 396 2094 et
429 2040 579 2103 194›.

112 2190 137 2238 5
161 2187 193 2224 l.
223 2210 272 2216 -—
291 2188 486 2234 Quaenam
511 2190 619 2231 foret
642 2192 765 2232 dictae
789 2192 1066 2232 contentionis
1096 2192 1284 2237 historia,
1316 2191 1351 2231 si
1376 2190 1560 2242 genuina
1586 2193 1861 2242 probarentur

685 2257 928 2296 documenta
953 2257 1105 2306 quihus·
1129 2257 1296 2296 nititur.

135 2356 278 2413 Facti
313 2358 640 2432 Cyprianici,
678 2361 779 2414 hoc
805 2366 908 2429 est,
946 2360 1167 2417 famosae
1203 2362 1573 2418 contentionis
1596 2364 1924 2438 Cypriamnn

61 2451 202 2508 inter
227 2461 279 2510 et
304 2454 641 2528 Stephanum
667 2457 1005 2524 Pontificem,
1035 2466 1199 2531 prout
1228 2463 1572 2515 eommunius'
1601 2462 1930 2518 describitm¹

58 2549 124 2604 ab
155 2551 387 2607 eruditis
428 2553 521 2624 qui
566 2555 791 2628 praefata
823 2555 1151 2612 documenta
1188 2558 1426 2630 genuina
1469 2559 1809 2629 existimant,
1849 2581 1931 2634 5)·-

60 2647 246 2720 nopsis
274 2647 534 2704 historica
563 2652 676 2706 haec
704 2659 784 2706 est
809 2672 818 2702 :

133 2743 185 2797 1.
213 2743 333 2799 Jam
374 2764 401 2799 a
431 2746 627 2802 saeculo
660 2749 901 2803 secundo
942 2749 1251 2805 invaluerat
1287 2750 1342 2805 in
1377 2753 1664 2809 nonnullis
1700 2753 1937 2827 regioni-

61 2839 163 2894 bus
187 2835 395 2911 opinio,
424 2842 724 2898 invalidum
763 2862 881 2900 esse
914 2845 1189 2919 baptisma
1230 2848 1295 2903 ab
1334 2849 1602 2905 haereticis·
1645 2851 1931 2920 collatum.

63 2940 395 3011 inductaque
433 2941 616 3012 praxis
646 2942 824 2996 fuerat
863 2943 1062 2998 iterum
1103 2964 1195 3001 eos
1232 2947 1568 3020 baptizandi,
1606 2949 1703 3019 qui
1736 2969 1799 3002 cx
1831 2950 1938 3004 hae—

66 3034 169 3088 resi
201 3033 266 3088 ad
303 3034 628 3088 catholicam
655 3035 953 3092 Ecclesiam
988 3057 1107 3095 sese
1140 3041 1502 3114 recipiebant.
1541 3042 1625 3096 Sir
1659 3042 1807 3097 enim
1845 3049 1921 3098 {0

66 3136 213 3185 tatur
252 3128 586 3201 Cyprianus:
640 3129 957 3187 Sententiam
989 3143 1225 3189 nostram
1260 3155 1357 3189 non
1404 3154 1585 3190 novam
1627 3140 1937 3208 promimus,

62 3227 154 3280 sed
187 3234 233 3280 et
266 3226 579 3296 jampridem
619 3227 679 3278 ab
710 3230 1115 3284 antecessoribus
1146 3234 1337 3286 nostris
1367 3239 1615 3286 statutum
1649 3241 1697 3287 et
1730 3252 1759 3288 α
1797 3237 1940 3290 nobis

65 3323 383 3377 observatam
433 3319 690 3392 (epistola
738 3322 808 3375 ad
851 3322 1146 3398 Episcopos
1192 3327 1487 3396 Numidiae,
1551 3329 1638 3384 70⁸
1683 3331 1938 3388 editionis

140 3452 170 3491 n
200 3452 478 3502 communius,
509 3451 711 3504 iuquam:
747 3463 827 3493 non
860 3453 969 3494 enim
1009 3455 1119 3496 inter
1148 3468 1192 3497 se
1217 3459 1350 3508 quoad
1377 3460 1515 3501 onmia
1546 3464 1834 3515 consentiunt;
1866 3479 1937 3508 nec

67 3531 211 3572 parum
237 3518 441 3559 desudant
467 3518 510 3559 in
532 3518 827 3560 concordandis
849 3533 895 3562 ac
917 3522 1208 3576 chronologice
1236 3524 1499 3577 disponendis
1519 3529 1662 3570 multis
1679 3530 1722 3572 in
1742 3534 1937 3585 praet‘ato-

66 3597 158 3628 rum
185 3588 527 3629 documentorum
553 3586 659 3627 serie
683 3586 1011 3629 occurrentibus.
