2262 3990
823 156 945 204 PARS
974 155 1171 203 Tssnm.
1436 192 1443 194 ψ
1855 146 1943 195 5Ὴ

87 267 211 326 licet
259 264 572 322 immediate
618 263 1002 321 auctoritatem
1046 279 1203 320 suam
1250 258 1485 317 contulit
1533 256 1601 328 ad
1655 254 1947 331 regendam

87 361 406 435 Ecclesiam,
451 360 648 436 subjici
688 359 963 437 superiori
1003 356 1315 417 auctoritati
1353 376 1385 415 a
1417 354 1629 413 Christo
1666 354 1947 412 institutae.

87 457 375 516 Enimvero
409 458 455 515 si
488 457 737 515 Christus
769 456 1110 533 superiorem
1140 454 1527 512 auctoritatem
1555 450 1844 510 contulerit
1876 450 1955 506 al·

90 555 213 625 teri,
246 555 299 611 id
341 562 444 626 est,
482 555 714 612 concilio
745 553 1011 627 generali,
1049 570 1160 609 non
1195 552 1391 626 Papam
1417 549 1660 607 instituit
1690 547 1955 605 vicarium

92 670 278 722 suum,
316 651 410 707 scd
446 651 765 708 concilium.
797 649 1028 707 Proinde
1049 668 1223 729 ‘verus
1251 654 1303 704 et
1337 646 1693 704 immediatus
1720 644 1960 702 vicarius

89 746 290 804 Christi
316 747 373 803 in
399 747 559 805 terris
583 753 725 805 esset
757 745 1053 804 concilium
1085 762 1182 801 seu
1211 744 1611 820 Episcoporum
1639 741 1955 816 collegium3

0 873 1 887 ¹
92 853 144 921 et
184 846 486 922 propositio
527 863 777 903 asserens
828 844 1025 919 Papam
1077 859 1199 899 esse
1243 860 1438 899 verum
1479 848 1531 898 et
1576 841 1962 898 immediatum

94 943 295 1000 Christi
333 943 622 1013 vicarium,
665 942 868 999 nedum
905 947 1047 997 esset
1073 937 1288 1009 deiide,
1334 945 1601 1012 tanquam
1636 938 1966 995 manifestus

95 1058 249 1099 error
271 1040 426 1115 rejici
456 1040 697 1097 deberet.
721 1038 946 1095 —ldem
971 1037 1047 1094 sic
1074 1035 1180 1093 alio
1213 1035 1375 1092 modo
1411 1035 1634 1110 probari
1662 1041 1842 1110 potest
1868 1056 1878 1088 :
1918 1033 1965 1090 si

95 1137 235 1212 Papa
259 1144 340 1206 est
371 1155 531 1195 verus
561 1143 614 1194 et
647 1134 1003 1192 immediatus
1027 1133 1267 1190 vicarius
1305 1131 1529 1203 Christi,
1570 1132 1742 1207 pollet
1779 1136 1967 1188 aucto-

98 1234 257 1291 ritate
287 1234 485 1291 Christi
514 1234 581 1290 ad
615 1235 911 1307 regendam
938 1230 1256 1288 Ecclesiam.
1286 1231 1450 1287 Porro
1484 1229 1748 1286 cumulus
1774 1230 1967 1285 absur-

103 1331 290 1388 ditatis
330 1339 438 1401 est,
486 1331 865 1407 auctoritatem
910 1330 1109 1387 Christi
1151 1348 1259 1386 non
1300 1348 1419 1386 0550
1468 1347 1637 1404 supra
1684 1328 1970 1402 quodlibet

103 1430 417 1502 concilium,
465 1447 560 1486 seu
592 1431 973 1488 auctoritatem
1010 1429 1228 1486 concilii
1276 1429 1541 1502 majorem
1584 1444 1706 1484 esse
1734 1427 1971 1483 auctori-

105 1535 214 1585 tate
258 1528 471 1584 Christi.
501 1561 569 1569 —
599 1529 789 1602 igitur,
827 1535 921 1585 aut
958 1534 1145 1603 aperte
1190 1532 1386 1599 negent
1425 1525 1686 1581 Gallicani
1734 1525 1970 1596 theologi

104 1625 299 1699 Papam
339 1644 458 1683 esse
498 1643 684 1682 verum
727 1632 779 1681 et
825 1624 1203 1681 immediatum
1239 1622 1502 1679 vicarium
1547 1622 1765 1693 Christi,
1806 1628 1969 1695 prout,

105 1723 335 1794 negabat
383 1724 679 1790 Lutherus;
722 1730 815 1780 aut
856 1724 974 1797 ejus
1016 1741 1183 1798 supra
1219 1721 1525 1795 quamlibet
1571 1720 1968 1795 Episcoporum

103 1820 477 1878 collectionem
541 1839 603 1878 ac
668 1840 834 1895 supra
887 1820 1181 1894 ,quodlibet
1237 1818 1535 1876 concilium
1587 1816 1970 1874 auctoritatem

104 1924 421 1990 agnoscant.

821 2222 1069 2284 CAPUT
1113 2222 1247 2284 XIV

168 2427 591 2466 ΔΒΕΙΙΙΒΙΙΤΙΙΙΙ
618 2428 700 2463 Ex
722 2426 803 2461 Eo
825 2426 987 2471 Qum
1010 2428 1170 2462 num
1193 2427 1293 2463 sn·
1318 2428 1526 2462 ΡΑΤΕΙ
1550 2429 1631 2463 ΕΤ
1656 2429 1917 2474 ΜΤΦΒ,

111 2498 226 2535 §Eu
255 2497 545 2534 novumn
576 2494 834 2534 nonANA
857 2495 1075 2530 MATER
1114 2494 1195 2529 ΕΤ
1227 2495 1539 2532 munerati
1571 2496 1941 2533 Uulvnnsnu
1960 2501 1977 2531 ,ἡ

887 2562 1211 2599 Eccmnslffi·

187 2769 226 2824 l.
262 2770 478 2826 Certum
504 2774 666 2825 estet
713 2767 780 2824 de
810 2767 918 2824 fide
960 2766 1157 2843 Papam
1198 2787 1315 2827 esse
1355 2770 1686 2830 universalis
1729 2773 1980 2833 Ecclesia*

119 2874 326 2939 patrem
353 2873 403 2922 ct
439 2867 735 2923 doctorem.
769 2867 839 2923 De
877 2886 983 2941 quo
1014 2885 1188 2942 pauca
1221 2886 1286 2924 ex
1315 2869 1627 2927 innumeris
1666 2873 1977 2930 testimonia

121 2963 496 3037 producimuS.

196 3061 256 3115 ln
294 3062 429 3117 actis
468 3061 658 3138 synodi
693 3062 1039 3119 oecumenica}
1080 3064 1443 3136 duodecimae,
1478 3086 1601 3141 quae
1633 3068 1736 3126 suit
1772 3070 1987 3129 Latera-

123 3157 309 3213 nensis
345 3163 563 3230 quarta,
604 3176 746 3215 anno
779 3158 919 3215 1215
949 3178 961 3211 ε
996 3181 1023 3212 «
1057 3159 1302 3219 Romana
1328 3163 1640 3221 Ecclesia...
1676 3186 1844 3243 super
1875 3189 1990 3227 om·

124 3273 221 3311 nes
270 3253 407 3310 alias
448 3253 739 3310 ordinariae
775 3254 1060 3329 potestatis
1104 3257 1314 3314 obtinet
1349 3259 1745 3335 principatum,
1800 3273 1989 3343 utpote

123 3353 507 3411 universorum
526 3351 722 3408 Christi
743 3351 988 3409 fidelium
1017 3362 1180 3410 vnaler
1196 3364 1245 3412 et
1274 3359 1515 3430 maqistra
1535 3381 1563 3414 »
1589 3361 1810 3436 (Labbe,
1838 3373 1879 3426 t.
1905 3368 1987 3438 ΧΙ,

125 3450 233 3506 col.
264 3449 393 3520 155,
423 3449 555 3506 edit.
593 3448 837 3518 ParisiiS,
874 3448 1062 3521 1671).

201 3545 507 3604 florentina
526 3544 861 3603 oecumenica
881 3544 1122 3620 synodus
1139 3564 1396 3624 expresse
1409 3550 1652 3615 definivit
1675 3557 1982 3619 Romanum

362 3662 410 3695 ιι.
1686 3663 1744 3711 57
