2306 4010
835 198 959 245 PARS
989 197 1227 246 5110111101.
1315 180 1328 249 J
1882 199 1964 244 151

101 302 538 380 quamplurimos
563 319 782 377 semper
812 305 1091 375 habuerit,
1131 310 1217 360 est
1250 303 1459 361 factum
1494 302 1837 360 notorietatis
1867 322 1971 379 pu-

101 401 280 464 hlicae;
316 399 606 473 pauciores
635 400 829 473 utiquc
853 400 1045 471 laicos,
1086 400 1391 476 praesertim
1420 400 1653 471 31111005,
1683 400 1974 458 advocatos

100 501 151 554 et
198 496 672 570 parlamentorum
723 496 1103 569 magistratus.
1145 499 1210 552 At
1239 497 1524 554 fatendum
1550 497 1610 553 in
1637 498 1782 554 clero
1806 497 1974 555 etiam

101 592 451 668 praevaluisse
477 593 700 649 tandem
726 610 970 649 errorem
994 592 1063 648 de
1086 592 1229 667 Papa
1250 593 1491 665 sallihili,
1514 611 1728 651 necnon
1763 595 1976 651 hetero-

101 692 296 748 doxam
317 691 624 747 doctrinam
645 691 826 746 tribus
852 689 977 744 aliis
995 689 1245 745 articulis
1262 697 1600 747 contentam.
1623 692 1679 747 Id
1706 697 1980 748 testantur

100 791 225 847 libri
252 789 566 861 theologici,
595 807 624 844 a
648 788 779 844 viris
804 787 1196 843 ecclesiasticis
1232 789 1290 842 in
1321 805 1382 844 ea
1409 789 1636 862 regione
1665 809 1695 846 a
1730 779 1982 865 tempore

99 887 347 944 Ludovici
378 886 482 942 XIV
506 903 686 958 usque
707 902 854 940 nunc
881 884 1016 940 editi
1041 907 1051 950 ;
1091 903 1153 940 30
1177 885 1217 939 11
1248 886 1555 958 praesertim
1584 887 1680 960 qui
1709 894 1980 961 tanquam

14 995 17 1000 ’
102 984 383 1041 manuales
402 982 829 1039 seminariorum
865 980 1111 1037 alumnis
1137 980 1329 1036 traditi
1365 988 1518 1036 sunt.
1543 982 1602 1036 ln
1630 1002 1739 1055 quo
1767 1002 1859 1039 rea
1887 1004 1983 1058 po—

103 1082 382 1138 tissimum
407 1080 625 1135 videtur
652 1078 962 1152 Sulpitiana
989 1078 1365 1151 congregatio,
1390 1083 1553 1152 prout
1572 1078 1831 1151 colligere
1857 1079 1986 1137 licet

107 1197 171 1236 ex
196 1178 352 1235 factis
384 1177 782 1249 sequentibus:

182 1278 221 1332 1.
250 1277 503 1332 Nondum
532 1275 709 1331 soluto
739 1274 958 1331 funesto
979 1274 1074 1330 1110
1093 1279 1367 1330 conventu
1391 1274 1523 1329 anni
1551 1275 1722 1345 1682,
1747 1294 1877 1331 cum
1905 1281 1987 1349 ty-

114 1374 337 1436 rannice
351 1378 603 1446 ageretur
623 1371 770 1445 apud
786 1372 1122 1427 Facultatem
1142 1371 1509 1427 Parisiensem
1530 1379 1590 1427 ut
1606 1378 1844 1444 quatuor
1863 1372 1993 1427 arti-

115 1472 268 1527 culos
294 1470 497 1526 tabulis
535 1469 653 1525 suis
682 1468 1033 1538 inscriberet,
1069 1468 1215 1540 regis
1242 1469 1468 1523 nomine
1497 1470 1822 1525 commoniti
1859 1477 1991 1525 sunt

117 1569 364 1624 doctores
399 1566 692 1640 Sulpitiani
719 1582 786 1620 ne
820 1564 1174 1626 interessent,
1205 1565 1293 1621 die
1319 1565 1385 1621 15
1408 1566 1551 1639 junii
1590 1567 1732 1623 1682
1752 1610 1765 1635 ,
1799 1567 1991 1623 Facul-

122 1664 249 1719 tatis
289 1663 548 1730 0011111115,
593 1662 647 1716 111
695 1661 900 1733 quibus
954 1661 1228 1732 agendum
1270 1667 1387 1716 erat
1430 1662 1499 1718 de
1541 1663 1874 1735 acceptanda
1906 1663 1992 1718 vel

120 1762 411 1834 rejicienda
459 1767 698 1832 quatuor
747 1758 1111 1813 articulorum
1159 1758 1522 1831 inscriptione
1556 1757 1734 1829 (qu'ils
1765 1760 1994 1829 seraient

109 1858 291 1928 plaisir
315 1862 347 1910 ὰ
375 1858 444 1911 Sa
477 1857 694 1927 Majeste'
726 1856 787 1909 (Ie
812 1873 875 1909 ne
895 1872 994 1926 pas
1017 1854 1093 1925 s'y
1114 1863 1344 1909 trouver.
1373 1853 1507 1909 Vide
1527 1871 1696 1928 supra
1726 1873 1848 1928 cap.
1881 1875 1988 1925 vm,

109 1953 135 2021 ἕ
162 1954 219 2019 6,
243 1950 569 2006 documento
596 1950 699 2022 Vl).
743 1950 1096 2005 Resciverant
1122 1968 1320 2024 nempe
1358 1950 1461 2005 viri
1490 1951 1658 2007 aulici
1689 1952 1981 2008 doctorum

110 2047 542 2135 Sulpitianorum
609 2047 937 2120 suffragium
1006 2054 1248 2120 quatuor
1317 2049 1571 2105 articulis
1637 2051 1985 2107 contrarium

111 2144 248 2214 fore,
269 2150 321 2199 et
349 2144 467 2200 ideo
488 2149 775 2199 tentarunt
802 2143 947 2199 dicto
977 2145 1138 2199 modo
1169 2145 1438 2218 impedire
1464 2164 1533 2201 ne
1563 2146 1806 2202 comitiis
1832 2148 1989 2203 ades-

112 2247 253 2297 sent.
289 2241 466 2312 Regiae
495 2241 916 2296 commonitioni
943 2242 1190 2296 obsecuti
1218 2249 1349 2296 sunt
1385 2243 1637 2298 doctores
1664 2244 1988 2316 Sulpitiani,

112 2337 445 2392 assentiente
472 2337 666 2409 procul
690 2335 859 2390 dubio
886 2353 1078 2389 eorum
1112 2336 1400 2408 superiore
1442 2338 1684 2407 generali
1719 2339 1985 2393 Tronson.

111 2435 167 2489 ld
197 2441 297 2503 est,
328 2452 394 2490 ne
431 2434 543 2506 regi
586 2433 962 2506 displicerent,
1011 2432 1070 2486 in
1099 2450 1157 2487 re
1188 2433 1515 2504 gravissima
1550 2434 1732 2488 officio
1759 2452 1859 2489 suo
1901 2434 1990 2489 de-

113 2532 358 2586 fuerunt.
412 2531 722 2601 Enimvero,
754 2530 800 2585 si
835 2529 1015 2585 caeteri
1051 2529 1301 2584 doctores
1336 2535 1484 2586 recte
1537 2531 1864 2598 sentienteS,
1895 2531 1991 2603 qui

111 2628 368 2685 similiter
411 2630 600 2684 abesse
640 2629 815 2701 rogati
846 2627 1091 2697 fuerant,
1135 2628 1286 2683 hisce
1339 2628 1620 2702 precibus,
1668 2646 1764 2684 seu
1804 2628 1990 2702 potius

114 2727 300 2796 minis,
336 2728 655 2793 cessissent,
693 2744 802 2782 non
851 2726 1040 2798 rejecti
1091 2726 1327 2782 fuissent
1363 2745 1391 2782 a
1432 2727 1713 2783 Facultate
1749 2733 1991 2799 quatuor

113 2823 355 2893 articuli,
392 2826 488 2880 sed
526 2831 748 2880 econtra
775 2823 1120 2879 unanimiter
1145 2823 1394 2879 admissi.
1431 2825 1564 2880 Η1110
1595 2825 1847 2898 quamvis
1893 2844 1988 2899 ap-

115 2918 291 2989 prime
332 2920 534 2975 scirent
565 2919 793 2974 exilium
819 2919 1137 2988 imminere,
1168 2921 1317 2975 haud
1348 2922 1430 2975 fas
1456 2920 1564 2976 sibi
1592 2927 1864 2994 putarunt
1894 2921 1988 2975 ab·

117 3013 291 3067 sentia
325 3032 422 3069 sua
455 3016 837 3071 testimonium
871 3015 1087 3071 veritati
1123 3016 1411 3088 denegare.
1453 3019 1516 3072 At
1551 3018 1861 3091 Sulpitiana
1905 3018 1985 3072 sa-

118 3108 270 3162 milia
295 3111 490 3165 maluit
518 3128 708 3183 pacem
748 3113 948 3167 habere
984 3130 1113 3167 cum
1143 3114 1372 3168 Caesare.
1397 3115 1505 3169 1100
1538 3131 1739 3187 nempe
1763 3113 1987 3168 initium

115 3203 438 3259 deviationis
468 3206 533 3259 ad
573 3214 756 3262 nostra
785 3227 963 3281 usque
996 3215 1246 3281 tempora
1295 3216 1606 3283 protractae.

190 3299 252 3352 11.
286 3300 406 3354 Post
431 3299 675 3354 solutum
709 3309 1040 3358 conventum
1068 3304 1198 3357 anni
1228 3305 1395 3372 1682,
1425 3305 1778 3378 supradictus
1804 3306 1986 3380 Sulpi-

118 3394 277 3450 tianae
315 3396 538 3450 famili-tc
582 3396 835 3468 superior
882 3398 1152 3468 generalis
1196 3399 1442 3454 Tronson
1481 3419 1612 3455 51105
1658 3402 1986 3458 hortabatur

119 3492 398 3564 theologiae
424 3494 756 3565 professores
781 3493 847 3547 ad
882 3492 1183 3547 docendam
1212 3500 1449 3564 quatuor
1475 3476 1836 3554 articulorum
1859 3501 1987 3557 doc-

121 3587 341 3645 trinam.
369 3591 544 3662 Atque
578 3590 723 3645 idem
767 3587 1042 3661 generalis
1074 3589 1330 3661 superior
1365 3594 1700 3651 sententiam
1735 3603 1984 3670 rogatuS‚
