2306 4010
821 151 950 199 PARS
979 147 1218 199 SECUNDA.
1876 145 1967 192 259

88 253 291 314 absolvi
337 273 499 328 posse
549 274 642 313 eos
693 258 792 330 qui
834 258 996 316 dictae
1041 255 1303 315 Gallicani
1358 255 1624 313 doctrinae
1664 253 1966 339 adhaerent,

89 349 390 408 dummodo
416 350 525 406 sint
562 350 622 406 in
650 352 795 409 bona
831 352 959 410 fide.
990 354 1047 410 4⁰
1068 352 1358 413 Existimat
1384 350 1703 424 contingere
1723 367 1884 424 posse
1907 357 1970 406 ut

91 465 277 506 revera
300 446 412 503 sint
446 447 507 502 in
531 448 673 504 hona
700 447 829 519 fide,
857 467 922 506 eo
941 450 1093 523 quod
1115 450 1281 507 Sedes
1309 448 1611 525 apostolica
1640 447 1970 522 reprobave-

94 547 164 604 rit
198 545 423 620 quidem
470 544 677 602 dictam
716 546 1173 619 declarationem,
1213 554 1268 604 at
1306 548 1518 604 nullam
1557 546 1737 603 adhuc
1785 552 1972 601 notam

97 642 357 701 inusserit
380 641 648 699 doctrinae
671 642 730 698 in
760 643 951 699 eadem
971 643 1348 700 declaratione
1373 650 1665 700 contentae.
1720 643 1775 699 5⁰
1801 643 1859 697 ln
1885 641 1975 714 ju-

95 742 328 800 dicando
375 742 519 798 facto
558 741 686 811 isto,
725 748 917 797 utrum
967 741 1081 798 sint
1119 759 1295 797 necne
1328 742 1386 796 in
1427 743 1571 798 bona
1620 742 1747 810 fide,
1789 745 1977 797 censet

97 840 349 899 standum
379 857 500 897 esse
532 840 781 914 ipsorum
816 838 1200 909 affirmationi,
1235 857 1365 894 cum
1402 840 1504 893 hac
1534 844 1720 894 tamen
1755 837 1979 893 restric-

99 941 243 998 tione
267 960 278 995 :
307 940 420 997 Nisi
445 941 792 1013 confessarius
816 939 972 995 aliter
997 939 1196 1011 judicet
1228 954 1293 992 ex
1321 938 1722 992 circumstantiis
1757 939 1810 991 in
1831 954 1980 1008 pecu-

105 1038 221 1096 liari
249 1057 371 1094 casu
409 1039 813 1094 occurrentibus.
859 1039 916 1094 6⁰
949 1036 1184 1092 Proinde
1209 1041 1360 1091 tenet
1383 1053 1539 1091 sacra
1565 1033 1976 1089 Poenitentiaria

99 1135 216 1193 dari
247 1154 404 1211 posse
434 1153 651 1205 casum,
679 1134 736 1190 in
770 1153 879 1206 quo
919 1133 1086 1189 alicui
1122 1133 1444 1206 deneganda
1471 1130 1542 1187 sit
1583 1118 1882 1196 absolutio,
1917 1147 1982 1183 ex

103 1252 164 1290 eo
194 1234 339 1307 quod
362 1234 521 1290 dictae
548 1232 843 1288 Gallicanae
875 1231 1141 1287 doctrinae
1186 1231 1502 1293 adhaereat3
1535 1226 1806 1283 nimirum
1845 1226 1890 1280 si
1917 1243 1980 1280 ex

55 1329 471 1426 ’peculiaribus
513 1326 952 1384 circumstantiis
988 1326 1290 1400 p1udenter
1332 1324 1543 1399 judicet
1607 1322 1984 1379 confessalius

114 1441 219 1478 non
251 1424 519 1481 adessem
551 1422 847 1498 poenitente
882 1421 1207 1493 requisitam
1242 1421 1453 1475 bonam
1496 1419 1683 1473 fidem.

188 1519 272 1575 ΙΙΙ.
300 1521 635 1579 Concluditw
662 1522 853 1576 absolvi
889 1538 993 1574 non
1018 1537 1170 1592 posse
1211 1519 1544 1573 adhaerentes
1572 1518 1803 1589 opinioni
1832 1515 1988 1572 Gamo:

118 1633 259 1670 cariae
290 1617 351 1672 de
372 1618 588 1675 Romani
619 1617 885 1688 Pontificis
909 1614 1250 1687 fallibilltate,
1286 1616 1383 1669 uisi
1417 1615 1478 1668 ob
1505 1614 1690 1667 bonam
1715 1613 1891 1682 sidem.
1928 1611 1990 1664 Et

116 1730 182 1766 cm
223 1714 373 1769 hodie
419 1718 471 1769 ὶη
509 1714 690 1772 Galliis
731 1714 886 1785 facile
932 1712 1026 1767 illa
1065 1714 1195 1766 bona
1240 1712 1370 1781 sides
1414 1712 1636 1781 supponi
1662 1709 1879 1762 valeat?
1918 1740 1984 1747 —

115 1807 169 1862 1⁰
197 1810 351 1871 Quod
378 1810 584 1866 absolvi
618 1815 913 1882 nequeant,
955 1808 1167 1864 seclusa
1201 1806 1495 1874 bonafide,
1533 1805 1789 1877 sequitur
1827 1825 1890 1859 ex
1926 1826 1988 1859 eo

108 1905 257 1975 quod
287 1905 563 1960 Gallicana
595 1906 689 1960 illa
713 1904 898 1976 opinio
923 1891 1213 1977 reprobata
1241 1902 1406 1959 fuerit
1437 1922 1466 1958 a
1498 1903 1635 1958 Sede
1667 1902 1987 1976 apostolica,

108 2007 158 2056 et
189 2019 219 2056 a
256 2001 572 2056 doctoribus
610 2000 895 2056 catholicis
925 1999 1298 2055 communiter
1326 1999 1640 2056 declaretur
1665 2000 1986 2072 rejicienda,

108 2105 373 2172 tanquam
399 2098 454 2152 in
485 2098 591 2154 fide
621 2116 872 2168 erronea,
901 2105 954 2154 ct
976 2098 1198 2154 veritati
1225 2099 1510 2155 catholicae
1537 2101 1604 2155 ab
1625 2100 1887 2154 omnibus
1916 2107 1990 2155 te-

113 2196 301 2252 nendae
329 2195 602 2271 opposita;
643 2197 697 2251 2⁰
730 2196 877 2268 quod
908 2196 1277 2253 nihilominus
1323 2198 1532 2253 absolvi
1562 2207 1765 2270 queant
1814 2206 1992 2254 stante

114 2293 251 2348 bona
295 2292 421 2364 tide,
449 2280 698 2366 sequitur
743 2311 807 2348 ex
853 2293 1043 2365 regula
1093 2293 1149 2348 in
1188 2294 1464 2367 theologia
1499 2295 1698 2350 morali
1748 2303 1990 2370 recepta,

115 2408 271 2465 posse
295 2390 413 2446 dari
440 2391 840 2448 absolutionem
862 2391 1176 2464 poenitenti,
1200 2391 1368 2446 alicui
1388 2392 1738 2463 obligationi,
1767 2400 1990 2448 eaetero-

116 2488 248 2562 quin
294 2489 639 2561 certissimae,
694 2508 806 2545 non
858 2489 1253 2560 satisfacienti,
1299 2509 1362 2546 ex
1402 2508 1463 2546 eo
1507 2492 1655 2563 quod
1697 2493 1840 2547 bona
1886 2492 1994 2546 fide

114 2572 403 2644 existimet'
423 2606 479 2644 se
513 2589 580 2644 ad
607 2588 663 2644 id
690 2607 801 2644 non
827 2589 1032 2652 teneri;
1070 2588 1292 2662 quando
1315 2589 1538 2644 aliunde
1576 2589 1840 2663 possibile
1880 2608 1988 2645 non

117 2691 221 2754 est,
255 2691 346 2740 aut
390 2685 554 2742 etiam
586 2687 654 2742 ob
688 2685 1138 2743 circumstantias
1165 2704 1273 2742 non
1312 2688 1551 2762 expedit,
1586 2706 1714 2743 eum
1748 2689 1815 2743 ah
1842 2707 1994 2744 erro-

120 2799 221 2838 nea
244 2800 344 2838 sua
375 2785 731 2857 persuasione
771 2785 1078 2851 dimovere;
1113 2786 1168 2841 5⁰
1193 2787 1260 2842 ad
1289 2787 1651 2859 quaestionem
1702 2795 1890 2844 autem
1924 2806 1992 2842 an

123 2878 280 2935 facile
299 2878 458 2937 hodie
488 2881 545 2936 in
572 2882 758 2939 Galliis
786 2882 1026 2958 supponi
1065 2883 1240 2940 valeat
1266 2883 1411 2940 dicta
1438 2884 1580 2940 bona
1611 2884 1769 2954 fides,
1799 2885 1996 2939 distin-

125 2976 400 3048 guendum
436 2979 723 3038 existimo:
751 2983 808 3037 in
849 2981 1003 3038 laicis
1044 2988 1178 3056 puto
1220 2984 1402 3038 adhuc
1457 2982 1619 3038 hodie
1666 2965 1995 3053 requisitam

126 3072 324 3131 bonam
350 3075 509 3145 fidem
536 3079 853 3152 frequenter
879 3097 1172 3135 occurrere
1198 3098 1379 3154 posse.
1410 3080 1543 3135 Item
1571 3079 1627 3133 in
1654 3076 1872 3132 clericis
1906 3096 1997 3149 pa·

126 3187 251 3226 rum
288 3174 540 3246 eruditiS,
563 3176 659 3248 qui
686 3178 835 3248 quod
863 3175 922 3231 in
949 3176 1251 3232 seminario
1281 3180 1618 3248 exceperunt
1652 3191 1750 3247 pro
1776 3191 1995 3229 summa

124 3258 565 3339 regula'hahent,
602 3279 656 3327 et
683 3271 771 3326 vix
802 3290 864 3327 ac
895 3289 966 3327 ne
992 3272 1082 3326 vix
1113 3271 1340 3342 quidem
1371 3269 1476 3324 sihi
1518 3270 1851 3342 persuadere
1873 3289 1996 3345 pos-

125 3372 254 3422 sunt
276 3384 490 3422 errasse
512 3367 872 3440 professores,
891 3367 988 3439 qui
1015 3368 1162 3439 ipsos
1191 3367 1498 3422 docuerunt
1522 3367 1714 3423 licitam
1738 3387 1858 3426 esse
1884 3370 1997 3442 gal-

121 3459 360 3517 licanam
386 3462 454 3517 de
487 3462 823 3518 fallihilitate
842 3462 998 3535 Papae
1022 3462 1364 3535 opinionem.
1395 3466 1459 3519 At
1488 3484 1614 3522 vero
1640 3467 1687 3522 si
1713 3474 1906 3542 agatur
1928 3469 1994 3524 de

122 3554 257 3630 ipsis
294 3556 719 3630 professoribuS‚
753 3557 839 3613 vel
863 3557 932 3613 de
965 3557 1268 3632 Episcopis,
1303 3560 1493 3617 aliisve
1512 3562 1570 3618 in
1601 3581 1659 3620 re
1683 3566 1986 3637 theologica
