2306 4010
291 146 380 195 558
967 137 1267 185 TRAGTATUS
1296 137 1362 184 DE
1393 139 1538 186 PAPA.

292 257 374 314 eis
393 255 578 312 mittat
598 251 706 307 sub
725 247 955 304 nomine
980 252 1164 303 sextae.
1183 243 1303 302 Non
1329 245 1626 320 ignorabat
1649 247 1747 304 ille
1763 248 2015 306 Pontifex
2036 267 2208 324 quan·

290 363 480 431 topere
531 347 763 423 Hispani
799 347 1299 421 perhorrescerent
1336 348 1573 422 quintam
1619 347 1918 425 synodum,
1955 367 2020 406 eo
2061 351 2207 426 quod

295 456 354 511 in
382 469 446 508 ea
466 447 721 507 damnati
740 453 930 506 essent
955 446 1054 522 qui
1079 447 1137 504 in
1161 465 1298 524 pace
1318 446 1579 506 Ecclesiae
1605 447 1879 507 obierant.
1909 448 2208 512 Timuisset
2280 462 2281 466 ’

293 548 491 626 procul
518 547 690 604 dubio
716 565 787 604 ne
812 546 1045 623 Hispani
1089 546 1371 623 Episcopi,
1416 546 1466 604 si
1500 547 1618 605 haec
1643 547 1724 604 eis
1759 547 2052 619 scriberet,
2080 566 2226 608 cum-

291 652 472 725 quinta
499 648 710 725 synodo
746 646 921 705 simul
957 654 1010 705 et
1037 655 1246 705 sextam
1275 647 1601 723 rejicerent;
1634 649 1953 725 praesertim
1991 668 2122 707 cum
2159 658 2209 710 et

295 749 357 805 in
381 754 539 806 sexta
563 746 817 804 damnati
853 753 1064 819 essent,
1100 747 1198 821 qui
1230 747 1486 805 obierant
1514 747 1572 805 in
1597 765 1732 824 pace
1753 747 2034 822 Ecclesiae,
2065 747 2212 806 vide·

296 849 423 907 licet
455 847 683 924 Sergius
727 854 782 906 et
815 848 1116 906 Honorius.
1151 848 1225 905 De
1255 848 1496 905 Honorio
1524 866 1617 907 res
1650 849 1709 906 in
1759 848 1999 906 dubium
2033 849 2213 908 vocari
2239 872 2248 916 1,-
2287 832 2289 839 ¹

296 946 512 1022 nequit.
560 946 754 1012 Quoad
791 946 1046 1021 Sergium
1095 953 1177 1004 est
1221 946 1394 1003 etiam
1427 946 1661 1004 omnino
1698 954 1872 1005 certa.
1909 947 2026 1004 Non
2064 946 2255 1030 enimf?
2303 978 2306 995 ·

294 1046 595 1103 damnatus
615 1051 700 1103 est
719 1046 788 1102 ab
813 1045 1053 1102 Honorio
1078 1046 1243 1122 Papa,
1273 1052 1441 1122 prout
1461 1052 1513 1103 et
1538 1046 1647 1121 ipsi
1670 1045 1978 1104 adversarii
2003 1052 2213 1105 tenent.
2235 1119 2254 1142 a
2303 1046 2306 1119 ξ

298 1146 430 1204 Cum
491 1152 679 1203 autem
724 1145 926 1203 obierit
961 1145 1131 1221 paulo
1168 1151 1294 1221 post
1335 1146 1672 1217 Honorium,
1712 1153 1765 1203 et
1807 1150 1938 1203 ante
1972 1145 2219 1204 Severini
2239 1147 2260 1199 ἶἸ

298 1245 656 1315 electionem,
695 1262 877 1320 neque
904 1245 973 1301 ab
1012 1245 1116 1301 hoc
1144 1245 1403 1302 damnari
1428 1247 1633 1323 potuit.
1676 1247 1818 1322 Ergo
1857 1265 1888 1304 a
1925 1246 2082 1304 nullo
2113 1246 2218 1305 Ro·
2251 1286 2254 1317 :
2288 1257 2294 1283 ³

299 1364 467 1403 mano
498 1344 762 1402 Pontifice
788 1344 1088 1400 damnatus
1119 1350 1202 1400 est
1238 1346 1465 1419 Sergius
1494 1347 1631 1403 dum
1658 1347 1889 1404 viveret.
2248 1333 2277 1420 ξ

370 1445 643 1503 Remanet
679 1462 810 1518 ergo
861 1444 1041 1502 sancti
1090 1444 1285 1502 Leonis
1313 1445 1356 1500 ΙΙ
1390 1445 1682 1522 epistolaS,
1723 1447 1933 1520 quibus
1960 1426 2271 1571 nituntur}

300 1544 630 1616 adversarii,
665 1544 889 1620 spurias
917 1562 1060 1615 esse,
1091 1545 1177 1601 vel
1214 1545 1604 1621 interpolatas,
2238 1551 2273 1619 '1⁴'

376 1646 534 1702 Nota.
590 1678 664 1687 —
699 1643 1053 1700 Contrarium
1088 1649 1277 1700 tamen
1329 1645 1499 1702 sentit
1533 1645 1731 1702 Petrus
1770 1644 2106 1702 Ballerinius
2157 1646 2223 1703 de
2268 1639 2277 1678 s

301 1743 486 1801 tribus
513 1744 627 1799 illis
653 1743 851 1801 Leonis
879 1743 921 1799 ΙΙ
939 1744 1195 1819 epistolis
1220 1769 1229 1812 ;
1266 1745 1318 1801 id
1349 1750 1453 1816 est,
1481 1763 1574 1801 eas
1593 1763 1691 1821 pro
1722 1745 2008 1820 germanis
2034 1744 2237 1804 habet„
2267 1750 2283 1793 '·

300 1843 373 1901 De
398 1844 604 1919 prima,
634 1863 759 1917 quae
787 1844 1003 1901 scilicet
1032 1845 1100 1900 ad
1128 1845 1528 1921 imperatorem
1562 1845 1991 1903 Constantinum
2015 1844 2222 1902 directa
2241 1860 2247 1867 ·

303 1951 408 2014 est,
447 1944 528 2000 sic
553 1944 779 2000 adnotat
812 1965 821 1997 :
857 1965 884 1996 «
914 1943 1124 1999 Harum
1149 1945 1470 2001 litterarum
1497 1946 1692 2002 Leonis
1721 1946 1943 2002 latinum
1971 1945 2228 2018 oriyinule

310 2043 634 2119 exemplum
662 2061 774 2099 non
805 2042 1073 2117 suppetit,
1107 2043 1205 2100 sed
1250 2061 1429 2116 graeea
1462 2051 1687 2101 tantum
1722 2043 2113 2118 interpretatio
2140 2061 2227 2100 ac-

310 2144 382 2200 tis
419 2142 646 2199 concilii
674 2143 926 2216 subjecta
952 2168 962 2211 ;
999 2162 1067 2200 ex
1092 2162 1202 2216 qua
1242 2143 1483 2199 subinde
1522 2144 1645 2200 duae
1672 2144 1917 2218 antiquae
1943 2143 2231 2201 versiones

310 2242 496 2300 latinae
523 2242 683 2298 sactae
712 2243 943 2298 suerunt
978 2263 987 2295 :
1020 2243 1097 2298 ita
1126 2246 1183 2297 ut
1222 2259 1439 2315 graecus
1473 2242 1593 2315 ejus
1635 2241 1888 2316 epistolae
1913 2246 2100 2297 textus
2132 2258 2270 2318 pro?

306 2340 570 2415 originali
604 2341 897 2397 habendus
928 2340 1001 2397 sit
1035 2339 1224 2413 (sicuti
1252 2348 1304 2397 et
1339 2359 1438 2415 pro
1468 2340 1733 2415 originali
1766 2340 2006 2396 hahetur
2048 2344 2253 2396 textus·

307 2458 523 2515 graecus
549 2439 799 2516 epistolae
825 2440 1157 2514 Agathonis,
1183 2446 1231 2496 et
1264 2440 1541 2516 synodicae
1566 2438 1803 2496 Romani
1829 2438 2076 2509 concilii,
2111 2453 2242 2513 quae·
2299 2442 2306 2482 '21

309 2560 338 2595 e
366 2542 542 2598 latino
569 2541 854 2615 originali,
881 2542 1032 2615 quod
1062 2542 1440 2614 desideratur,
1475 2549 1724 2616 tempore
1757 2539 1982 2609 concilii
2006 2539 2064 2594 in
2097 2555 2228 2613 grae-

309 2661 432 2699 cam
465 2643 720 2716 linguam
756 2644 1026 2701 traductae
1054 2644 1306 2719 actisque
1333 2644 1558 2702 insertae
1587 2644 1903 2716 leguntur).
1937 2642 2109 2698 Porro
2137 2657 2247 2702 anr
2301 2663 2303 2668 ·

314 2740 470 2814 tiqua
496 2741 677 2797 versio
708 2741 886 2798 latina
914 2743 1164 2818 epistolae
1199 2743 1396 2799 Leonis
1427 2742 1498 2799 ad
1522 2742 1943 2817 imperatorem,
1980 2741 2039 2796 in
2067 2737 2227 2796 editis

313 2839 689 2897 conciliorum
734 2848 980 2915 recepta,
1028 2844 1197 2897 minus
1241 2851 1495 2898 aromata.
1534 2841 1854 2909 invenitur3
1883 2847 1945 2897 ut
1975 2844 2127 2916 patet
2169 2853 2228 2893 ex
2303 2848 2306 2906 ζ

314 2940 833 3013 emendationibus,
875 2959 1018 3014 quas
1057 2941 1379 2998 Harduinus
1410 2960 1474 2997 ex
1505 2959 1684 3015 graeco
1721 2941 1791 2997 ad
1825 2958 1940 2997 suae
1973 2934 2227 2996 editionis
2302 2940 2306 3003 ’ζ

318 3039 630 3113 marginem
662 3039 896 3097 notavit.
934 3040 1011 3096 Ex
1042 3040 1131 3096 his
1158 3041 1527 3115 corrigendus
1548 3041 1642 3096 ille
1664 3045 1848 3098 textus
1874 3039 2064 3096 latinae
2091 3033 2228 3095 anti·
2255 3030 2258 3031 ⁷

316 3158 440 3214 quae
461 3140 741 3198 versionis
773 3139 830 3196 in
873 3140 1128 3198 conciliis
1154 3141 1363 3214 edium,
1398 3160 1508 3217 quo
1535 3141 1811 3197 Honorius
1852 3132 2227 3196 monothelitis

321 3240 532 3297 idcirco
557 3231 911 3310 accensetur,
933 3241 1144 3317 quippe
1167 3244 1251 3315 qui
1290 3243 1421 3298 hunc
1450 3241 1796 3315 apostolicum
1811 3239 2102 3297 Ecclesiam
2130 3249 2229 3290 non

315 3340 624 3412 apostoliea?
655 3341 961 3396 traditionis·
997 3341 1240 3398 doctrina
1271 3341 1533 3409 lustravit,
1563 3341 1657 3397 sed
1675 3341 1908 3413 profana
1952 3335 2227 3393 traditione

325 3441 718 3498 immaculatmn,
749 3449 1055 3515 pervertere
1090 3461 1249 3498 ausus
1284 3451 1383 3499 est.
1424 3441 1525 3497 Pro
1564 3441 1773 3510 verbis,
1811 3446 2113 3513 pervertere
2148 3449 2226 3489 60.-

316 3545 470 3593 natus
507 3549 604 3611 est,
641 3560 767 3615 quae
794 3542 1115 3600 haereticam
1141 3543 1472 3619 pravitatem
1502 3543 1770 3611 innuunt,
1806 3536 2123 3594 Harduinus
2159 3548 2223 3587 cx

317 3651 492 3705 grfeeo
547 3639 846 3710 legendum
907 3642 1144 3710 notavit,
1197 3643 1594 3700 immacu-latam
1636 3640 1889 3695 mandari
1929 3635 2220 3708 permisit»
