2262 3990
268 173 357 222 580
439 230 442 232 -
511 189 516 194 -
943 159 1240 208 TRACTATUS
1268 159 1336 208 DE
1367 156 1518 208 PAPA.
1843 230 1846 232 Ι
2207 227 2233 235 ..

269 279 444 350 (libro
482 277 548 343 II,
579 271 759 346 capite
798 287 935 324 xxvn
977 267 1048 324 ad
1083 266 1466 341 Cresconium)
1493 288 1504 322 ε
1538 258 1571 322 ἀ
1598 267 1689 329 Sic
1728 273 1784 325 et
1811 268 1875 326 in
1902 269 2014 327 alio
2034 272 2167 337 testi

277 375 489 443 monio,
523 370 622 427 ubi
660 368 877 425 dictum
905 374 1009 438 est,
1041 369 1130 441 qui
1170 369 1472 442 baptizatur
1503 386 1535 424 a
1571 374 1782 424 mortuo
1831 368 1954 440 quid
1982 356 2257 444 proficiff*

268 467 470 528 ’lavatio
497 470 630 542 ejus,
657 470 753 523 aut
781 464 1001 541 inspice
1024 465 1323 540 diligenter
1343 465 1564 522 codices
1588 464 1854 539 antiquos
1877 470 1929 521 et
1955 452 2241 543 man-mi}

273 585 507 644 graecos,
537 584 608 623 ne
644 566 789 622 forte
829 564 950 639 ipsa
989 564 1160 622 verba
1196 564 1362 622 aliter
1388 563 1729 639 conscripta,
1763 582 1829 620 ex
1863 563 2139 639 praecede
2167 559 2204 618 i

271 675 324 725 et
353 666 720 742 consequenti
745 665 1114 726 contextione,
1135 664 1415 722 sermonis
1442 664 1622 722 alium
1651 682 1889 721 sensum
1917 663 2140 722 intime
2235 679 2238 684 ·

275 774 371 826 aut
407 774 559 824 certe
605 772 862 823 mortuos
902 765 1311 838 intelligamUS,
1355 765 1504 822 sicut
1543 763 1681 836 dixi,
1729 763 1787 820 in
1824 781 2166 838 quorumn

276 867 432 922 mine
455 865 814 939 baptizantur
836 865 1118 921 idolorum
1145 864 1413 921 cultores.
1442 886 1467 916 »
1502 863 1657 919 Unde
1677 861 2143 936 Augustinusvtru
2175 846 2194 925 ’ς
2256 869 2262 926 ζ

275 976 466 1026 catum
496 973 716 1025 textum
750 966 1046 1041 suspicans
1073 966 1140 1021 dc
1171 983 1233 1021 co
1265 963 1596 1038 diligentius
1635 962 2044 1036 inquirendum
2085 981 2187 1038 pr3
2252 950 2254 955 ’

280 1067 496 1145 posuit3
546 1072 600 1123 et
644 1066 855 1122 interea
904 1083 1034 1122 eum
1082 1064 1140 1119 in
1193 1081 1329 1120 sano
1378 1082 1549 1120 sensu
1598 1062 2101 1137 interpretabatur.
2145 1062 2185 1120 A

279 1165 594 1245 Cyprianus
635 1165 867 1223 omnino
902 1164 1172 1239 deceptus
1203 1163 1427 1232 fuisset,
1469 1168 1568 1220 aut
1599 1146 1855 1238 decipere
1895 1159 2165 1218 voluisset
2201 1181 2206 1187 ·

288 1267 440 1340 quod
473 1266 696 1324 admitti
727 1264 946 1338 nequit.
2138 1271 2141 1273 *

328 1357 422 1422 '4⁰
472 1366 854 1440 Imposturam
909 1362 1156 1438 produnt
1208 1362 1445 1438 insuper
1495 1361 1788 1435 sequentia
1835 1361 2045 1416 verba:
2099 1360 2198 1419 No

279 1474 354 1520 est
399 1472 570 1520 autem
608 1465 673 1519 cle
717 1464 1088 1520 consuetudine
1126 1463 1595 1535 praescribendum,
1633 1462 1726 1517 sed
1757 1461 1965 1539 ratione
2007 1463 2155 1516 vince
2188 1487 2190 1490 >

288 1564 431 1618 ci‘mn.
467 1562 601 1621 Nam
635 1580 728 1617 nec
763 1562 978 1632 Petrus,
1013 1580 1164 1634 quem
1202 1565 1432 1635 primam
1464 1561 1713 1617 Dominus
1753 1562 1930 1633 eleqit,
1974 1566 2025 1615 et
2060 1577 2155 1632 sap
2170 1584 2185 1593 1=

288 1680 439 1734 quem
477 1662 759 1733 aedificavit
788 1661 1083 1716 Ecclesiam
1115 1679 1288 1732 suam,
1329 1678 1442 1715 cam
1468 1677 1643 1716 secum
1671 1658 1876 1714 Paulas
1904 1658 1966 1714 (Ie
2001 1659 2194 1714 circum

284 1761 484 1814 cisione
515 1761 854 1832 postmodum
883 1760 1217 1834 disceptaret,
1250 1759 1538 1814 vindicavit
1567 1758 1667 1813 sibi
1697 1758 1899 1830 aliquid
1931 1756 2186 1813 insolente

284 1866 376 1914 aut
408 1866 722 1930 arroyanter
772 1861 1080 1932 assumpsit,
1114 1868 1168 1915 ut
1194 1859 1391 1914 (liceret
1420 1878 1476 1914 se
1498 1861 1790 1933 primatum
1830 1866 2007 1913 tenere
2045 1866 2095 1912 et
2131 1856 2216 1912 ob

290 1960 575 2030 temperari
634 1976 664 2012 a
703 1959 925 2013 ‘novellis
971 1967 1020 2013 et
1076 1961 1310 2030 posteris
1356 1960 1454 2013 sibi
1503 1966 1786 2031 oportere.v
1826 1956 1933 2014 Nec
1976 1956 2219 2029 despexi

286 2056 517 2112 Paulum
559 2057 695 2128 quod
737 2055 984 2111 Ecclesiae
1018 2058 1170 2128 prius
1208 2064 1517 2128 persecutor
1557 2057 1764 2127 fuisset,
1807 2055 1899 2110 secl
1942 2033 2218 2110 consilium·

283 2158 517 2212 veritatis
563 2156 801 2224 admisit,
849 2163 897 2211 et
931 2157 1129 2210 rationi
1181 2155 1427 2227 leqitimae
1474 2172 1631 2227 qaam
1677 2153 1880 2208 Paulas
1921 2153 2219 2208 vindicaba

289 2258 444 2328 facile
485 2256 769 2310 consensit.
1821 2259 1823 2262 ’
2227 2247 2232 2254 “

361 2354 564 2423 Prima,
594 2352 670 2408 ibi
699 2351 981 2408 deseritur
1016 2357 1413 2426 argumentum
1443 2370 1508 2407 ea·
1534 2352 1934 2420 cousuetudine,
1964 2351 2114 2423 quod
2139 2355 2193 2406 ta
2216 2384 2221 2431 3

286 2452 803 2528 men'potissimum
831 2458 1066 2525 urgetur
1091 2451 1413 2526 inhcpistola
1440 2451 1509 2507 ad
1535 2451 1837 2527 Episcopos
1862 2450 2140 2506 Numidiae
2167 2464 2219 2507 e':

245 2609 250 2613 ,
289 2550 358 2606 ad
377 2551 742 2608 Jubaianum.
765 2551 887 2607 Jam
907 2569 1104 2627 nonex
1125 2552 1460 2608 auctoritate
1472 2551 1748 2608 Africanae
1770 2549 2193 2608 consuetudinis

289 2655 459 2723 prout
493 2650 550 2705 in
579 2650 692 2706 illis
713 2651 968 2726 epistolis
996 2651 1268 2727 Cypriano
1297 2651 1607 2723 attributis,
1644 2652 1744 2707 sed
1770 2670 1836 2708 ex
1871 2654 2077 2708 ratione
2099 2650 2214 2709 vinz

293 2747 537 2804 cendum
570 2751 994 2822 pronuntiatur.
1022 2751 1255 2832 Admitti
1276 2751 1362 2808 vix
1390 2755 1569 2825 potest
1597 2757 1857 2807 sanctum
1883 2750 2158 2828 Cypriam
2193 2766 2218 2796 ''—
2248 2756 2262 2821 ζ

292 2847 370 2904 ita
402 2847 512 2904 sibi
551 2849 980 2906 contradixisse.
1022 2851 1126 2907 Sed
1153 2856 1272 2907 esto
1306 2850 1508 2907 viderit
1553 2850 1660 2907 sibi
1698 2870 1812 2907 non
1839 2852 2022 2908 favere
2059 2867 2154 2923 arg
2189 2872 2218 2919 χ
2253 2911 2257 2914 ,

292 2953 550 3004 mentum
577 2966 644 3005 ex
673 2949 1107 3020 consuetudine,
1139 2950 1346 3008 acideo
1375 2951 1443 3007 ad
1478 2956 1876 3024 argumentum
1908 2971 1974 3008 ex
2004 2942 2216 3007 ration

292 3047 636 3120 confugerit.
2219 3111 2251 3125 Δ

373 3145 641 3217 Secundo,
677 3146 736 3203 in
778 3147 966 3204 citatis
1002 3149 1187 3206 ve1bis
1234 3149 1591 3224 apertissime
1631 3150 1903 3206 alluditm
1941 3149 2010 3206 ad
2051 3142 2262 3224 oppt'„

296 3243 470 3300 situm
517 3245 699 3302 sancti
741 3245 1011 3321 Stephani
1048 3247 1206 3321 Papae
1245 3246 1314 3304 de
1347 3252 1460 3304 non
1498 3248 1912 3323 rebaptizandis
1943 3238 2242 3328 haeretici}¹

297 3341 603 3416 judicium3
637 3348 690 3400 et
715 3344 996 3419 primatus
1029 3345 1186 3402 Sedis
1210 3345 1552 3421 apostolicae,
1589 3365 1759 3420 quem
1792 3347 2060 3420 allegabat
2085 3316 2237 3398 Pon-‘³'

292 3437 432 3495 tifex
467 3446 532 3498 ut
579 3442 1028 3517 contradicentes
1077 3444 1146 3500 ad
1185 3443 1495 3501 Romanam
1542 3444 1868 3502 doctrinam
1903 3435 2234 3506 leduceretss

299 3549 413 3590 non
456 3540 811 3611 sacerdotali,
849 3541 947 3599 sed
988 3542 1225 3618 ignobili
1266 3561 1330 3600 ac
1367 3542 1678 3600 furibundo
1720 3541 1864 3619 stylo
1901 3532 2223 3622 impetitulff-‘Q¹

301 3629 444 3689 Dum
488 3639 642 3696 enim
683 3643 988 3718 opponitur
1015 3642 1393 3728 Petrum-non
1425 3643 1626 3700 dixisse
1657 3639 1946 3698 insolenter
1984 3643 2034 3692 et
2070 3626 2230 3719 Μνῷ,
