2306 4010
898 179 1023 227 PARS
1053 177 1290 226 SECUNDA.
1905 195 1910 199 ·
1991 177 2048 223 59

164 290 232 347 de
270 289 478 362 ReimS‚
523 308 624 347 son
676 289 980 346 sentiment
1013 287 1148 345 etait
1189 285 1325 361 qu'il
1370 284 1548 342 sallait
1586 285 1638 341 le
1686 283 1938 360 supplier
1978 284 2047 340 de

162 389 378 446 vouloir
410 389 659 465 presidet*
684 393 713 446 a
747 406 858 446 une
889 387 1200 444 assemblee
1219 385 1286 443 de
1310 383 1553 460 laquelle
1576 388 1733 440 toute
1758 382 1813 439 la
1838 381 2045 438 France

163 486 429 544 attendait
455 487 520 544 de
544 488 590 544 si
608 488 844 561 grandes
866 486 1086 542 choseS.
1112 487 1283 560 Apres
1297 501 1404 558 que
1421 484 1485 540 Μ.
1509 482 1577 539 de
1596 481 1744 538 Paris
1758 486 1854 538 eut
1867 479 2043 554 parle,

161 584 228 638 M.
271 573 527 657 l’Eveque
578 584 645 640 de
686 585 879 640 Meaux
925 581 1110 653 ajouta
1147 598 1256 653 que
1295 581 1347 637 la
1387 579 1646 656 province
1686 578 1756 658 de
1795 576 1946 634 Paris
1977 593 2048 632 ne

164 681 385 756 pouvait
424 680 763 755 s'empecher
793 679 859 734 de
888 676 1200 749 tcmoigner
1242 678 1289 733 le
1334 679 1474 733 de'sir
1514 677 1698 750 qu'elle
1749 677 1926 731 aurait
1951 692 2049 748 que

162 797 258 834 son
281 778 625 849 ArchevKue,
660 779 746 849 qui
779 794 811 831 a
837 776 957 848 de'ja
1002 775 1180 830 donne'
1210 781 1322 829 tant
1361 776 1426 830 de
1461 793 1681 847 preuves
1713 775 1778 830 de
1805 791 1864 829 sa
1893 774 2049 829 haute

163 879 414 951 capacite,
452 876 646 931 voulut
672 875 801 931 bien
828 893 887 931 se
909 873 1133 947 joindre
1153 875 1183 928 a
1208 873 1276 930 M.
1311 872 1380 928 de
1402 873 1589 928 Reims
1627 891 1771 946 pour
1794 870 2047 947 presider

161 979 190 1032 a
217 994 324 1032 une
353 976 400 1031 si
427 975 644 1031 illustre
674 974 1001 1043 assemblee,
1034 979 1088 1030 et
1115 973 1270 1047 qu'on
1301 974 1521 1046 pouvait
1551 972 1626 1027 lui
1659 972 1862 1027 donner
1877 974 2044 1042 juste-

156 1081 295 1129 ment
327 1075 375 1130 le
400 1077 519 1130 titre
546 1074 700 1146 qn’on
733 1074 950 1130 donnait
988 1074 1243 1146 autrefois
1268 1090 1334 1128 au
1367 1071 1534 1144 qrand
1562 1069 1738 1145 Οξὶιιε,
1778 1069 1935 1142 qu'on
1953 1087 2044 1143 ap-

153 1172 319 1245 pelait
345 1174 392 1229 Ie
424 1174 692 1246 president
718 1174 808 1229 des
841 1173 1081 1229 conciles.
1107 1171 1245 1228 Tout
1277 1172 1327 1227 le
1347 1170 1549 1226 monde
1582 1168 1802 1225 conclut
1837 1167 1976 1224 dans
1995 1167 2048 1223 la

159 1270 304 1326 suite
344 1270 515 1343 qu'on
545 1270 830 1346 prendrait
859 1270 927 1326 M.
961 1272 1027 1328 de
1057 1270 1210 1327 Paris
1244 1275 1296 1325 et
1321 1269 1386 1324 M.
1424 1268 1491 1325 de
1518 1267 1706 1325 Reims
1735 1283 1878 1342 pour
1922 1267 2044 1340 pre-

158 1368 386 1427 sidentS.
431 1392 457 1424 »

158 1584 182 1632 ,Ε
212 1583 249 1623 2.
273 1605 324 1612 —
349 1583 426 1630 Qui
448 1583 499 1623 ad
522 1585 686 1625 comitia
712 1585 815 1626 cleri
841 1596 946 1626 anno
970 1583 1073 1626 1682
1098 1596 1340 1632 convenere,
1367 1595 1450 1625 non
1477 1583 1606 1625 libere
1630 1594 1654 1622 a
1677 1582 1803 1630 clerc,
1832 1581 1902 1622 sed
1921 1581 2045 1633 Jussu

212 1653 328 1704 regio
352 1653 471 1694 electi
496 1658 615 1704 sunt;
638 1655 693 1694 ita
718 1659 765 1695 ut
787 1659 1012 1696 conventus
1036 1654 1130 1699 iste,
1158 1656 1311 1695 nedum
1336 1654 1542 1694 nationale
1563 1651 1787 1694 concilium
1811 1661 2049 1702 repraesen-

211 1721 372 1770 taverit,
401 1733 453 1760 ne
478 1733 601 1762 verus
623 1722 792 1774 quidem
818 1723 899 1762 suit
923 1721 1024 1763 cleri
1049 1727 1291 1762 conventus.

229 1862 268 1917 Ι.
303 1864 519 1919 Attente
545 1863 848 1938 perpendat
884 1865 1059 1920 lector
1091 1864 1228 1936 quid
1261 1863 1325 1919 de
1354 1861 1671 1920 istiusmodi
1700 1861 1970 1918 electione
1992 1870 2044 1918 et

155 1960 509 2035 deputatione.
552 1978 890 2030 asseramus,
923 1961 1220 2018 videlicet:
1262 1961 1714 2036 Deputandorum
1759 1960 2044 2033 catalogus

153 2057 374 2113 Parisiis
408 2058 688 2132 excriptus
711 2063 793 2114 est
825 2077 855 2114 a
885 2058 1160 2115 ministris
1182 2059 1351 2132 regiis
1376 2066 1429 2115 et
1461 2078 1490 2114 a
1524 2076 1653 2131 rege
1676 2057 2037 2133 approbatus

149 2155 209 2210 Et
253 2155 411 2227 juxta
464 2157 613 2212 hunc
664 2157 976 2229 catalogum
1022 2158 1468 2232 uniuscujusque
1519 2156 1815 2232 provinciae
1864 2158 2039 2213 eccle-

149 2250 383 2306 siasticae
425 2252 757 2308 electoribus
799 2248 1074 2326 designati
1112 2263 1242 2311 sunt
1281 2273 1423 2327 quos
1462 2272 1557 2310 rex
1595 2255 1825 2326 jubebat
1866 2254 2039 2328 depu-

149 2348 271 2401 tari.
303 2349 363 2403 Et
399 2366 468 2403 ne
503 2350 642 2405 sorte
676 2350 886 2423 aliquot
919 2351 1182 2407 electores
1221 2371 1380 2407 secus
1422 2352 1749 2422 suffragium
1782 2352 2038 2407 emittere

148 2443 432 2513 auderent,
484 2446 744 2519 expeditae
789 2455 919 2503 sunt
960 2449 1207 2522 epistolae
1243 2449 1406 2522 regiae
1449 2467 1572 2522 quae
1602 2450 1943 2505 vocabantur
1974 2451 2038 2505 de

146 2540 340 2603 cochen
375 2541 428 2595 id
474 2548 577 2612 est,
618 2544 821 2616 quibus
848 2545 1154 2617 jubebatur
1182 2547 1493 2616 electorem,
1536 2547 1631 2618 qui
1670 2546 1806 2602 alios
1835 2554 2038 2621 praeter

143 2638 457 2712 designatos
477 2660 506 2697 a
532 2660 678 2716 rege,
708 2661 880 2700 ausus
901 2644 1096 2702 fuisset
1118 2646 1340 2719 eligere,
1369 2646 1579 2720 absque
1603 2646 1714 2702 ulla
1740 2664 2033 2721 processus

143 2735 318 2792 forma
359 2738 416 2793 in
445 2757 725 2796 carcerem
766 2736 1063 2798 exiliumve
1100 2743 1265 2799 mitti.
1308 2745 1442 2800 Item
1480 2744 1722 2800 formula
1766 2763 2030 2820 procura-

141 2834 328 2906 tioniS‚
362 2838 644 2912 deputatis
682 2841 990 2910 tradendae,
1027 2861 1137 2899 non
1172 2862 1200 2899 a
1239 2843 1590 2916 singularum
1619 2844 2028 2920 provinciarum

138 2934 282 2990 clero
305 2936 604 2994 deliberata
629 2944 681 2994 et
707 2939 1058 3010 concinnata,
1099 2941 1194 2998 sed
1221 2942 1446 2998 Parisiis
1473 2950 1694 3000 exarata
1728 2943 1835 2999 fuit
1863 2962 1891 2999 a
1919 2945 2026 2999 mi-

139 3031 328 3088 nistris
371 3035 561 3107 regiis,
601 3042 654 3091 et
696 3036 822 3092 inde
869 3039 933 3093 ad
979 3039 1228 3112 singulas
1270 3041 1582 3115 provincias
1624 3033 2026 3099 ecclesiasticas

139 3130 483 3198 transmissa;
529 3133 714 3201 addito
752 3135 915 3208 jussu
951 3137 1100 3210 regio
1140 3144 1201 3193 ut
1238 3139 1354 3194 haec
1390 3144 1442 3195 et
1485 3158 1596 3195 non
1629 3140 1733 3195 alia
1763 3156 2026 3214 procura—

136 3224 303 3280 tionis
342 3243 438 3281 seu
476 3230 721 3287 mandati
752 3233 990 3289 formula
1027 3235 1404 3292 adhiberetur.
1441 3238 1496 3292 In
1524 3236 1802 3311 provincia
1834 3243 2021 3294 tamen

134 3320 562 3395 Rothomagensi
588 3344 843 3385 concessa
885 3338 966 3387 est
1001 3332 1137 3387 levis
1178 3334 1348 3389 unius
1376 3336 1642 3408 phraseos
1679 3334 2015 3393 immutatio,

133 3417 390 3492 Sigillatae
424 3422 631 3478 scilicet
673 3426 916 3499 epistolae
958 3429 1120 3501 regiae
1166 3430 1267 3493 (les
1309 3431 1496 3486 lettres
1537 3431 1604 3487 de
1643 3435 1857 3503 cachet)
1907 3453 2017 3491 non

136 3518 307 3591 magis
342 3522 783 3594 procurationem
821 3543 989 3597 quam
1017 3527 1405 3601 deputatorum
1433 3530 1757 3589 electionem
1781 3533 2015 3591 liberam

137 3613 540 3688 relinquebant.
574 3619 692 3675 Haec
733 3621 1055 3695 asserimu8‚
1091 3631 1279 3698 utpote
1308 3644 1430 3699 quae
1461 3629 1823 3704 praecedentis
1851 3648 2011 3707 para-
