2262 3990
807 172 934 222 PARS
962 169 1202 219 SECUNDA.
1855 159 1939 206 441

69 287 343 369 ejusmodi
365 284 754 344 testimonium
779 280 920 340 tanti
942 279 1086 336 valet
1111 274 1307 352 quanti
1332 273 1665 330 documenta
1691 286 1791 327 seu
1817 284 1945 324 auc-

67 388 316 448 toritates
346 384 550 458 quibus
585 380 800 439 nititur.
833 376 1109 434 Nimirum
1138 372 1455 445 contingere
1497 372 1678 443 potest
1704 372 1767 423 ut
1796 382 1948 423 erro-

70 502 237 542 neum
270 482 361 550 sit,
388 486 577 555 utpote
598 496 664 535 ex
691 472 1023 551 apocryphis
1048 467 1399 527 documentis
1425 464 1758 541 profectum.

147 581 201 637 4⁰
231 578 406 653 Igitur
433 594 544 632 non
568 575 712 631 valet
747 569 1105 629 ratiocinium
1133 589 1145 621 ε
1176 567 1520 638 Hieronymus
1549 564 1772 635 genuina
1801 578 1953 634 repu-

71 679 199 734 tavit
215 677 520 731 documenta
538 671 907 746 Cyprianicum
924 665 1118 736 sactum
1133 663 1400 727 testantia,
1423 679 1544 733 erqo
1559 661 1785 738 qenaina
1808 663 1948 714 sunt.

74 770 176 827 Sed
209 776 431 826 econtra
471 767 614 823 valet
645 762 826 821 istud:
851 761 1163 834 Apocrypha
1204 767 1322 813 sunt
1354 759 1492 813 dicta
1529 758 1859 826 clocumenta,
1890 759 1954 809 ut

73 885 140 925 cx
165 866 386 923 aliunde
415 861 659 938 probatis
688 863 933 927 constat;
962 874 1089 929 ergo
1130 855 1333 912 erravit
1373 843 1737 929 Hieronymus
1762 871 1826 911 ea
1863 869 1954 925 ge·

76 964 247 1020 nuina
271 959 599 1036 reputando.

148 1060 231 1115 IX.
265 1057 438 1112 Totius
467 1054 862 1127 disceptationis
890 1050 1173 1107 conclusio,

148 1155 204 1210 1⁰
246 1151 505 1208 Praetensi
540 1151 829 1207 conflictus
868 1149 1100 1205 historia
1140 1147 1342 1203 nititur
1387 1145 1676 1202 nonnullis
1710 1144 1960 1219 epistolis

75 1250 341 1328 Cypriane
384 1249 700 1324 adscriptis,
746 1265 960 1304 necnon
1004 1245 1140 1302 actis
1191 1244 1479 1319 cujusdam
1515 1241 1960 1316 Carthaginensis

83 1349 325 1418 concilii,
361 1366 422 1403 ac
445 1348 654 1403 famosa
681 1345 914 1420 epistola
947 1342 1277 1400 Firmiliani.

151 1448 206 1503 2⁰
232 1446 555 1518 Apocrypha
584 1461 704 1499 esse
748 1437 1081 1498 documenta
1113 1442 1228 1496 haec
1270 1458 1334 1495 ex
1371 1440 1492 1513 ipso
1539 1455 1735 1496 corum
1767 1445 1958 1494 tenore

80 1541 277 1597 merito
304 1541 606 1612 colligitur.

154 1639 210 1693 5⁰
238 1637 396 1693 Facta
429 1637 676 1711 diligenti
706 1636 1082 1711 exploratione
1126 1635 1463 1709 scriptorum
1505 1634 1601 1706 qui
1635 1651 1664 1688 a
1706 1631 1963 1707 Cypriani

81 1744 324 1810 tempore
349 1753 525 1808 usque
564 1735 633 1790 ad
676 1739 929 1790 sanctum
959 1723 1334 1806 Augustiuum
1366 1733 1697 1792 floruerunt,
1735 1730 1851 1784 haec
1881 1745 1965 1783 re-

77 1834 372 1909 periuntur
397 1854 407 1885 :
438 1833 636 1901 Prim0,
666 1831 893 1886 Pontius
920 1830 1187 1885 diaconus
1227 1835 1279 1884 ct
1322 1827 1615 1902 Dionysius
1647 1824 1967 1881 Alexandri-

82 1948 209 1999 nuS,
231 1930 327 2002 qui
346 1927 795 2003 contemporanei
810 1928 1059 1995 fuerunt,
1082 1926 1221 1983 etde
1240 1931 1513 2000 praetenso
1533 1923 1793 1979 conflictu
1811 1922 1967 1994 loqui

81 2025 423 2096 debuissent,
451 2043 678 2098 prorsus
716 2024 782 2080 de
812 2024 931 2098 ipso
958 2024 1144 2080 silent.
1179 2022 1440 2089 Secundo,
1475 2038 1809 2094 anonymuS,
1839 2036 1967 2075 nec-

86 2139 195 2176 non
217 2122 447 2195 Optatus
483 2122 850 2189 Milevitanus,
880 2121 975 2193 qui
1001 2121 1211 2194 pariter
1241 2120 1453 2174 dictum
1479 2117 1800 2173 conflictum
1830 2135 1975 2171 com-

91 2233 398 2277 memorare
440 2217 780 2283 debuissent,
832 2215 1052 2270 silentio
1101 2215 1233 2269 item
1282 2212 1741 2286 praetermittunt.
1800 2212 1975 2266 Tertio

94 2310 363 2365 Eusebius
408 2311 726 2365 conflictum
774 2317 1175 2366 commemorat
1225 2310 1406 2383 capite
1445 2309 1711 2380 quodam,
1758 2308 1976 2363 duabus

98 2405 390 2479 phrasibus
416 2411 699 2460 constante
730 2427 740 2458 ε
777 2411 830 2460 at
864 2406 1023 2462 facile
1046 2406 1330 2477 colligitur
1360 2407 1528 2461 hocce
1553 2410 1717 2479 caput
1746 2421 1974 2478 apocry-

94 2503 266 2576 phum
289 2520 427 2572 esse,
464 2520 564 2557 nec
592 2502 742 2558 aliud
767 2503 1107 2559 censendum
1134 2521 1304 2575 quam
1337 2509 1549 2572 notam,
1586 2519 1614 2556 c
1641 2500 1893 2573 margine
1920 2500 1977 2554 in

91 2606 299 2656 textum
330 2599 618 2655 insertam.
653 2599 867 2671 Quarto,
891 2600 1076 2655 Basilii
1126 2600 1384 2674 epistola,
1411 2599 1619 2654 nedum
1651 2596 1976 2653 conflictum

89 2701 338 2762 testetur,
362 2697 554 2768 probat
573 2696 757 2768 potius
770 2715 899 2751 eum
919 2697 1368 2754 commentitium
1391 2714 1532 2753 esse.
1551 2697 1763 2765 Quium,
1784 2694 1838 2750 S.
1862 2694 1974 2749 Au-

92 2790 345 2861 gustinus
368 2792 427 2846 in
452 2793 687 2848 dubium
715 2800 929 2850 revocat
956 2800 1126 2850 totam
1168 2794 1427 2867 praetensi
1472 2793 1763 2849 conflictus
1801 2791 1976 2846 histo-

93 2885 259 2954 riam,
295 2885 575 2957 simulque
611 2895 847 2946 testatur
895 2908 1006 2946 non
1040 2891 1232 2947 deesse
1261 2890 1357 2963 qui
1402 2907 1523 2945 eam
1552 2908 1581 2944 a
1608 2886 1975 2942 mendacibus

94 2979 382 3036 confictam
435 2989 698 3039 asserant.
743 2985 902 3041 Sexto
952 2987 1180 3042 tandem
1233 2987 1603 3059 Hieronymus
1636 2983 1971 3037 documenta

94 3085 490 3133 commemorat
540 3079 743 3151 quibus
785 3081 1016 3137 historia
1070 3083 1359 3138 conflictus
1401 3082 1621 3148 nititur,
1667 3097 1729 3134 ac
1775 3096 1838 3132 ea
1883 3095 1972 3149 ge·

96 3173 268 3228 nuina
299 3179 542 3246 reputat3
569 3175 663 3229 sed
691 3176 798 3231 dici
824 3183 1000 3248 potest
1028 3185 1080 3233 et
1102 3179 1300 3235 merito
1318 3177 1691 3242 concluditur,
1722 3191 1850 3229 eum
1872 3174 1975 3229 hac

99 3270 235 3325 inre
269 3269 326 3323 in
363 3287 606 3325 errorem
638 3270 925 3328 inductum
965 3274 1169 3339 suisse3
1211 3275 1318 3329 nisi
1361 3275 1550 3329 forsan
1577 3271 1871 3328 dicendum
1903 3270 1975 3326 sit

100 3372 276 3422 textus
298 3368 397 3420 hac
416 3365 483 3421 dc
506 3385 563 3423 re
588 3367 644 3422 in
662 3368 783 3440 ojus
802 3369 1064 3441 operibus
1081 3376 1432 3426 occurrentes
1454 3368 1971 3443 interpolationibus

99 3479 217 3517 esse
240 3464 713 3535 annumerandOS,
747 3481 883 3538 quas
913 3482 1114 3538 magno
1145 3483 1377 3524 numero
1403 3466 1595 3523 cadem
1622 3482 1787 3539 opera
1809 3481 1968 3539 passa

102 3564 250 3614 sunt.
