2306 4010
871 178 993 224 PARS
1022 178 1262 226 SECUNDA.
1957 179 2015 224 55
2059 139 2062 141 ·

136 302 378 358 cumque
402 283 641 358 negotia,
674 283 771 339 ubi
797 291 919 340 orta
941 292 1095 354 sunt,
1122 284 1365 342 finienda
1393 306 1404 350 ;
1434 300 1538 340 nec
1563 283 1873 357 unicuique
1889 301 2015 359 pro·
2065 283 2067 285 ’

135 381 327 440 vinciae
357 381 593 456 gratiam
641 382 825 438 Sancti
877 382 1116 457 Spiritus
1163 382 1503 452 defuturam,
1543 400 1654 455 qua
1711 381 1946 456 aequitas
1985 402 2015 439 a

134 462 342 540 Christi
364 482 743 539 sacerdotibus
769 490 822 539 et
861 479 1165 555 prudenter
1187 481 1442 539 videatur
1478 487 1532 538 et
1559 479 2017 538 constantissime

139 584 415 636 teneatur.
430 626 440 637 .
454 623 467 637 .

217 700 244 731 «
266 679 451 754 Neque
468 678 584 735 haec
600 695 700 752 pro
707 677 907 749 juribus
927 676 1121 730 uostris
1133 674 1494 734 defendendis
1515 676 1810 752 repentina
1826 693 2020 751 super-

145 780 407 834 venerunt
441 772 693 830 subsidia
725 793 736 826 ε
763 770 995 845 antiqua
1022 770 1303 844 majorum
1328 779 1657 829 nostrorum
1689 774 2021 830 documenta

140 878 293 939 sunt3
321 889 442 946 quae
462 876 525 926 ut
552 868 844 926 hausimus
878 868 946 924 ab
981 868 1073 939 iis,
1107 885 1168 924 ea
1203 867 1412 943 pariter
1459 870 1562 924 hoc
1590 870 1904 925 eclesiastici
1945 872 2022 926 vi·

134 974 272 1044 yoris
317 979 370 1025 et
409 969 755 1024 sacerdotalis
797 969 957 1024 animi
987 967 1256 1041 exemplo.
1273 966 1340 1022 ad
1386 971 1638 1041 posteros
1690 967 2022 1024 transmitti·

136 1087 331 1124 muS...
360 1067 488 1123 Sine
519 1066 747 1122 lionoris
776 1084 906 1139 erga
938 1072 1184 1122 vestram
1229 1065 1582 1122 sanctitatem
1622 1065 2022 1137 diminutione,

137 1165 258 1221 sine
286 1164 401 1220 ulla
431 1163 719 1220 charitatis
750 1163 1055 1220 offensione
1088 1164 1358 1219 decertata
1384 1164 1510 1236 jura
1536 1162 1655 1219 suis
1689 1162 2026 1238 possessori-

137 1265 240 1321 bus
291 1269 692 1321 asseruntur...
734 1263 914 1319 Pridie
962 1280 1138 1319 nonas
1181 1262 1393 1318 mensis
1439 1261 1594 1331 maii,
1629 1281 1774 1318 anno
1819 1262 1964 1319 1682
1998 1283 2024 1315 »

79 1427 83 1430 ,
143 1363 466 1437 (Sfondrat.‚
495 1362 665 1420 Gallia
693 1362 973 1432 vindicata,
1003 1382 1057 1436 p.
1084 1361 1214 1427 549,
1243 1362 1295 1416 20
1326 1361 1456 1417 edit.
1487 1360 2023 1433 Saint-Gall,1702).

214 1462 274 1517 ln
300 1463 401 1517 hac
433 1460 665 1534 epistola
698 1459 802 1515 sibi
827 1459 1216 1515 contradicunt
1243 1458 1508 1514 Gallicani
1532 1458 1821 1532 praesules‚
1857 1458 2028 1514 extol-

143 1559 303 1615 lendo
343 1557 647 1613 Innocentii
687 1557 751 1611 XI
801 1564 1122 1612 constantem
1168 1557 1458 1611 retinemlae
1512 1559 1698 1611 veteris
1744 1557 2031 1629 disciplinae

142 1658 478 1724 seutentiam,
507 1655 833 1726 studiumque
867 1653 1254 1726 amplificandae
1280 1653 1541 1720 Ecclesiae,
1577 1659 1629 1708 et
1664 1652 1835 1708 simul
1865 1652 1915 1707 ei
1937 1671 2027 1708 ex-

142 1755 456 1830 probrando
493 1753 639 1825 quod
676 1752 906 1825 antiqua
951 1751 1206 1807 Ecclesiae
1236 1751 1531 1806 Gallicanae
1558 1751 1687 1823 jura
1720 1752 2026 1822 subvertat,

143 1851 370 1924 suisque
429 1850 630 1906 litteris
681 1849 988 1904 discordias
1033 1849 1089 1903 in
1142 1848 1383 1904 Ecclesia
1414 1853 1581 1905 serat.
1614 1847 1717 1904 Sed
1749 1847 2030 1923 praecipue

142 1949 362 2006 adnotet
395 1948 569 2003 lector
597 1947 909 2003 doctrinam
942 1965 1111 2020 quam
1136 1946 1212 2001 ibi
1241 1945 1573 2020 profitentur
1606 1947 1669 2002 de
1694 1947 1899 2019 juribus
1924 1947 2024 2004 Ec·

144 2048 314 2103 clesiae
339 2046 635 2104 Gallicanae.
660 2045 1005 2101 Contendunt
1026 2063 1245 2119 nempe,
1267 2050 1388 2100 tum
1410 2045 1611 2117 judicia-
1631 2044 2027 2117 Episcopoaewn,

147 2151 262 2200 tum
293 2143 509 2216 negotia
537 2143 906 2200 ecclesiastica
937 2143 1138 2217 quibus
1166 2149 1422 2198 movetur
1451 2142 1681 2216 quaestio
1709 2142 1822 2198 sive
1850 2143 1912 2198 cle
1945 2144 2029 2214 ju-

143 2243 439 2297 risdictione
483 2241 1004 2313 Metropolitanorum
1038 2250 1087 2296 et
1127 2241 1525 2314 Episcoporum,
1567 2240 1683 2296 sive
1719 2241 1782 2295 de
1822 2241 2029 2312 juribus

145 2339 311 2408 requi,
334 2336 446 2391 sive
464 2337 526 2390 de
544 2337 890 2391 Libertalibus
911 2337 1281 2404 Ecclesiarum‚
1302 2337 1436 2403 haec,
1458 2335 1710 2406 inquam,
1728 2335 1917 2390 omnia
1937 2336 2029 2392 de-

146 2434 273 2489 bere
288 2435 426 2488 intra
452 2434 638 2488 limites
655 2433 933 2488 dioeceseos
951 2432 1241 2488 Galliarum
1258 2434 1371 2487 aesti
1380 2434 1531 2500 mari,
1545 2434 1788 2501 tractari,
1808 2433 2027 2504 agitari.

138 2530 390 2602 judicari,
424 2549 593 2599 mmm,
626 2532 830 2584 etiamsi
858 2531 1132 2601 interjecta
1168 2532 1235 2583 sit
1258 2529 1542 2600 appellatio
1572 2531 1636 2583 acl
1659 2529 1847 2584 Sedem
1877 2520 2031 2600 apos-

146 2626 371 2682 tolicam.
403 2627 512 2682 lloc
538 2645 659 2683 essc
695 2628 780 2700 jus
806 2645 959 2683 suum
985 2627 1313 2701 profitentur
1339 2633 1391 2682 et
1422 2632 1614 2682 tenent
1637 2625 1730 2681 isti
1766 2625 2034 2681 Gallicani
2092 2666 2103 2681 0

147 2723 419 2798 Episcopi.
471 2726 676 2781 Tenent
717 2724 950 2799 proinde
996 2725 1245 2780 Romano
1274 2723 1522 2779 Pontifici
1558 2742 1671 2780 non
1718 2729 2035 2798 competere

148 2827 475 2894 potestatem
501 2822 566 2878 de
592 2822 830 2895 negotiis
855 2822 979 2877 istis
1002 2822 1367 2895 cognoscendi
1388 2828 1439 2877 et
1458 2822 1764 2878 ultimatim
1786 2839 2036 2896 pronun-

150 2919 321 2974 tiandi
344 2939 443 2992 per
482 2923 737 2994 seipsum,·
769 2939 872 2976 nec
901 2939 1061 2995 posse
1111 2921 1332 2994 negotia
1372 2922 1484 2976 liaec
1524 2939 1624 2995 per
1672 2921 1810 2977 alios
1862 2939 2032 2994 quam

153 3017 336 3074 Galliae
378 3019 680 3092 EpiscopOS,
733 3036 834 3074 nec
880 3018 1011 3074 alibi
1052 3037 1221 3091 quam
1266 3018 1322 3074 in
1364 3018 1561 3089 Gallia,
1605 3018 1868 3092 judicari.
1916 3018 2037 3072 llaec

154 3131 316 3185 porro
345 3115 594 3172 doctrina
624 3122 772 3173 certo
801 3116 1156 3172 schismatica
1183 3123 1288 3187 cst,
1319 3123 1370 3172 et
1401 3117 1670 3173 inducens
1694 3117 1751 3172 in
1780 3115 2037 3171 haeresim

154 3229 257 3283 qun
303 3212 601 3283 denegatur
639 3214 883 3269 Romano
927 3214 1174 3270 Pontifici
1221 3215 1384 3287 plena
1434 3224 1664 3286 potestas
1690 3214 2039 3269 universalem

155 3309 439 3364 Ecclesiam
472 3313 746 3381 pascendi,
789 3313 999 3383 reyendi
1035 3331 1095 3367 ac
1121 3313 1461 3384 qubernandi‚
1496 3331 1524 3366 a
1557 3311 1792 3367 concilio
1817 3312 2038 3368 Floren-

156 3406 272 3461 tino
301 3405 546 3461 definita.
581 3405 687 3460 Nec
723 3407 1015 3479 objiciatur
1040 3407 1200 3462 abiis
1233 3408 1566 3480 praesullhus
1605 3409 1841 3483 exprimi
1875 3409 2037 3465 dum-

157 3508 306 3556 taxat
348 3512 465 3558 vota
497 3509 550 3559 et
590 3520 791 3574 preces.
838 3503 1106 3575 Equidem
1150 3509 1390 3558 utuntur
1438 3504 1696 3561 formulis
1752 3506 1913 3562 istis:
1948 3510 2042 3560 im-

151 3600 360 3669 pensius
395 3600 768 3671 deprecamur,·
810 3599 1196 3654 ardentioribus
1228 3602 1359 3655 volis
1393 3604 1758 3673 exposcimus,·
1787 3609 1839 3658 at
1875 3603 2043 3659 simul
