2306 4010
358 171 447 229 535
1038 163 1330 211 TRACTATUS
1362 163 1428 210 DE
1457 163 1600 212 PAPA.

351 234 426 335 ‘ex
447 277 701 335 cathedra
732 259 1011 344 loquenti,
1046 270 1145 326 sed
1169 287 1472 344 personam
1498 271 1769 343 privatam
1791 273 1979 345 agenti
2001 275 2292 344 Pontifici,2

361 375 516 440 Quod
555 373 603 428 si
634 371 720 427 vel
746 365 1038 444 probabile
1063 368 1161 441 sit,
1190 368 1268 426 ita
1301 374 1358 426 ut
1401 368 1754 426 contrarium
1784 369 2163 430 demonstrari
2187 393 2306 452 neg«,⁴

361 475 554 544 queat,
575 467 742 543 plane
764 466 964 541 utique
988 467 1198 524 sufficit
1221 466 1290 524 ad
1306 467 1707 524 vindicandam
1721 467 1962 525 Romam
1975 469 2306 548 Pontificis„

360 566 529 622 fidem
558 583 625 621 ex
652 564 923 622 cathedra
951 564 1291 637 definientis,
1321 563 1842 622 infallibilitatem.
2224 603 2226 607 ψ
2268 564 2306 657 Q

435 668 781 740 Argumenta
811 672 1001 724 autem
1027 667 1237 741 quibus
1257 665 1596 724 sententiam
1623 684 1786 723 suam
1815 673 2130 742 propugnat
2145 669 2306 767 Τὴορ

363 767 651 825 massinus
686 769 803 826 haec
830 769 945 827 fere
977 776 1146 827 sunt:

437 867 478 923 Ι.
512 867 741 925 Honorii
789 874 1061 945 tempore,
1095 873 1360 925 constans
1400 867 1690 925 obtinebat
1736 867 1946 944 praxis,
1997 874 2060 925 ut
2088 868 2229 926 nihil

363 967 612 1025 Romano
653 969 916 1026 Pontifice
947 969 1097 1026 circa
1123 969 1291 1026 fidem
1344 968 1699 1042 definiretur,
1747 968 1858 1025 nisi
1903 969 2190 1045 synodice,
2229 969 2246 1026 i

363 1079 468 1142 est,
499 1081 834 1148 congregato
863 1075 1078 1150 synodo
1103 1081 1199 1131 aut
1225 1073 1600 1150 presbyteriO.
1636 1073 1788 1130 Unde
1815 1091 1926 1130 non
1954 1074 2252 1131 censebatu

362 1175 633 1232 Summus
654 1176 903 1232 Pontifex
930 1176 1086 1251 loqui
1111 1194 1178 1233 ex
1202 1175 1472 1232 cathedra
1490 1182 1543 1232 et
1564 1174 1733 1232 fidem
1757 1174 1990 1231 definire
2016 1181 2283 1249 tanquam

353 1270 633 1348 Pontifex,
667 1276 777 1333 nisi
822 1295 921 1352 per
953 1277 1172 1334 litteras
1216 1275 1535 1355 synodicaS,
1578 1294 1700 1350 quae
1732 1274 1943 1332 scilicet
1982 1275 2183 1349 synodi
2209 1274 2281 1331 si-

365 1375 484 1431 mul
530 1382 583 1432 et
622 1376 903 1433 Pontilicis
931 1375 1165 1431 nomine
1191 1375 1637 1450 publicabantur
1661 1395 1723 1432 ac
1750 1394 1850 1450 per
1878 1375 2075 1431 orbem
2104 1373 2261 1432 mitte

365 1475 592 1531 bantur.
623 1475 772 1531 Binae
800 1481 991 1532 autem
1019 1474 1248 1532 Honorii
1278 1474 1528 1549 epistolae
1558 1479 1798 1530 exaratae
1838 1492 1902 1530 ac
1942 1473 2130 1530 missae
2157 1492 2262 1531 sun

366 1573 578 1646 absque
610 1572 726 1628 ulla
768 1572 1049 1629 celebrata
1087 1571 1321 1647 synod0,
1355 1590 1419 1627 ac
1453 1570 1635 1628 solius
1674 1571 1903 1628 Ilonorii
1945 1571 2176 1628 nomine
2208 1570 2276 1633 in:

367 1671 716 1728 scribuntur.
770 1671 1083 1744 Utrumque
1127 1677 1410 1728 assertum
1453 1671 1651 1746 probat
1695 1670 2098 1727 Thomassinus
2138 1670 2264 1728 locu

368 1770 501 1844 pleti
552 1771 1026 1829 documentorum
1078 1770 1248 1842 serie,
1297 1789 1469 1845 quam
1518 1770 1608 1827 hic
1664 1770 2150 1845 praetermittimus
2176 1794 2186 1838 ;
2234 1787 2264 1828 e

368 1869 657 1925 concludit
690 1873 930 1943 privatas
959 1870 1135 1927 fuisse
1164 1870 1393 1927 Ilonorii
1423 1870 1493 1926 ad
1525 1868 1781 1943 Sergium
1812 1869 2102 1944 epistolas.

448 1969 506 2023 ll.
541 1969 597 2025 Si
619 1969 1091 2045 dictasepistolas
1119 1970 1389 2026 edidisset
1413 1970 1689 2026 Honorius
1719 1976 1998 2043 quatenus
2016 1969 2257 2026 definien

366 2087 430 2126 ex
464 2069 757 2140 cathedra,
789 2069 1061 2143 majorem
1094 2070 1491 2126 notorietatem
1521 2069 1878 2140 habuissent,
1909 2076 2031 2125 tum
2056 2069 2114 2125 in
2139 2068 2263 2126 Occi

364 2167 553 2240 dente,
581 2174 702 2224 tum
735 2174 786 2223 ct
818 2169 969 2243 apud
1001 2167 1332 2238 OrientaleS,
1364 2174 1493 2226 ante
1515 2173 1729 2225 sextam
1769 2167 2104 2241 generalem,
2134 2186 2238 2241 syn

366 2267 505 2322 dum

440 2365 527 2421 Ill.
556 2364 781 2422 Accedit
812 2366 962 2439 quod
993 2365 1050 2421 in
1076 2365 1194 2441 ipsa
1232 2372 1398 2422 sextae
1426 2365 1624 2442 synodi
1664 2366 1894 2423 Actione
1921 2366 2027 2437 XII,
2053 2365 2251 2442 epistol

363 2464 589 2522 Ilonorii
618 2484 727 2521 non
757 2466 987 2523 aliunde
1014 2484 1187 2540 quam
1215 2466 1426 2523 scrinio
1445 2466 1810 2541 patriarchali
1840 2466 2099 2523 Ecclesiae
2125 2467 2229 2524 Con
2299 2510 2301 2515 .

365 2554 846 2640 tantinopolitanae
889 2566 1191 2641 promitur.
1241 2566 1303 2623 Et
1345 2565 1629 2641 promitur
1678 2565 1797 2641 ipsa
1830 2565 2068 2642 epistola
2097 2564 2211 2622 Lati
2283 2617 2287 2623 .

367 2668 720 2740 ctzttoyrapha,
750 2686 879 2723 cum
918 2668 1101 2723 Graeca
1133 2667 1618 2741 interpretatione.
1652 2665 1731 2720 Ad
1783 2685 1960 2723 unum
1996 2684 2125 2741 crgo
2170 2666 2235 2723 Se

366 2765 521 2838 gium
557 2765 730 2846 missa
771 2767 975 2837 f,uerat
1014 2772 1064 2823 et
1106 2786 1228 2824 eam
1264 2767 1539 2840 Sergius
1526 2787 1584 2823 m
1617 2766 1839 2823 archixo
1882 2767 2139 2824 Ecclesiae
2174 2664 2286 2837 su}

367 2843 716 2939 reposuetat.
739 2864 867 2929 Quae
890 2845 1121 2938 prorsus
1153 2864 1403 2921 indicant
1429 2864 1702 2940 privatam
1731 2866 2122 2923 tantummodo
2143 2862 2283 2940 opica

368 2962 565 3019 tolam.
2258 2986 2279 3025 ·)

445 3063 527 3118 IV.
576 3084 602 3114 «
631 3062 899 3119 Praeterea
946 3061 1126 3119 nihilo
1161 3062 1452 3137 segniores
1494 3045 1654 3121 fuere
1700 3070 1798 3120 aut
1846 3063 2148 3139 tepidiores
2185 3061 2280 3119 Rex*

368 3162 524 3218 mani
551 3162 842 3237 praesules,
877 3161 936 3216 in
967 3161 1324 3237 praedicanda
1347 3161 1507 3219 Sedis
1547 3181 1662 3220 suae
1687 3182 1802 3220 non
1833 3163 2058 3221 errandi
2087 3175 2279 3238 praero·

369 3261 574 3335 gativa,
613 3268 738 3336 post
763 3260 1074 3318 Honorium
1112 3268 1280 3334 atque
1313 3269 1460 3317 ante.
1497 3262 1698 3319 Evolve
1719 3262 1985 3338 epistolas
2014 3251 2277 3317 Theodori

369 3360 548 3436 Papae,
569 3361 792 3418 Martini
821 3362 919 3436 qui
940 3363 1214 3437 synodum
1235 3362 1669 3419 Lateranensem
1699 3362 1944 3436 collegit,
1965 3355 2275 3434 Agathonis,

372 3459 570 3516 Leonis
600 3461 663 3527 ll,
693 3468 745 3518 et
772 3469 1104 3518 caeterorum
1127 3460 1410 3536 deinceps.
1452 3460 1666 3535 Ubique
1692 3462 1942 3518 Romana
1967 3448 2132 3515 Sedes
2156 3469 2279 3512 nus-

377 3574 546 3627 quam
573 3577 603 3613 a
626 3559 755 3616 fidei
788 3561 1006 3617 amussi
1042 3563 1380 3633 declinasse,
1406 3560 1794 3635 incorruptam
1829 3557 1951 3615 orbi
1981 3553 2278 3612 christiano

379 3667 600 3726 semper
623 3657 956 3731 propinasse
979 3659 1291 3719 doctrinam
1327 3658 1701 3717 fidentissime
1725 3654 2080 3732 praedicatur.
2115 3651 2279 3724 quue
