2262 3990
835 155 963 205 PARS
990 151 1190 202 TERTIA.
1475 165 1479 168 ’
1867 143 1951 190 511

86 276 406 338 nullatenus
424 269 624 347 probat
649 262 1006 324 comminatio
1021 263 1136 318 haec
1158 256 1423 335 praesules
1446 255 1575 312 illos
1599 251 1704 310 sibi
1730 251 1956 325 aliquod

79 376 172 449 jus
190 369 502 429 vindicasse
530 364 590 420 in
614 378 808 420 verum
842 364 896 417 et
920 356 1232 432 legitimum
1258 355 1461 429 Papam
1485 373 1497 417 3
1543 347 1640 407 sed
1665 347 1956 404 dumtaxat

87 470 147 527 in
176 469 373 541 Papam
410 461 728 534 haereticum
760 457 858 532 qui
884 457 998 532 jam
1034 471 1198 512 verus
1222 453 1366 527 Papa
1389 466 1502 507 non
1531 452 1633 504 est.
1673 445 1792 501 Non
1831 461 1962 517 ergo

91 563 224 638 ipsis
248 556 693 636 exprobrandum
719 552 867 627 quod
893 551 1028 608 adeo
1054 547 1255 607 stolide
1279 543 1609 612 erraverint,
1642 547 1706 598 ut
1730 542 1965 615 particu-

91 662 191 717 lari
218 659 388 716 etiam
431 651 666 712 concilio
706 650 802 724 jus
835 665 1003 723 supra
1051 647 1251 720 Papam
1282 646 1598 717 competere
1621 637 1966 696 existimave-

92 757 226 813 rint.

163 853 271 909 Hac
302 858 487 907 autem
517 843 802 903 occasione
823 839 1045 914 scripsit
1072 843 1298 894 sanetus
1328 837 1417 893 lvo
1445 836 1796 893 Carnotensis
1823 835 1966 911 epis-

93 950 262 1007 tolam
288 965 494 1004 ccxxxm
510 944 578 1000 ad
599 940 894 998 Henricum
930 937 1214 1005 abbatem;
1246 936 1303 990 in
1323 953 1433 1007 qua
1457 935 1523 991 de
1546 935 1797 992 Paschali
1821 936 1965 1009 Papa

91 1052 144 1102 et
167 1045 235 1101 de
266 1042 503 1115 lugenda
529 1038 703 1113 ipsius
732 1026 1087 1092 concessione
1121 1032 1202 1087 sie
1232 1033 1414 1105 legere
1451 1039 1568 1087 est:
1604 1052 1631 1083 «
1658 1031 1966 1087 Familiari-

90 1140 194 1196 bus
232 1144 285 1194 et
314 1136 601 1192 caritatem
636 1131 1013 1189 redolentibus
1057 1128 1257 1186 litteris
1294 1127 1679 1184 admonendus
1712 1127 1850 1181 mihi
1886 1127 1966 1182 vi-

84 1236 265 1306 detur,
295 1240 359 1289 ut
392 1251 447 1288 se
467 1232 664 1304 judicet
691 1234 786 1285 aut
816 1227 1027 1283 {aetum
1054 1244 1222 1282 suum
1250 1229 1580 1281 retractet...
1609 1223 1662 1279 Si
1694 1229 1880 1279 autem
1909 1222 1966 1276 in

85 1332 183 1387 hoc
209 1331 474 1401 languore
510 1324 896 1382 insanabiliter
929 1322 1299 1397 aegrotaverit,
1320 1339 1427 1377 uon
1464 1328 1540 1377 est
1567 1329 1805 1376 nostrum
1830 1320 1967 1393 judi-

88 1446 209 1482 care
239 1428 302 1481 de
329 1426 540 1481 Summo
570 1424 842 1494 Pontifice.
878 1444 904 1475 »

164 1521 299 1577 Item
337 1525 626 1594 postquam
661 1523 955 1574 convocata
986 1516 1204 1583 fuisset,
1254 1517 1323 1572 ob
1357 1515 1505 1571 idem
1544 1515 1850 1587 negotium,
1883 1531 1970 1588 sy-

87 1618 264 1674 nodus
285 1617 684 1690 LugduncnsiS,
714 1615 936 1688 scripsit
958 1621 1182 1671 sanetus
1205 1613 1292 1670 Ivo
1318 1630 1417 1669 cur
1443 1613 1562 1687 ipse
1594 1630 1658 1668 ac
1678 1612 1775 1667 alii
1802 1611 1970 1667 Seno-

89 1713 278 1767 nensis
319 1711 612 1785 provinciae
653 1710 930 1767 antistites
973 1710 1041 1766 ad
1073 1710 1239 1766 talem
1279 1710 1554 1784 synodum
1588 1709 1669 1764 ire
1711 1708 1921 1764 nollent
1956 1729 1967 1759 :

93 1830 119 1861 «
154 1810 270 1864 Non
297 1809 516 1864 videtur
540 1807 717 1875 nobiS,
765 1807 964 1879 inquit,
995 1808 1131 1862 utile
1167 1807 1466 1862 eonsilium
1503 1806 1572 1862 ad
1613 1806 1708 1861 illa
1734 1805 1969 1862 eoncilia

90 1905 404 1974 convenire,
435 1905 491 1959 in
510 1905 715 1977 quibus
746 1921 857 1958 non
878 1921 1177 1977 possumus
1200 1921 1291 1959 eas
1311 1922 1601 1977 personaS,
1620 1910 1809 1959 eontra
1830 1921 1969 1974 quas

92 2005 294 2078 agitur,
330 2004 702 2060 condemnare
733 2003 820 2059 vel
852 2003 1127 2076 judicare,
1164 2003 1293 2076 quia
1339 2021 1431 2058 nec
1463 2010 1666 2073 nostre,
1694 2022 1787 2059 nec
1817 2003 1973 2058 allius

95 2103 351 2157 hominum
387 2104 674 2173 probantur
711 2103 975 2173 subjacere
1004 2102 1200 2173 judicio
1232 2123 1259 2154 »
1293 2100 1476 2174 (epist.
1515 2103 1760 2170 ccxxxvi).
1791 2101 1850 2154 Et
1895 2100 1974 2154 in-

97 2196 178 2250 fra
204 2196 404 2270 exeipit
440 2198 727 2252 dumtaxat
753 2215 945 2253 casum
970 2215 1079 2270 quo
1111 2197 1252 2270 Papa
1282 2198 1556 2267 manifeste
1591 2198 1650 2250 ab
1681 2197 1971 2267 evange-lica

101 2293 315 2347 veritate
348 2292 648 2363 discederet,
679 2292 731 2346 id
767 2299 871 2358 est,
904 2291 1118 2347 notorie
1153 2292 1447 2348 haereticus
1474 2292 1744 2348 evaderet.

174 2386 365 2458 Liquet
392 2405 454 2443 ex
480 2387 584 2442 isto
602 2387 778 2443 lvonis
798 2387 1114 2443 testimonio
1140 2393 1274 2443 tune
1302 2389 1569 2462 temporis
1598 2388 1975 2445 indubitatum

102 2483 271 2538 fuisse
306 2483 639 2557 principium
683 2484 868 2539 istud:
898 2484 1207 2540 Romanum
1238 2485 1554 2542 Pontificem
1591 2487 1778 2542 nullius
1813 2488 1978 2541 homi-

102 2596 221 2634 num
248 2582 333 2650 (ac
364 2580 595 2652 proinde
625 2597 726 2635 nec
761 2581 927 2637 etiam
966 2582 1239 2654 generalis
1289 2583 1502 2657 synodi)
1547 2585 1812 2656 subjacere
1841 2585 1980 2656 judi-

102 2678 199 2731 cio.
237 2676 382 2731 lvoni
423 2677 634 2750 prolixe
670 2678 954 2752 respondit
982 2679 1363 2751 Lugdunensis
1387 2681 1623 2755 praesul;
1671 2686 1754 2736 ast
1800 2680 1978 2755 ipsius

104 2771 412 2842 assertioni,
457 2773 601 2845 quod
641 2791 840 2849 nempe
872 2775 1011 2848 Papa
1040 2776 1248 2833 nullius
1281 2777 1575 2834 hominum
1609 2777 1818 2851 judicio
1850 2779 1980 2833 sul)-

100 2867 296 2938 jaceat,
331 2868 475 2922 nihil
502 2887 729 2940 prorsus
760 2873 1039 2946 opposuit.

181 2964 237 3018 6⁰
275 2964 678 3022 Testimonium
710 2967 974 3043 Philippi,
1008 2988 1151 3027 anno
1178 2971 1348 3028 1206.
1376 3005 1452 3013 —
1478 2972 1611 3027 Cum
1640 2989 1841 3046 nempe
1861 2971 1984 3026 Phi-

109 3058 292 3132 lippus
322 3058 387 3113 de
414 3059 646 3133 imperio
684 3068 917 3119 certaret
941 3083 1069 3120 cum
1106 3067 1304 3123 Ottone
1339 3067 1428 3135 ΙΙΙ,
1465 3067 1686 3141 scripsit
1717 3067 1786 3122 ad
1821 3067 1986 3123 Inno-

112 3154 357 3210 centium
387 3154 452 3208 ΙΙΙ
488 3155 573 3211 his
604 3156 815 3213 verbis:
843 3158 947 3214 «Si
982 3178 1082 3217 nos
1114 3161 1171 3216 in
1212 3162 1400 3235 aliquo
1429 3180 1544 3231 VOS,
1572 3163 1659 3219 vel
1684 3164 1986 3221 Romanam

113 3249 412 3306 Ecclesiam
436 3250 731 3308 offendisse
754 3253 1060 3325 videamur,
1090 3274 1190 3312 nos
1219 3276 1318 3330 pro
1344 3259 1551 3315 honore
1572 3247 1786 3315 Domini
1812 3262 1986 3318 nostri

112 3345 239 3402 Jesu
264 3345 486 3415 Christi,
521 3347 680 3421 eujus
714 3348 888 3406 vicem
923 3349 981 3406 in
1003 3351 1168 3407 terris
1193 3352 1404 3425 geritiS,
1443 3361 1497 3410 et
1522 3354 1588 3410 ob
1619 3358 1983 3414 reverentiam

113 3441 255 3498 beati
283 3442 422 3498 Petri
459 3442 725 3519 principis
751 3445 1162 3519 Apostolorum,
1194 3450 1355 3523 cujus
1382 3449 1621 3507 vicarius
1652 3453 1804 3523 estis,
1838 3459 1890 3511 et
1912 3455 1981 3511 oh

114 3540 350 3598 salutem
386 3549 657 3612 nostram,
694 3561 794 3599 nos
830 3543 899 3600 ad
938 3544 1386 3603 satisfaciendum
1414 3549 1566 3606 vobis
1593 3548 1979 3627 supponimus·
