<?xml version="1.0" encoding="UTF-8"?>
<!DOCTYPE html PUBLIC "-//W3C//DTD XHTML 1.0 Transitional//EN"
    "http://www.w3.org/TR/xhtml1/DTD/xhtml1-transitional.dtd">
<html xmlns="http://www.w3.org/1999/xhtml" xml:lang="en" lang="en">
 <head>
  <title>
</title>
<meta http-equiv="Content-Type" content="text/html;charset=utf-8" />
  <meta name='ocr-system' content='tesseract 3.04.00' />
  <meta name='ocr-capabilities' content='ocr_page ocr_carea ocr_par ocr_line ocrx_word'/>
</head>
<body>
  <div class='ocr_page' id='page_1' title='image "a548470102bouiuoft_0459.png"; bbox 0 0 2262 3990; ppageno 0'>
   <div class='ocr_carea' id='block_1_1' title="bbox 829 129 1964 187">
    <p class='ocr_par' dir='ltr' id='par_1_1' title="bbox 829 129 1964 187">
     <span class='ocr_line' id='line_1_1' title="bbox 829 129 1964 187; baseline -0.003 0"><span class='ocrx_word' id='word_1_1' title='bbox 829 139 956 187; x_wconf 75' lang='lat' dir='ltr'>PARS</span> <span class='ocrx_word' id='word_1_2' title='bbox 986 137 1224 186; x_wconf 75' lang='lat' dir='ltr'>SECUNDA.</span> <span class='ocrx_word' id='word_1_3' title='bbox 1421 129 1427 134; x_wconf 65' lang='grc'><strong>’</strong></span> <span class='ocrx_word' id='word_1_4' title='bbox 1881 136 1964 184; x_wconf 78' lang='lat'>451</span> 
     </span>
    </p>
   </div>
   <div class='ocr_carea' id='block_1_2' title="bbox 94 243 1986 1191">
    <p class='ocr_par' dir='ltr' id='par_1_2' title="bbox 94 243 1963 323">
     <span class='ocr_line' id='line_1_2' title="bbox 94 243 1963 323; baseline -0.004 -14"><span class='ocrx_word' id='word_1_5' title='bbox 94 249 315 309; x_wconf 68' lang='lat' dir='ltr'>mot-,ioli</span> <span class='ocrx_word' id='word_1_6' title='bbox 334 249 702 323; x_wconf 74' lang='lat' dir='ltr'>(Almaqestum</span> <span class='ocrx_word' id='word_1_7' title='bbox 717 266 928 317; x_wconf 82' lang='lat' dir='ltr'>novum,</span> <span class='ocrx_word' id='word_1_8' title='bbox 948 254 990 304; x_wconf 89' lang='lat' dir='ltr'>t.</span> <span class='ocrx_word' id='word_1_9' title='bbox 1011 246 1076 318; x_wconf 87' lang='lat'>11,</span> <span class='ocrx_word' id='word_1_10' title='bbox 1103 266 1159 322; x_wconf 88' lang='lat' dir='ltr'>p.</span> <span class='ocrx_word' id='word_1_11' title='bbox 1190 244 1321 315; x_wconf 83' lang='lat'>497,</span> <span class='ocrx_word' id='word_1_12' title='bbox 1341 243 1474 302; x_wconf 91' lang='lat' dir='ltr'>edit.</span> <span class='ocrx_word' id='word_1_13' title='bbox 1493 243 1748 315; x_wconf 85' lang='lat' dir='ltr'>Boloniae,</span> <span class='ocrx_word' id='word_1_14' title='bbox 1770 243 1963 316; x_wconf 80' lang='lat'>1655).</span> 
     </span>
    </p>

    <p class='ocr_par' dir='ltr' id='par_1_3' title="bbox 94 332 1986 1191">
     <span class='ocr_line' id='line_1_3' title="bbox 171 332 1972 423; baseline -0.002 -24"><span class='ocrx_word' id='word_1_15' title='bbox 171 367 199 399; x_wconf 88' lang='lat'>«</span> <span class='ocrx_word' id='word_1_16' title='bbox 222 345 534 401; x_wconf 89' lang='lat' dir='ltr'>Admodum</span> <span class='ocrx_word' id='word_1_17' title='bbox 564 332 860 401; x_wconf 86' lang='lat' dir='ltr'>reverende</span> <span class='ocrx_word' id='word_1_18' title='bbox 889 348 1066 419; x_wconf 88' lang='lat' dir='ltr'>pater.</span> <span class='ocrx_word' id='word_1_19' title='bbox 1086 373 1156 383; x_wconf 93' lang='lat'>—</span> <span class='ocrx_word' id='word_1_20' title='bbox 1199 339 1458 407; x_wconf 85' lang='lat' dir='ltr'>Quamvis</span> <span class='ocrx_word' id='word_1_21' title='bbox 1488 357 1519 396; x_wconf 91' lang='lat' dir='ltr'>a</span> <span class='ocrx_word' id='word_1_22' title='bbox 1545 339 1972 423; x_wconf 85' lang='lat' dir='ltr'>Congregatione</span> 
     </span>
     <span class='ocr_line' id='line_1_4' title="bbox 94 436 1975 516; baseline -0.004 -16"><span class='ocrx_word' id='word_1_23' title='bbox 94 443 295 500; x_wconf 86' lang='lat' dir='ltr'>Indicis</span> <span class='ocrx_word' id='word_1_24' title='bbox 329 459 634 516; x_wconf 86' lang='lat' dir='ltr'>suspensus</span> <span class='ocrx_word' id='word_1_25' title='bbox 675 441 747 498; x_wconf 88' lang='lat' dir='ltr'>sit</span> <span class='ocrx_word' id='word_1_26' title='bbox 787 446 1056 497; x_wconf 89' lang='lat' dir='ltr'>tractatus</span> <span class='ocrx_word' id='word_1_27' title='bbox 1098 438 1305 495; x_wconf 89' lang='lat' dir='ltr'>Nicolai</span> <span class='ocrx_word' id='word_1_28' title='bbox 1343 436 1625 512; x_wconf 88' lang='lat' dir='ltr'>Copernici</span> <span class='ocrx_word' id='word_1_29' title='bbox 1665 437 1728 492; x_wconf 85' lang='lat' dir='ltr'>de</span> <span class='ocrx_word' id='word_1_30' title='bbox 1757 436 1975 493; x_wconf 80' lang='lat' dir='ltr'>Revolu-</span> 
     </span>
     <span class='ocr_line' id='line_1_5' title="bbox 98 532 1977 609; baseline -0.004 -13"><span class='ocrx_word' id='word_1_31' title='bbox 98 540 317 597; x_wconf 78' lang='lat' dir='ltr'><strong><em>tionibus</em></strong></span> <span class='ocrx_word' id='word_1_32' title='bbox 355 540 555 595; x_wconf 85' lang='lat' dir='ltr'>orbium</span> <span class='ocrx_word' id='word_1_33' title='bbox 592 537 891 605; x_wconf 79' lang='lat' dir='ltr'>coelestium,</span> <span class='ocrx_word' id='word_1_34' title='bbox 950 553 1014 592; x_wconf 86' lang='lat' dir='ltr'>eo</span> <span class='ocrx_word' id='word_1_35' title='bbox 1047 534 1196 609; x_wconf 92' lang='lat' dir='ltr'>quod</span> <span class='ocrx_word' id='word_1_36' title='bbox 1240 534 1298 590; x_wconf 95' lang='lat' dir='ltr'>in</span> <span class='ocrx_word' id='word_1_37' title='bbox 1341 534 1436 590; x_wconf 94' lang='lat' dir='ltr'>illo</span> <span class='ocrx_word' id='word_1_38' title='bbox 1483 532 1828 590; x_wconf 82' lang='lat' dir='ltr'><strong>sustineatur</strong></span> <span class='ocrx_word' id='word_1_39' title='bbox 1873 538 1977 589; x_wconf 87' lang='lat' dir='ltr'>ter-</span> 
     </span>
     <span class='ocr_line' id='line_1_6' title="bbox 99 617 1975 705; baseline -0.004 -12"><span class='ocrx_word' id='word_1_40' title='bbox 99 654 219 693; x_wconf 90' lang='lat' dir='ltr'>ram</span> <span class='ocrx_word' id='word_1_41' title='bbox 243 635 470 705; x_wconf 85' lang='lat' dir='ltr'>moveri,</span> <span class='ocrx_word' id='word_1_42' title='bbox 491 651 604 691; x_wconf 91' lang='lat' dir='ltr'>non</span> <span class='ocrx_word' id='word_1_43' title='bbox 625 617 751 690; x_wconf 85' lang='lat' dir='ltr'>vero</span> <span class='ocrx_word' id='word_1_44' title='bbox 774 633 971 702; x_wconf 85' lang='lat' dir='ltr'>solem,</span> <span class='ocrx_word' id='word_1_45' title='bbox 999 632 1095 688; x_wconf 87' lang='lat' dir='ltr'>sed</span> <span class='ocrx_word' id='word_1_46' title='bbox 1122 634 1272 687; x_wconf 92' lang='lat' dir='ltr'>hunc</span> <span class='ocrx_word' id='word_1_47' title='bbox 1301 638 1450 688; x_wconf 89' lang='lat' dir='ltr'>stare</span> <span class='ocrx_word' id='word_1_48' title='bbox 1471 632 1530 686; x_wconf 92' lang='lat' dir='ltr'>in</span> <span class='ocrx_word' id='word_1_49' title='bbox 1555 636 1747 687; x_wconf 89' lang='lat' dir='ltr'>centro</span> <span class='ocrx_word' id='word_1_50' title='bbox 1778 630 1975 687; x_wconf 92' lang='lat' dir='ltr'>mundi</span> 
     </span>
     <span class='ocr_line' id='line_1_7' title="bbox 101 728 1978 809; baseline -0.004 -18"><span class='ocrx_word' id='word_1_51' title='bbox 101 737 244 809; x_wconf 80' lang='lat' dir='ltr'>(quae</span> <span class='ocrx_word' id='word_1_52' title='bbox 278 732 464 807; x_wconf 92' lang='lat' dir='ltr'>opinio</span> <span class='ocrx_word' id='word_1_53' title='bbox 500 730 770 788; x_wconf 86' lang='lat' dir='ltr'>contraria</span> <span class='ocrx_word' id='word_1_54' title='bbox 796 735 879 785; x_wconf 90' lang='lat' dir='ltr'>est</span> <span class='ocrx_word' id='word_1_55' title='bbox 909 728 1086 784; x_wconf 85' lang='lat' dir='ltr'>Sacrae</span> <span class='ocrx_word' id='word_1_56' title='bbox 1111 728 1454 802; x_wconf 86' lang='lat' dir='ltr'>Scripturae),</span> <span class='ocrx_word' id='word_1_57' title='bbox 1491 737 1545 786; x_wconf 89' lang='lat' dir='ltr'>et</span> <span class='ocrx_word' id='word_1_58' title='bbox 1577 730 1645 785; x_wconf 90' lang='lat' dir='ltr'>ab</span> <span class='ocrx_word' id='word_1_59' title='bbox 1673 731 1776 786; x_wconf 87' lang='lat' dir='ltr'>hac</span> <span class='ocrx_word' id='word_1_60' title='bbox 1813 729 1978 786; x_wconf 88' lang='lat' dir='ltr'>Sacra</span> 
     </span>
     <span class='ocr_line' id='line_1_8' title="bbox 101 824 1979 904; baseline -0.004 -14"><span class='ocrx_word' id='word_1_61' title='bbox 101 830 527 904; x_wconf 87' lang='lat' dir='ltr'>Congregatione</span> <span class='ocrx_word' id='word_1_62' title='bbox 550 826 732 884; x_wconf 84' lang='lat' dir='ltr'>Sancti</span> <span class='ocrx_word' id='word_1_63' title='bbox 761 824 958 894; x_wconf 82' lang='lat' dir='ltr'>Officii,</span> <span class='ocrx_word' id='word_1_64' title='bbox 989 825 1185 880; x_wconf 87' lang='lat' dir='ltr'>multis</span> <span class='ocrx_word' id='word_1_65' title='bbox 1211 825 1415 880; x_wconf 81' lang='lat' dir='ltr'>abhinc</span> <span class='ocrx_word' id='word_1_66' title='bbox 1441 826 1601 881; x_wconf 90' lang='lat' dir='ltr'>annis</span> <span class='ocrx_word' id='word_1_67' title='bbox 1633 827 1979 900; x_wconf 91' lang='lat' dir='ltr'>prohibitum</span> 
     </span>
     <span class='ocr_line' id='line_1_9' title="bbox 100 920 1984 989; baseline -0.003 -5"><span class='ocrx_word' id='word_1_68' title='bbox 100 927 267 984; x_wconf 79' lang='lat' dir='ltr'>fuerit</span> <span class='ocrx_word' id='word_1_69' title='bbox 290 926 492 982; x_wconf 87' lang='lat' dir='ltr'>Galileo</span> <span class='ocrx_word' id='word_1_70' title='bbox 523 922 729 980; x_wconf 89' lang='lat' dir='ltr'>Galilaei</span> <span class='ocrx_word' id='word_1_71' title='bbox 755 920 1094 989; x_wconf 83' lang='lat' dir='ltr'>Florentino,</span> <span class='ocrx_word' id='word_1_72' title='bbox 1127 927 1334 989; x_wconf 87' lang='lat' dir='ltr'>tenere,</span> <span class='ocrx_word' id='word_1_73' title='bbox 1365 921 1662 977; x_wconf 80' lang='lat' dir='ltr'>defendere</span> <span class='ocrx_word' id='word_1_74' title='bbox 1697 941 1761 979; x_wconf 93' lang='lat' dir='ltr'>ac</span> <span class='ocrx_word' id='word_1_75' title='bbox 1786 924 1984 980; x_wconf 87' lang='lat' dir='ltr'>docere</span> 
     </span>
     <span class='ocr_line' id='line_1_10' title="bbox 102 1015 1984 1100; baseline -0.002 -20"><span class='ocrx_word' id='word_1_76' title='bbox 102 1022 293 1098; x_wconf 88' lang='lat' dir='ltr'>quovis</span> <span class='ocrx_word' id='word_1_77' title='bbox 342 1020 523 1089; x_wconf 91' lang='lat' dir='ltr'>modo,</span> <span class='ocrx_word' id='word_1_78' title='bbox 556 1035 683 1075; x_wconf 84' lang='lat' dir='ltr'>voce</span> <span class='ocrx_word' id='word_1_79' title='bbox 722 1021 818 1073; x_wconf 89' lang='lat' dir='ltr'>aut</span> <span class='ocrx_word' id='word_1_80' title='bbox 847 1016 1094 1090; x_wconf 88' lang='lat' dir='ltr'>scriptis,</span> <span class='ocrx_word' id='word_1_81' title='bbox 1133 1015 1339 1071; x_wconf 89' lang='lat' dir='ltr'>dictam</span> <span class='ocrx_word' id='word_1_82' title='bbox 1381 1017 1734 1089; x_wconf 90' lang='lat' dir='ltr'>opinionem;</span> <span class='ocrx_word' id='word_1_83' title='bbox 1760 1021 1984 1100; x_wconf 13' lang='lat' dir='ltr'>*nihilo-</span> 
     </span>
     <span class='ocr_line' id='line_1_11' title="bbox 97 1114 1986 1191; baseline -0.002 -17"><span class='ocrx_word' id='word_1_84' title='bbox 97 1119 283 1174; x_wconf 90' lang='lat' dir='ltr'>minus</span> <span class='ocrx_word' id='word_1_85' title='bbox 326 1116 472 1171; x_wconf 91' lang='lat' dir='ltr'>idem</span> <span class='ocrx_word' id='word_1_86' title='bbox 515 1115 769 1171; x_wconf 83' lang='lat' dir='ltr'>Galilaeus</span> <span class='ocrx_word' id='word_1_87' title='bbox 801 1132 972 1170; x_wconf 88' lang='lat' dir='ltr'>ausus</span> <span class='ocrx_word' id='word_1_88' title='bbox 1015 1118 1098 1169; x_wconf 89' lang='lat' dir='ltr'>est</span> <span class='ocrx_word' id='word_1_89' title='bbox 1134 1130 1465 1187; x_wconf 91' lang='lat' dir='ltr'>componere</span> <span class='ocrx_word' id='word_1_90' title='bbox 1501 1114 1710 1170; x_wconf 90' lang='lat' dir='ltr'>librum</span> <span class='ocrx_word' id='word_1_91' title='bbox 1750 1117 1986 1191; x_wconf 89' lang='lat' dir='ltr'>inscrip-</span> 
     </span>
    </p>
   </div>
   <div class='ocr_carea' id='block_1_3' title="bbox 7 1205 1985 1274">
    <p class='ocr_par' dir='ltr' id='par_1_4' title="bbox 7 1205 1985 1274">
     <span class='ocr_line' id='line_1_12' title="bbox 7 1205 1985 1274; baseline -0.002 -4"><span class='ocrx_word' id='word_1_92' title='bbox 7 1205 10 1212; x_wconf 64' lang='grc'>’</span> <span class='ocrx_word' id='word_1_93' title='bbox 99 1219 218 1270; x_wconf 86' lang='lat' dir='ltr'>tum</span> <span class='ocrx_word' id='word_1_94' title='bbox 258 1212 506 1271; x_wconf 70' lang='lat' dir='ltr'>Gcaltlaeus</span> <span class='ocrx_word' id='word_1_95' title='bbox 552 1211 761 1268; x_wconf 68' lang='lat' dir='ltr'>Galilaei</span> <span class='ocrx_word' id='word_1_96' title='bbox 814 1211 1065 1274; x_wconf 81' lang='lat' dir='ltr'>Linceus,·</span> <span class='ocrx_word' id='word_1_97' title='bbox 1112 1214 1164 1264; x_wconf 89' lang='lat' dir='ltr'>et</span> <span class='ocrx_word' id='word_1_98' title='bbox 1213 1227 1325 1263; x_wconf 91' lang='lat' dir='ltr'>non</span> <span class='ocrx_word' id='word_1_99' title='bbox 1365 1210 1729 1267; x_wconf 87' lang='lat' dir='ltr'>manifestans</span> <span class='ocrx_word' id='word_1_100' title='bbox 1780 1213 1985 1268; x_wconf 89' lang='lat' dir='ltr'>dictam</span> 
     </span>
    </p>
   </div>
   <div class='ocr_carea' id='block_1_4' title="bbox 106 1308 2037 3024">
    <p class='ocr_par' dir='ltr' id='par_1_5' title="bbox 106 1308 2037 3024">
     <span class='ocr_line' id='line_1_13' title="bbox 106 1308 1988 1386; baseline -0.001 -19"><span class='ocrx_word' id='word_1_101' title='bbox 106 1309 555 1386; x_wconf 87' lang='lat' dir='ltr'>prohibitionem,</span> <span class='ocrx_word' id='word_1_102' title='bbox 573 1308 803 1364; x_wconf 85' lang='lat' dir='ltr'>extorsit</span> <span class='ocrx_word' id='word_1_103' title='bbox 829 1308 1111 1365; x_wconf 82' lang='lat' dir='ltr'>licentiam</span> <span class='ocrx_word' id='word_1_104' title='bbox 1138 1308 1299 1365; x_wconf 91' lang='lat' dir='ltr'>illum</span> <span class='ocrx_word' id='word_1_105' title='bbox 1318 1310 1463 1384; x_wconf 80' lang='lat' dir='ltr'>typis</span> <span class='ocrx_word' id='word_1_106' title='bbox 1490 1311 1799 1384; x_wconf 84' lang='lat' dir='ltr'>exponendi</span> <span class='ocrx_word' id='word_1_107' title='bbox 1816 1310 1988 1383; x_wconf 88' lang='lat' dir='ltr'>(sicut</span> 
     </span>
     <span class='ocr_line' id='line_1_14' title="bbox 107 1407 1990 1482; baseline -0.001 -17"><span class='ocrx_word' id='word_1_108' title='bbox 107 1409 172 1466; x_wconf 91' lang='lat' dir='ltr'>de</span> <span class='ocrx_word' id='word_1_109' title='bbox 203 1410 342 1464; x_wconf 84' lang='lat' dir='ltr'>facto</span> <span class='ocrx_word' id='word_1_110' title='bbox 377 1407 673 1481; x_wconf 81' lang='lat' dir='ltr'>exposuit);</span> <span class='ocrx_word' id='word_1_111' title='bbox 705 1414 757 1463; x_wconf 87' lang='lat' dir='ltr'>et</span> <span class='ocrx_word' id='word_1_112' title='bbox 792 1425 1108 1481; x_wconf 85' lang='lat' dir='ltr'>supponens</span> <span class='ocrx_word' id='word_1_113' title='bbox 1148 1407 1204 1462; x_wconf 93' lang='lat' dir='ltr'>in</span> <span class='ocrx_word' id='word_1_114' title='bbox 1240 1407 1532 1482; x_wconf 86' lang='lat' dir='ltr'>principio,</span> <span class='ocrx_word' id='word_1_115' title='bbox 1575 1409 1757 1464; x_wconf 89' lang='lat' dir='ltr'>medio</span> <span class='ocrx_word' id='word_1_116' title='bbox 1795 1415 1847 1464; x_wconf 89' lang='lat' dir='ltr'>et</span> <span class='ocrx_word' id='word_1_117' title='bbox 1882 1409 1990 1466; x_wconf 87' lang='lat' dir='ltr'>fine</span> 
     </span>
     <span class='ocr_line' id='line_1_15' title="bbox 108 1504 1991 1580; baseline 0 -19"><span class='ocrx_word' id='word_1_118' title='bbox 108 1505 281 1574; x_wconf 82' lang='lat' dir='ltr'>illius,</span> <span class='ocrx_word' id='word_1_119' title='bbox 319 1505 455 1560; x_wconf 70' lang='lat' dir='ltr'>velle</span> <span class='ocrx_word' id='word_1_120' title='bbox 482 1522 539 1560; x_wconf 86' lang='lat' dir='ltr'>se</span> <span class='ocrx_word' id='word_1_121' title='bbox 578 1510 809 1560; x_wconf 78' lang='lat' dir='ltr'>tractare</span> <span class='ocrx_word' id='word_1_122' title='bbox 847 1504 1197 1578; x_wconf 76' lang='lat' dir='ltr'>hypothetice</span> <span class='ocrx_word' id='word_1_123' title='bbox 1221 1504 1287 1561; x_wconf 88' lang='lat' dir='ltr'>de</span> <span class='ocrx_word' id='word_1_124' title='bbox 1317 1505 1574 1579; x_wconf 82' lang='lat' dir='ltr'>praedicta</span> <span class='ocrx_word' id='word_1_125' title='bbox 1602 1506 1863 1580; x_wconf 89' lang='lat' dir='ltr'>opinione</span> <span class='ocrx_word' id='word_1_126' title='bbox 1897 1507 1991 1561; x_wconf 91' lang='lat' dir='ltr'>Co-</span> 
     </span>
     <span class='ocr_line' id='line_1_16' title="bbox 111 1602 1993 1681; baseline 0 -22"><span class='ocrx_word' id='word_1_127' title='bbox 111 1603 339 1678; x_wconf 90' lang='lat' dir='ltr'>pernici,</span> <span class='ocrx_word' id='word_1_128' title='bbox 369 1611 561 1681; x_wconf 51' lang='lat' dir='ltr'>tamen¹</span> <span class='ocrx_word' id='word_1_129' title='bbox 602 1602 875 1676; x_wconf 74' lang='lat' dir='ltr'>(quamvis</span> <span class='ocrx_word' id='word_1_130' title='bbox 914 1620 1023 1657; x_wconf 90' lang='lat' dir='ltr'>non</span> <span class='ocrx_word' id='word_1_131' title='bbox 1060 1607 1245 1676; x_wconf 86' lang='lat' dir='ltr'>posset</span> <span class='ocrx_word' id='word_1_132' title='bbox 1283 1602 1348 1658; x_wconf 89' lang='lat' dir='ltr'>de</span> <span class='ocrx_word' id='word_1_133' title='bbox 1375 1602 1469 1658; x_wconf 84' lang='lat' dir='ltr'>illa</span> <span class='ocrx_word' id='word_1_134' title='bbox 1505 1603 1619 1659; x_wconf 94' lang='lat' dir='ltr'>ullo</span> <span class='ocrx_word' id='word_1_135' title='bbox 1658 1605 1820 1659; x_wconf 91' lang='lat' dir='ltr'>modo</span> <span class='ocrx_word' id='word_1_136' title='bbox 1851 1611 1993 1660; x_wconf 89' lang='lat' dir='ltr'>trac-</span> 
     </span>
     <span class='ocr_line' id='line_1_17' title="bbox 111 1700 1993 1770; baseline 0.001 -14"><span class='ocrx_word' id='word_1_137' title='bbox 111 1701 249 1770; x_wconf 85' lang='lat' dir='ltr'>tare)</span> <span class='ocrx_word' id='word_1_138' title='bbox 271 1701 524 1757; x_wconf 87' lang='lat' dir='ltr'>tractavit</span> <span class='ocrx_word' id='word_1_139' title='bbox 551 1701 617 1756; x_wconf 92' lang='lat' dir='ltr'>de</span> <span class='ocrx_word' id='word_1_140' title='bbox 648 1700 743 1755; x_wconf 88' lang='lat' dir='ltr'>illa</span> <span class='ocrx_word' id='word_1_141' title='bbox 771 1700 867 1755; x_wconf 85' lang='lat' dir='ltr'>tali</span> <span class='ocrx_word' id='word_1_142' title='bbox 899 1700 1082 1769; x_wconf 83' lang='lat' dir='ltr'>modO,</span> <span class='ocrx_word' id='word_1_143' title='bbox 1109 1706 1170 1756; x_wconf 92' lang='lat' dir='ltr'>ut</span> <span class='ocrx_word' id='word_1_144' title='bbox 1204 1719 1263 1756; x_wconf 92' lang='lat' dir='ltr'>se</span> <span class='ocrx_word' id='word_1_145' title='bbox 1299 1700 1600 1758; x_wconf 85' lang='lat' dir='ltr'>reddiderit</span> <span class='ocrx_word' id='word_1_146' title='bbox 1636 1704 1993 1758; x_wconf 85' lang='lat' dir='ltr'>vehementer</span> 
     </span>
     <span class='ocr_line' id='line_1_18' title="bbox 110 1796 1990 1870; baseline 0.002 -18"><span class='ocrx_word' id='word_1_147' title='bbox 110 1803 429 1870; x_wconf 89' lang='lat' dir='ltr'>suspectum</span> <span class='ocrx_word' id='word_1_148' title='bbox 457 1796 788 1852; x_wconf 78' lang='lat' dir='ltr'>adhaesionis</span> <span class='ocrx_word' id='word_1_149' title='bbox 819 1797 894 1851; x_wconf 80' lang='lat' dir='ltr'>&#39;ad</span> <span class='ocrx_word' id='word_1_150' title='bbox 926 1797 1092 1852; x_wconf 89' lang='lat' dir='ltr'>talem</span> <span class='ocrx_word' id='word_1_151' title='bbox 1132 1797 1471 1870; x_wconf 88' lang='lat' dir='ltr'>opinionem.</span> <span class='ocrx_word' id='word_1_152' title='bbox 1505 1799 1874 1860; x_wconf 81' lang='lat' dir='ltr'>Quamobrem</span> <span class='ocrx_word' id='word_1_153' title='bbox 1906 1800 1990 1855; x_wconf 89' lang='lat' dir='ltr'>in-</span> 
     </span>
     <span class='ocr_line' id='line_1_19' title="bbox 110 1894 1990 1969; baseline 0.002 -20"><span class='ocrx_word' id='word_1_154' title='bbox 110 1894 348 1967; x_wconf 88' lang='lat' dir='ltr'>quisitus</span> <span class='ocrx_word' id='word_1_155' title='bbox 388 1900 438 1950; x_wconf 88' lang='lat' dir='ltr'>et</span> <span class='ocrx_word' id='word_1_156' title='bbox 472 1895 529 1948; x_wconf 94' lang='lat' dir='ltr'>in</span> <span class='ocrx_word' id='word_1_157' title='bbox 574 1912 850 1950; x_wconf 82' lang='lat' dir='ltr'>carcerem</span> <span class='ocrx_word' id='word_1_158' title='bbox 891 1894 1071 1949; x_wconf 82' lang='lat' dir='ltr'>Sancti</span> <span class='ocrx_word' id='word_1_159' title='bbox 1111 1894 1287 1949; x_wconf 83' lang='lat' dir='ltr'>Officii</span> <span class='ocrx_word' id='word_1_160' title='bbox 1331 1894 1586 1950; x_wconf 89' lang='lat' dir='ltr'>inclusus</span> <span class='ocrx_word' id='word_1_161' title='bbox 1627 1913 1726 1969; x_wconf 89' lang='lat' dir='ltr'>per</span> <span class='ocrx_word' id='word_1_162' title='bbox 1769 1903 1990 1952; x_wconf 87' lang='lat' dir='ltr'>senten-</span> 
     </span>
     <span class='ocr_line' id='line_1_20' title="bbox 110 1991 2037 2075; baseline 0.001 -27"><span class='ocrx_word' id='word_1_163' title='bbox 110 1991 243 2048; x_wconf 86' lang='lat' dir='ltr'>tiam</span> <span class='ocrx_word' id='word_1_164' title='bbox 288 1994 485 2048; x_wconf 90' lang='lat' dir='ltr'>horum</span> <span class='ocrx_word' id='word_1_165' title='bbox 518 1992 1092 2047; x_wconf 89' lang='lat' dir='ltr'>Eminentissimorum</span> <span class='ocrx_word' id='word_1_166' title='bbox 1130 1991 1489 2047; x_wconf 87' lang='lat' dir='ltr'>Dominorum</span> <span class='ocrx_word' id='word_1_167' title='bbox 1541 2010 1798 2050; x_wconf 90' lang='lat' dir='ltr'>meorum</span> <span class='ocrx_word' id='word_1_168' title='bbox 1842 1995 1992 2050; x_wconf 89' lang='lat' dir='ltr'>dam-</span> <span class='ocrx_word' id='word_1_169' title='bbox 2030 2068 2037 2075; x_wconf 18' lang='grc' dir='ltr'><strong><em>ἢ</em></strong></span> 
     </span>
     <span class='ocr_line' id='line_1_21' title="bbox 113 2089 1990 2162; baseline 0.002 -18"><span class='ocrx_word' id='word_1_170' title='bbox 113 2096 274 2145; x_wconf 90' lang='lat' dir='ltr'>natus</span> <span class='ocrx_word' id='word_1_171' title='bbox 315 2095 395 2145; x_wconf 85' lang='lat' dir='ltr'>est</span> <span class='ocrx_word' id='word_1_172' title='bbox 437 2089 500 2144; x_wconf 91' lang='lat' dir='ltr'>ad</span> <span class='ocrx_word' id='word_1_173' title='bbox 538 2089 901 2162; x_wconf 86' lang='lat' dir='ltr'>abjurandam</span> <span class='ocrx_word' id='word_1_174' title='bbox 941 2090 1142 2145; x_wconf 88' lang='lat' dir='ltr'>dictam</span> <span class='ocrx_word' id='word_1_175' title='bbox 1177 2089 1517 2162; x_wconf 84' lang='lat' dir='ltr'>opinionem,</span> <span class='ocrx_word' id='word_1_176' title='bbox 1562 2096 1614 2147; x_wconf 90' lang='lat' dir='ltr'>et</span> <span class='ocrx_word' id='word_1_177' title='bbox 1650 2093 1990 2148; x_wconf 83' lang='lat' dir='ltr'>manendum</span> 
     </span>
     <span class='ocr_line' id='line_1_22' title="bbox 116 2182 1991 2256; baseline 0.003 -20"><span class='ocrx_word' id='word_1_178' title='bbox 116 2182 174 2237; x_wconf 88' lang='lat' dir='ltr'>in</span> <span class='ocrx_word' id='word_1_179' title='bbox 214 2201 430 2238; x_wconf 88' lang='lat' dir='ltr'>carcerc</span> <span class='ocrx_word' id='word_1_180' title='bbox 471 2184 692 2238; x_wconf 85' lang='lat' dir='ltr'>formali</span> <span class='ocrx_word' id='word_1_181' title='bbox 732 2185 799 2239; x_wconf 87' lang='lat' dir='ltr'>ad</span> <span class='ocrx_word' id='word_1_182' title='bbox 827 2184 1123 2238; x_wconf 83' lang='lat' dir='ltr'>arbitrium</span> <span class='ocrx_word' id='word_1_183' title='bbox 1166 2185 1493 2241; x_wconf 84' lang='lat' dir='ltr'>Eminentiae</span> <span class='ocrx_word' id='word_1_184' title='bbox 1532 2186 1782 2256; x_wconf 91' lang='lat' dir='ltr'>illorum,</span> <span class='ocrx_word' id='word_1_185' title='bbox 1826 2195 1877 2243; x_wconf 49' lang='lat' dir='ltr'>et,</span> <span class='ocrx_word' id='word_1_186' title='bbox 1924 2189 1991 2242; x_wconf 88' lang='lat' dir='ltr'>ad</span> 
     </span>
     <span class='ocr_line' id='line_1_23' title="bbox 122 2276 1994 2351; baseline 0.003 -19"><span class='ocrx_word' id='word_1_187' title='bbox 122 2276 455 2349; x_wconf 80' lang='lat' dir='ltr'>peragendas</span> <span class='ocrx_word' id='word_1_188' title='bbox 482 2278 616 2332; x_wconf 87' lang='lat' dir='ltr'>alias</span> <span class='ocrx_word' id='word_1_189' title='bbox 641 2279 991 2351; x_wconf 84' lang='lat' dir='ltr'>poenitentias</span> <span class='ocrx_word' id='word_1_190' title='bbox 1025 2279 1316 2345; x_wconf 88' lang='lat' dir='ltr'>salutares;</span> <span class='ocrx_word' id='word_1_191' title='bbox 1350 2280 1521 2336; x_wconf 78' lang='lat' dir='ltr'>veluti</span> <span class='ocrx_word' id='word_1_192' title='bbox 1546 2283 1851 2338; x_wconf 85' lang='lat' dir='ltr'>reverentia</span> <span class='ocrx_word' id='word_1_193' title='bbox 1877 2302 1994 2338; x_wconf 76' lang='lat' dir='ltr'>vcs-</span> 
     </span>
     <span class='ocr_line' id='line_1_24' title="bbox 121 2371 1998 2451; baseline 0.004 -24"><span class='ocrx_word' id='word_1_194' title='bbox 121 2377 203 2427; x_wconf 87' lang='lat' dir='ltr'>tra</span> <span class='ocrx_word' id='word_1_195' title='bbox 245 2371 448 2425; x_wconf 71' lang='lat' dir='ltr'>videbit</span> <span class='ocrx_word' id='word_1_196' title='bbox 490 2372 545 2426; x_wconf 92' lang='lat' dir='ltr'>in</span> <span class='ocrx_word' id='word_1_197' title='bbox 587 2372 728 2427; x_wconf 84' lang='lat' dir='ltr'>infra</span> <span class='ocrx_word' id='word_1_198' title='bbox 774 2372 978 2446; x_wconf 89' lang='lat' dir='ltr'>scripto</span> <span class='ocrx_word' id='word_1_199' title='bbox 1027 2375 1328 2448; x_wconf 88' lang='lat' dir='ltr'>exemplari</span> <span class='ocrx_word' id='word_1_200' title='bbox 1362 2377 1646 2433; x_wconf 84' lang='lat' dir='ltr'>sententiae</span> <span class='ocrx_word' id='word_1_201' title='bbox 1687 2383 1740 2433; x_wconf 90' lang='lat' dir='ltr'>et</span> <span class='ocrx_word' id='word_1_202' title='bbox 1781 2379 1998 2451; x_wconf 85' lang='lat' dir='ltr'>abjura-</span> 
     </span>
     <span class='ocr_line' id='line_1_25' title="bbox 122 2467 1995 2544; baseline 0.004 -21"><span class='ocrx_word' id='word_1_203' title='bbox 122 2467 308 2536; x_wconf 85' lang='lat' dir='ltr'>tionis,</span> <span class='ocrx_word' id='word_1_204' title='bbox 353 2468 497 2539; x_wconf 90' lang='lat' dir='ltr'>quod</span> <span class='ocrx_word' id='word_1_205' title='bbox 540 2468 646 2541; x_wconf 91' lang='lat' dir='ltr'>ipsi</span> <span class='ocrx_word' id='word_1_206' title='bbox 678 2468 938 2542; x_wconf 83' lang='lat' dir='ltr'>mittitur,</span> <span class='ocrx_word' id='word_1_207' title='bbox 977 2476 1039 2526; x_wconf 90' lang='lat' dir='ltr'>ut</span> <span class='ocrx_word' id='word_1_208' title='bbox 1072 2471 1210 2527; x_wconf 88' lang='lat' dir='ltr'>illud</span> <span class='ocrx_word' id='word_1_209' title='bbox 1247 2472 1489 2529; x_wconf 84' lang='lat' dir='ltr'>notificet</span> <span class='ocrx_word' id='word_1_210' title='bbox 1526 2474 1640 2529; x_wconf 90' lang='lat' dir='ltr'>suis</span> <span class='ocrx_word' id='word_1_211' title='bbox 1673 2474 1913 2544; x_wconf 73' lang='lat' dir='ltr'>vicariis,</span> <span class='ocrx_word' id='word_1_212' title='bbox 1946 2482 1995 2531; x_wconf 85' lang='lat' dir='ltr'>ct</span> 
     </span>
     <span class='ocr_line' id='line_1_26' title="bbox 122 2565 1995 2644; baseline 0.003 -24"><span class='ocrx_word' id='word_1_213' title='bbox 122 2565 238 2637; x_wconf 83' lang='lat' dir='ltr'>ojus</span> <span class='ocrx_word' id='word_1_214' title='bbox 268 2565 461 2619; x_wconf 87' lang='lat' dir='ltr'>notitia</span> <span class='ocrx_word' id='word_1_215' title='bbox 500 2567 778 2638; x_wconf 77' lang='lat' dir='ltr'>perveniat</span> <span class='ocrx_word' id='word_1_216' title='bbox 808 2568 875 2622; x_wconf 89' lang='lat' dir='ltr'>ad</span> <span class='ocrx_word' id='word_1_217' title='bbox 903 2585 994 2623; x_wconf 91' lang='lat' dir='ltr'>cos</span> <span class='ocrx_word' id='word_1_218' title='bbox 1030 2572 1082 2623; x_wconf 91' lang='lat' dir='ltr'>et</span> <span class='ocrx_word' id='word_1_219' title='bbox 1124 2569 1186 2624; x_wconf 89' lang='lat' dir='ltr'>ad</span> <span class='ocrx_word' id='word_1_220' title='bbox 1224 2587 1414 2625; x_wconf 91' lang='lat' dir='ltr'>omnes</span> <span class='ocrx_word' id='word_1_221' title='bbox 1443 2571 1784 2644; x_wconf 88' lang='lat' dir='ltr'>professores</span> <span class='ocrx_word' id='word_1_222' title='bbox 1819 2571 1995 2644; x_wconf 90' lang='lat' dir='ltr'>philo-</span> 
     </span>
     <span class='ocr_line' id='line_1_27' title="bbox 118 2660 1994 2739; baseline 0.004 -23"><span class='ocrx_word' id='word_1_223' title='bbox 118 2660 319 2734; x_wconf 57' lang='lat' dir='ltr'>sophias</span> <span class='ocrx_word' id='word_1_224' title='bbox 356 2678 418 2716; x_wconf 90' lang='lat' dir='ltr'>ac</span> <span class='ocrx_word' id='word_1_225' title='bbox 450 2662 853 2718; x_wconf 77' lang='lat' dir='ltr'>mathematicae</span> <span class='ocrx_word' id='word_1_226' title='bbox 883 2684 892 2715; x_wconf 95' lang='lat'>:</span> <span class='ocrx_word' id='word_1_227' title='bbox 926 2681 1036 2735; x_wconf 92' lang='lat' dir='ltr'>quo</span> <span class='ocrx_word' id='word_1_228' title='bbox 1067 2665 1302 2721; x_wconf 87' lang='lat' dir='ltr'>scientes</span> <span class='ocrx_word' id='word_1_229' title='bbox 1329 2684 1437 2739; x_wconf 89' lang='lat' dir='ltr'>qua</span> <span class='ocrx_word' id='word_1_230' title='bbox 1466 2667 1681 2723; x_wconf 88' lang='lat' dir='ltr'>ratione</span> <span class='ocrx_word' id='word_1_231' title='bbox 1713 2673 1896 2724; x_wconf 88' lang='lat' dir='ltr'>actum</span> <span class='ocrx_word' id='word_1_232' title='bbox 1926 2669 1994 2724; x_wconf 87' lang='lat' dir='ltr'>sit</span> 
     </span>
     <span class='ocr_line' id='line_1_28' title="bbox 121 2757 1997 2837; baseline 0.005 -26"><span class='ocrx_word' id='word_1_233' title='bbox 121 2774 246 2811; x_wconf 90' lang='lat' dir='ltr'>cum</span> <span class='ocrx_word' id='word_1_234' title='bbox 275 2757 418 2812; x_wconf 91' lang='lat' dir='ltr'>dicto</span> <span class='ocrx_word' id='word_1_235' title='bbox 448 2757 687 2828; x_wconf 74' lang='lat' dir='ltr'>Galilaeo,</span> <span class='ocrx_word' id='word_1_236' title='bbox 718 2759 1041 2831; x_wconf 82' lang='lat' dir='ltr'>gravitatem</span> <span class='ocrx_word' id='word_1_237' title='bbox 1065 2762 1271 2817; x_wconf 89' lang='lat' dir='ltr'>erroris</span> <span class='ocrx_word' id='word_1_238' title='bbox 1291 2763 1358 2818; x_wconf 90' lang='lat' dir='ltr'>ab</span> <span class='ocrx_word' id='word_1_239' title='bbox 1380 2763 1499 2837; x_wconf 91' lang='lat' dir='ltr'>ipso</span> <span class='ocrx_word' id='word_1_240' title='bbox 1530 2765 1816 2821; x_wconf 90' lang='lat' dir='ltr'>commissi</span> <span class='ocrx_word' id='word_1_241' title='bbox 1848 2783 1997 2820; x_wconf 90' lang='lat' dir='ltr'>com-</span> 
     </span>
     <span class='ocr_line' id='line_1_29' title="bbox 123 2854 1993 2934; baseline 0.005 -28"><span class='ocrx_word' id='word_1_242' title='bbox 123 2854 484 2925; x_wconf 87' lang='lat' dir='ltr'>prehendant,</span> <span class='ocrx_word' id='word_1_243' title='bbox 511 2862 571 2910; x_wconf 89' lang='lat' dir='ltr'>ut</span> <span class='ocrx_word' id='word_1_244' title='bbox 596 2856 757 2911; x_wconf 90' lang='lat' dir='ltr'>illum</span> <span class='ocrx_word' id='word_1_245' title='bbox 783 2858 1044 2927; x_wconf 84' lang='lat' dir='ltr'>devitent,</span> <span class='ocrx_word' id='word_1_246' title='bbox 1073 2877 1286 2916; x_wconf 86' lang='lat' dir='ltr'>necnon</span> <span class='ocrx_word' id='word_1_247' title='bbox 1311 2878 1502 2934; x_wconf 84' lang='lat' dir='ltr'>poenas</span> <span class='ocrx_word' id='word_1_248' title='bbox 1535 2880 1674 2933; x_wconf 88' lang='lat' dir='ltr'>quas</span> <span class='ocrx_word' id='word_1_249' title='bbox 1700 2863 1993 2916; x_wconf 87' lang='lat' dir='ltr'>incidendo</span> 
     </span>
     <span class='ocr_line' id='line_1_30' title="bbox 126 2947 1993 3024; baseline 0.006 -24"><span class='ocrx_word' id='word_1_250' title='bbox 126 2948 181 3001; x_wconf 92' lang='lat' dir='ltr'>in</span> <span class='ocrx_word' id='word_1_251' title='bbox 220 2947 378 3003; x_wconf 90' lang='lat' dir='ltr'>illum</span> <span class='ocrx_word' id='word_1_252' title='bbox 409 2952 623 3021; x_wconf 87' lang='lat' dir='ltr'>passuri</span> <span class='ocrx_word' id='word_1_253' title='bbox 650 2960 846 3009; x_wconf 85' lang='lat' dir='ltr'>essent.</span> <span class='ocrx_word' id='word_1_254' title='bbox 881 2956 981 3010; x_wconf 91' lang='lat' dir='ltr'>Pro</span> <span class='ocrx_word' id='word_1_255' title='bbox 1006 2956 1135 3024; x_wconf 85' lang='lat' dir='ltr'>tine,</span> <span class='ocrx_word' id='word_1_256' title='bbox 1172 2957 1435 3013; x_wconf 89' lang='lat' dir='ltr'>Dominus</span> <span class='ocrx_word' id='word_1_257' title='bbox 1460 2959 1601 3013; x_wconf 91' lang='lat' dir='ltr'>Deus</span> <span class='ocrx_word' id='word_1_258' title='bbox 1628 2958 1993 3013; x_wconf 88' lang='lat' dir='ltr'>reverentiam</span> 
     </span>
    </p>
   </div>
   <div class='ocr_carea' id='block_1_5' title="bbox 126 3035 1992 3196">
    <p class='ocr_par' dir='ltr' id='par_1_6' title="bbox 126 3035 1992 3196">
     <span class='ocr_line' id='line_1_31' title="bbox 126 3035 1992 3125; baseline 0.005 -27"><span class='ocrx_word' id='word_1_259' title='bbox 126 3048 358 3099; x_wconf 71' lang='lat' dir='ltr'>vestram</span> <span class='ocrx_word' id='word_1_260' title='bbox 382 3035 683 3103; x_wconf 77' lang='lat' dir='ltr'>conservet.</span> <span class='ocrx_word' id='word_1_261' title='bbox 703 3049 903 3119; x_wconf 84' lang='lat' dir='ltr'>Romae,</span> <span class='ocrx_word' id='word_1_262' title='bbox 929 3052 961 3105; x_wconf 78' lang='lat'><strong>2</strong></span> <span class='ocrx_word' id='word_1_263' title='bbox 982 3051 1111 3123; x_wconf 87' lang='lat' dir='ltr'>julii</span> <span class='ocrx_word' id='word_1_264' title='bbox 1140 3053 1307 3109; x_wconf 78' lang='lat'><strong>1655.</strong></span> <span class='ocrx_word' id='word_1_265' title='bbox 1329 3054 1695 3125; x_wconf 88' lang='lat' dir='ltr'>—Tanquam</span> <span class='ocrx_word' id='word_1_266' title='bbox 1714 3053 1902 3108; x_wconf 86' lang='lat' dir='ltr'>frater.</span> <span class='ocrx_word' id='word_1_267' title='bbox 1925 3086 1992 3094; x_wconf 90' lang='lat'><strong>—</strong></span> 
     </span>
     <span class='ocr_line' id='line_1_32' title="bbox 126 3136 925 3196; baseline 0.003 -5"><span class='ocrx_word' id='word_1_268' title='bbox 126 3136 421 3192; x_wconf 87' lang='lat' dir='ltr'>Cardinalis</span> <span class='ocrx_word' id='word_1_269' title='bbox 448 3141 619 3194; x_wconf 88' lang='lat' dir='ltr'>sancti</span> <span class='ocrx_word' id='word_1_270' title='bbox 641 3140 849 3196; x_wconf 85' lang='lat' dir='ltr'>Onusrii</span> <span class='ocrx_word' id='word_1_271' title='bbox 865 3184 877 3195; x_wconf 90' lang='lat'><strong>.</strong></span> <span class='ocrx_word' id='word_1_272' title='bbox 900 3166 925 3193; x_wconf 91' lang='lat'>»</span> 
     </span>
    </p>
   </div>
   <div class='ocr_carea' id='block_1_6' title="bbox 44 3232 1996 3612">
    <p class='ocr_par' dir='ltr' id='par_1_7' title="bbox 44 3232 1996 3612">
     <span class='ocr_line' id='line_1_33' title="bbox 199 3232 1996 3313; baseline 0.008 -28"><span class='ocrx_word' id='word_1_273' title='bbox 199 3232 521 3288; x_wconf 60' lang='lat' dir='ltr'>Docusffimuu</span> <span class='ocrx_word' id='word_1_274' title='bbox 552 3236 631 3290; x_wconf 82' lang='lat' dir='ltr'>tv.</span> <span class='ocrx_word' id='word_1_275' title='bbox 660 3268 734 3275; x_wconf 92' lang='lat'><strong>—</strong></span> <span class='ocrx_word' id='word_1_276' title='bbox 763 3236 1029 3293; x_wconf 81' lang='lat' dir='ltr'>Sententia</span> <span class='ocrx_word' id='word_1_277' title='bbox 1069 3241 1341 3296; x_wconf 79' lang='lat' dir='ltr'>tribunalis</span> <span class='ocrx_word' id='word_1_278' title='bbox 1381 3242 1731 3313; x_wconf 78' lang='lat' dir='ltr'>Inquisitionis</span> <span class='ocrx_word' id='word_1_279' title='bbox 1773 3245 1826 3297; x_wconf 79' lang='lat' dir='ltr'>in</span> <span class='ocrx_word' id='word_1_280' title='bbox 1858 3244 1996 3301; x_wconf 80' lang='lat' dir='ltr'>Gali-</span> 
     </span>
     <span class='ocr_line' id='line_1_34' title="bbox 127 3331 1992 3408; baseline 0.007 -22"><span class='ocrx_word' id='word_1_281' title='bbox 127 3332 299 3398; x_wconf 77' lang='lat' dir='ltr'>Iaeum‚</span> <span class='ocrx_word' id='word_1_282' title='bbox 340 3331 396 3385; x_wconf 82' lang='lat' dir='ltr'>&#39;et</span> <span class='ocrx_word' id='word_1_283' title='bbox 433 3332 640 3388; x_wconf 72' lang='lat' dir='ltr'>Galilaei</span> <span class='ocrx_word' id='word_1_284' title='bbox 693 3335 966 3405; x_wconf 79' lang='lat' dir='ltr'>abjuratio,</span> <span class='ocrx_word' id='word_1_285' title='bbox 1009 3336 1078 3390; x_wconf 74' lang='lat'>22</span> <span class='ocrx_word' id='word_1_286' title='bbox 1107 3337 1239 3408; x_wconf 51' lang='lat' dir='ltr'>‚iit-nii</span> <span class='ocrx_word' id='word_1_287' title='bbox 1287 3338 1454 3394; x_wconf 78' lang='lat'><strong>1655.</strong></span> <span class='ocrx_word' id='word_1_288' title='bbox 1498 3371 1567 3380; x_wconf 78' lang='lat'><em>-</em></span> <span class='ocrx_word' id='word_1_289' title='bbox 1596 3339 1992 3399; x_wconf 86' lang='lat' dir='ltr'>Documentum</span> 
     </span>
     <span class='ocr_line' id='line_1_35' title="bbox 127 3425 1991 3510; baseline 0.008 -31"><span class='ocrx_word' id='word_1_290' title='bbox 127 3425 277 3480; x_wconf 90' lang='lat' dir='ltr'>istud</span> <span class='ocrx_word' id='word_1_291' title='bbox 305 3427 472 3482; x_wconf 87' lang='lat' dir='ltr'>edidit</span> <span class='ocrx_word' id='word_1_292' title='bbox 505 3427 617 3483; x_wconf 88' lang='lat' dir='ltr'>Biot</span> <span class='ocrx_word' id='word_1_293' title='bbox 649 3429 926 3502; x_wconf 66' lang='lat' dir='ltr'>(lildlaiiqes</span> <span class='ocrx_word' id='word_1_294' title='bbox 948 3433 1295 3504; x_wconf 81' lang='lat' dir='ltr'>scientifiques</span> <span class='ocrx_word' id='word_1_295' title='bbox 1321 3440 1371 3489; x_wconf 84' lang='lat' dir='ltr'>et</span> <span class='ocrx_word' id='word_1_296' title='bbox 1403 3432 1707 3508; x_wconf 70' lang='lat' dir='ltr'>IittdraireS,</span> <span class='ocrx_word' id='word_1_297' title='bbox 1735 3443 1879 3494; x_wconf 86' lang='lat' dir='ltr'>tome</span> <span class='ocrx_word' id='word_1_298' title='bbox 1900 3438 1991 3510; x_wconf 83' lang='grc' dir='ltr'>ΙΙΙ,</span> 
     </span>
     <span class='ocr_line' id='line_1_36' title="bbox 44 3525 1991 3612; baseline 0.008 -36"><span class='ocrx_word' id='word_1_299' title='bbox 44 3527 50 3530; x_wconf 84' lang='grc'><em>“</em></span> <span class='ocrx_word' id='word_1_300' title='bbox 128 3539 260 3595; x_wconf 83' lang='lat' dir='ltr'>page</span> <span class='ocrx_word' id='word_1_301' title='bbox 295 3525 386 3591; x_wconf 74' lang='lat'>45,</span> <span class='ocrx_word' id='word_1_302' title='bbox 426 3525 594 3595; x_wconf 82' lang='lat' dir='ltr'>Paris,</span> <span class='ocrx_word' id='word_1_303' title='bbox 631 3525 817 3594; x_wconf 80' lang='lat'>1858).</span> <span class='ocrx_word' id='word_1_304' title='bbox 859 3527 1098 3585; x_wconf 78' lang='lat' dir='ltr'>liabetur</span> <span class='ocrx_word' id='word_1_305' title='bbox 1130 3530 1295 3596; x_wconf 87' lang='lat' dir='ltr'>etiam</span> <span class='ocrx_word' id='word_1_306' title='bbox 1327 3531 1386 3587; x_wconf 93' lang='lat' dir='ltr'>in</span> <span class='ocrx_word' id='word_1_307' title='bbox 1430 3550 1592 3608; x_wconf 88' lang='lat' dir='ltr'>opere</span> <span class='ocrx_word' id='word_1_308' title='bbox 1627 3553 1792 3612; x_wconf 85' lang='lat' dir='ltr'>supra</span> <span class='ocrx_word' id='word_1_309' title='bbox 1828 3536 1991 3593; x_wconf 89' lang='lat' dir='ltr'>citato</span> 
     </span>
    </p>
   </div>
  </div>
 </body>
</html>
