2306 4010
282 218 284 220 .
328 167 417 219 518
1001 165 1295 213 TRACTATUS
1326 166 1391 212 DE
1423 165 1569 211 PAPA.

325 281 537 352 carnis,
573 278 840 336 resistens
871 274 979 348 legi
1011 291 1108 330 scu
1133 273 1412 330 voluntati
1437 272 1669 343 mentis,
1691 274 1944 350 provenit
1966 294 2032 333 ex
2062 254 2245 337 vitiato

329 399 427 455 per
443 377 640 435 Adami
663 378 959 450 peccatum
979 378 1204 431 natura.
1228 373 1362 430 Cum
1390 378 1581 431 autem
1609 371 1864 430 Christus
1880 380 2130 432 nostram
2146 396 2242 435 na-

328 485 514 534 turam
532 472 925 551 assumpserit,
953 492 1068 532 non
1089 472 1344 531 vitiatam
1374 479 1544 550 prout
1572 477 1658 530 est
1686 471 1746 528 in
1770 472 1955 546 nohiS,
1981 474 2080 531 sed
2106 455 2246 536 inte-

325 594 484 650 gram
498 580 666 651 prout
688 581 808 632 erat
835 573 895 631 in
910 574 1122 632 Adamo
1150 579 1280 632 ante
1298 572 1481 650 ipsius
1501 579 1819 650 peccatum,
1838 573 2128 633 concludit
2146 575 2247 634 Ho-

326 676 522 733 norius
557 693 672 733 non
698 675 876 734 fuisse
904 675 964 732 in
989 674 1209 733 Christo
1242 675 1383 732 duas
1410 675 1538 731 illas
1566 673 1880 732 contrarias
1909 674 2247 748 voluntates,
2299 718 2302 720 -

323 777 419 834 sed
449 776 702 835 unicam.
747 778 809 834 Et
850 778 955 835 hoc
998 777 1185 853 palam
1219 776 1377 850 facit,
1406 795 1522 833 non
1550 780 1774 832 tantum
1812 779 2130 848 contextuS,
2157 776 2299 852 sed>4

330 877 449 952 ipsa
499 877 672 935 etiam
704 878 929 956 phrasis
970 896 1095 953 quae
1140 878 1427 953 objicitur,
1471 877 1518 934 si
1550 875 1881 934 exhibeatur
1919 875 2159 950 integra,
2202 865 2306 947 eta}

327 995 438 1032 non
468 979 750 1034 truncata.
799 976 885 1034 Sic
922 975 1074 1033 enim
1113 976 1317 1033 hahet:
1353 997 1380 1030 «
1410 974 1564 1032 Unde
1606 980 1658 1032 et
1683 993 1859 1031 unam
1906 973 2306 1031 voluntatem*

332 1076 575 1132 fatemur
608 1074 829 1133 Domini
860 1075 1039 1133 nostri
1070 1076 1202 1132 Jesu
1235 1074 1465 1149 Christi,
1492 1077 1615 1149 quia
1631 1073 1881 1150 profecto
1910 1092 1940 1129 a
1968 1073 2259 1131 divinitate

332 1182 620 1252 assumpta
649 1183 733 1234 est
750 1185 937 1233 nostra
964 1185 1182 1245 natura,
1215 1194 1320 1231 non
1356 1174 1511 1249 culpa
1528 1196 1546 1240 ,·
1583 1174 1677 1230 illa
1706 1173 1956 1249 profecto
1983 1191 2106 1248 quae
2132 1177 2261 1230 ante
2303 1241 2306 1249 Δ

336 1280 631 1350 peccatum
662 1281 851 1332 creata
882 1281 989 1345 est,
1011 1293 1126 1331 non
1146 1292 1270 1349 quae
1296 1279 1422 1350 post
1455 1272 1974 1348 praevaricationem
1993 1271 2207 1329 vitiata.
2230 1293 2256 1326 »

335 1374 491 1450 Quod
548 1374 680 1430 talis
717 1374 790 1430 sit
837 1393 1040 1431 sensus
1084 1372 1247 1430 dictae
1281 1374 1554 1449 phraseos
1594 1373 1977 1448 probaverunt
2016 1370 2261 1428 invictis-

335 1472 499 1543 sime,
551 1472 733 1528 tribus
781 1471 1009 1530 circiter
1062 1478 1185 1548 post
1235 1471 1465 1529 Honorii
1521 1470 1739 1527 obitum
1791 1469 1978 1543 anniS,
2026 1470 2306 1549 Joannes‘¹

334 1571 469 1646 Papa
492 1571 554 1627 lv
581 1577 635 1629 et
655 1579 891 1630 sanctus
922 1573 1199 1629 Maximus
1219 1578 1454 1648 martyr,
1475 1579 1644 1647 prout,
1666 1571 1858 1629 videre
1884 1575 2066 1646 potest
2086 1570 2269 1628 lector:

342 1673 696 1749 paragrapho
738 1673 1094 1748 praecedenti,
1126 1672 1481 1731 documentis
1515 1673 1601 1745 IV,
1635 1673 1675 1726 V
1702 1678 1752 1728 ot
1771 1671 1859 1728 vl.
1887 1671 2003 1728 Imo
2032 1671 2241 1747 ipseme

347 1774 713 1831 monothelita
744 1776 1012 1851 PyrrhuS,
1045 1774 1142 1850 qui
1169 1774 1362 1848 Sergio
1398 1774 1455 1830 in
1482 1772 2105 1849 Constantinopolitana
2131 1771 2230 1829 Sed

346 1880 714 1944 successerat,
753 1875 914 1932 fateri
942 1882 1171 1932 coactns
1202 1880 1286 1932 cst
1310 1874 1520 1932 dictam
1544 1873 1772 1931 Honorii
1802 1873 2054 1950 phrasim
2086 1873 2154 1930 ad
2186 1891 2274 1930 so*

346 1972 456 2029 lam
486 1973 794 2029 humanam
828 1974 1029 2030 Christi
1051 1974 1399 2031 voluntatem
1428 1974 1652 2040 referri,
1684 1979 1735 2030 ct
1771 1973 2068 2048 deceptum
2091 1971 2278 2028 fuisse·
2304 1976 2306 1979 ’

345 2072 625 2146 Sergium,
656 2072 1015 2141 attendendo,
1048 2090 1114 2128 ex
1144 2072 1322 2128 nimia
1348 2071 1735 2147 simplicitate,
1767 2072 1835 2127 ad
1864 2090 2053 2128 vocem
2089 2089 2274 2142 unam,

346 2179 397 2229 ct
427 2191 540 2229 non
576 2172 917 2229 advertendo
958 2172 1028 2229 ad
1064 2190 1297 2229 sensum
1324 2192 1334 2225 :
1366 2172 1688 2246 Simplicius,
1730 2171 1936 2246 inquit,
1970 2172 2266 2228 antecessu

349 2290 489 2328 meus
516 2274 719 2345 accepit
739 2272 856 2343 hoc,
882 2274 937 2327 z'n
966 2290 1145 2328 vocem
1171 2274 1409 2328 intentus
1443 2270 1593 2346 (vide
1620 2271 1984 2345 praecedentis
2013 2289 2271 2346 paragra
2302 2319 2306 2322 .

348 2369 440 2444 phi
486 2372 517 2427 2
556 2370 965 2428 documentum
1002 2370 1112 2443 VI).

422 2472 478 2527 2⁰
516 2470 759 2545 Ojiciunt
812 2470 1124 2528 adversarii
1185 2469 1370 2527 varias
1421 2471 1654 2546 phrases
1690 2469 1994 2543 utriusque
2042 2465 2266 2525 Honori'

350 2570 620 2644 epistolae,
679 2572 888 2645 quibus
940 2570 1192 2629 Pontifex
1235 2572 1329 2628 ille
1372 2576 1907 2644 monetlcensetque
1951 2589 2014 2626 ac
2057 2568 2246 2646 judica
2282 2582 2293 2594 ²

357 2668 762 2726 abstinendum
795 2689 939 2741 esse,
986 2671 1101 2727 sive
1142 2672 1211 2727 ab
1256 2673 1413 2727 unius
1453 2670 1568 2727 sive
1599 2670 1880 2743 acluplicis
1930 2650 2279 2745 operationi}

356 2768 646 2825 vocabulo,
691 2770 768 2826 lta
802 2770 1080 2843 judicare,
1129 2770 1313 2843 aiunt,
1360 2778 1444 2828 est
1483 2788 1678 2827 errare
1709 2769 1769 2825 in
1810 2769 2122 2843 dogmatica
2150 2759 2282 2844 fidei·

355 2867 700 2925 definitione.
757 2869 864 2926 Sed
901 2870 1111 2926 absona
1147 2888 1383 2945 prorsus
1432 2871 1551 2927 haec
1587 2887 1786 2926 eorum
1838 2866 2266 2943 argumentatiO.

354 2967 491 3025 Nam
525 2969 766 3045 phrases
799 2969 931 3041 illae,
972 2970 1156 3043 quoad
1185 2990 1418 3028 sonsum
1465 2970 1524 3026 in
1559 2970 1726 3028 istam
1763 2970 2063 3027 recidunt:
2091 2980 2271 3044 oppon*

356 3077 538 3126 lunum
569 3071 772 3144 judicO,
811 3072 919 3127 sive
963 3071 1025 3126 ab
1061 3074 1239 3144 unium,
1271 3075 1382 3129 sive
1422 3091 1453 3128 α
1491 3071 1716 3147 duplicis
1767 3072 2087 3145 operationis
2125 3076 2269 3139 voca-3

355 3169 471 3224 bulo
500 3170 789 3227 abstinere.
819 3170 941 3226 Jam
975 3188 1106 3227 vero
1139 3171 1213 3227 ita
1238 3171 1520 3246 loquendo
1548 3171 1768 3228 nullam
1791 3170 2072 3227 Honorius
2106 3162 2271 3225 edidit

357 3269 732 3344 dogmaticam
776 3269 1186 3328 definitionem.
1228 3271 1445 3329 Etenim
1482 3272 1578 3329 ille
1619 3291 1732 3342 non
1766 3271 1882 3329 edit
1910 3267 2268 3344 dogmaticam

359 3367 766 3439 definitionem,
802 3369 900 3443 qui
950 3369 1176 3427 nullum
1224 3370 1418 3427 definit
1458 3371 1662 3444 dogma
1695 3391 1705 3424 z
1741 3387 1909 3446 porro
1935 3368 2030 3443 qui
2064 3363 2271 3442 judicat
2305 3394 2306 3405 κ

363 3474 746 3539 opportunum
787 3467 1048 3526 omittere
1091 3469 1426 3526 vocabulum
1476 3474 1600 3526 tum
1638 3471 1813 3539 maius,
1851 3473 1972 3524 tum
1995 3465 2162 3523 etiam
2189 3460 2272 3531 dia-⁴
2302 3457 2306 3532 i

361 3560 515 3632 plicis
547 3563 605 3618 in
649 3565 863 3623 Christo
895 3566 1256 3642 operationis,
1284 3567 1509 3623 nullum
1557 3585 1790 3643 prorsus
1828 3565 2029 3638 dogma
2065 3557 2306 3632 definitat‘

366 3656 483 3713 Non
501 3661 652 3719 enim
676 3665 870 3722 definit
890 3666 1119 3724 unicam
1145 3666 1202 3722 in
1227 3666 1444 3723 Christo
1464 3666 1871 3741 operationem,
1899 3661 2087 3740 potius
2106 3643 2267 3733 quam
2298 3663 2306 3730 t
