2306 4010
351 194 442 242 294
1031 182 1325 231 TRACTA‘PUS
1355 182 1421 230 DE
1452 181 1596 230 PAPA.

352 308 406 359 et
437 307 625 359 tamen
658 295 734 352 ibi
764 292 1026 351 haeresim
1061 290 1285 360 docuit;
1320 290 1604 366 siquidem
1629 310 1670 349 a·
1685 293 2046 366 generalibus
2079 294 2266 351 conci-

352 400 444 455 liis
475 403 747 470 tanquam
782 392 1086 451 haereticus
1116 392 1479 451 anathemate
1507 391 1809 468 perculsus
1862 397 1968 464 est,
2012 393 2083 448 ob
2128 393 2266 453 duas

349 497 477 554 illas
515 493 808 572 epistolas,

423 593 662 651 Econtra
697 591 847 667 quod
885 591 1165 649 Honorius
1200 590 1260 648 in
1295 589 1614 648 definienda
1646 590 1754 648 fide
1792 608 2152 666 nequaquam
2184 610 2267 650 er-

347 694 574 765 raverit,
621 711 727 751 nec
769 694 840 751 ob
883 693 1088 762 ullum,
1108 693 1167 750 in
1215 692 1407 769 aliqua
1457 692 1590 750 fidei
1635 691 1964 749 definitione
2018 710 2265 751 errorem

347 796 652 853 damnatus
680 795 770 864 sit,
806 794 1119 852 defendunt
1149 793 1531 851 communiter
1558 791 1879 850 orthodoxi.
1905 792 1972 848 Et
1999 793 2137 863 haec,
2159 792 2268 850 aie-

345 897 439 953 bat
469 894 690 968 Binins,
719 903 796 952 est
820 897 1085 953 sententia
1113 897 1347 951 omnium
1374 895 1486 968 sere
1508 893 1930 950 orthodooeorum
1954 894 2123 949 nostri
2144 901 2267 949 tem-

343 1000 487 1073 poris
537 996 803 1072 (Concilia
847 997 1042 1067 Mansi,
1093 1002 1250 1054 tomo
1290 997 1354 1068 X,
1412 996 1519 1052 col.
1567 994 1703 1066 575,
1736 993 1906 1051 editio
1956 974 2306 1067 Florentiae‚}

347 1096 542 1170 1764).
2163 1128 2170 1133 -
2294 1077 2306 1183 j

424 1198 478 1254 5⁰
491 1197 564 1254 De
576 1199 744 1254 variis
759 1198 944 1254 mediis
958 1198 1141 1271 quibus
1160 1199 1404 1254 instituta
1418 1199 1682 1272 reperitur
1699 1196 1915 1254 Honorii
1934 1197 2189 1271 defensio.
2203 1229 2270 1239 -
2299 1193 2306 1210 ¹

343 1296 576 1362 Quando
601 1296 990 1353 defendendus
1019 1302 1104 1353 est
1133 1296 1408 1353 innocens
1431 1303 1627 1353 contra
1660 1296 1838 1373 ipsius
1861 1303 2267 1368 accusatorem,

343 1396 481 1453 satis
508 1403 593 1454 est
618 1403 681 1453 ut
701 1396 1033 1453 ostendatur
1051 1394 1400 1453 accusatoris
1425 1403 1757 1470 argumenta
1775 1395 1890 1453 vim
1909 1413 2023 1452 non
2046 1387 2267 1470 habere,
2292 1416 2294 1419 ·

343 1495 398 1550 id
426 1502 509 1552 est
550 1514 662 1552 non
697 1496 937 1571 probare
965 1496 1020 1553 id
1070 1496 1222 1570 quod
1263 1495 1560 1552 asseritur.
1605 1495 1713 1551 Hoc
1743 1496 1866 1571 ipso
1890 1514 2095 1572 nempe
2124 1495 2270 1571 quod

343 1603 643 1654 accusatus
679 1615 793 1654 non
838 1597 1223 1672 peremptorie
1262 1596 1536 1672 probetur
1574 1595 1902 1669 deliquisse,
1938 1595 2306 1680 absolvitur,h

343 1703 394 1752 ct
423 1714 592 1752 causa
621 1697 831 1754 cadunt
879 1702 1255 1775 accusatores.
1289 1696 1366 1752 Ita
1412 1713 1579 1771 porro
1623 1713 1682 1753 se
1731 1695 1895 1752 habet
1940 1683 2306 1773 disceptatio}

342 1797 529 1869 quoad
552 1796 859 1854 Honorium
886 1798 1116 1873 Papam.
1154 1796 1296 1853 Eum
1328 1795 1635 1853 adversarii
1667 1801 1936 1852 accusant
1971 1795 2122 1870 quod
2162 1796 2268 1851 hae-
2291 1773 2306 1849 <⁴

342 1895 517 1952 resim
550 1914 616 1953 ex
658 1897 928 1954 cathedra
973 1896 1232 1953 docuerit
1260 1903 1314 1952 et
1341 1904 1614 1970 tanquam
1655 1897 1955 1953 haereticus
1999 1915 2028 1952 a
2061 1894 2269 1975 synodo

344 1996 692 2053 oecumenica
729 1996 1032 2053 damnatus
1060 1996 1153 2067 sit,
1187 2002 1356 2069 atque
1375 1995 1443 2052 ad
1476 1995 1532 2051 id
1565 1995 1920 2070 probandum
1942 2000 2271 2070 argumenta

346 2116 446 2153 sua
479 2097 775 2172 proferunt
806 2119 816 2153 ε
847 2103 908 2154 ut
940 2115 1112 2153 causa
1136 2095 1366 2153 vincant
1394 2095 1626 2152 Honorii
1654 2095 2000 2166 defensores,
2033 2097 2172 2153 satis
2190 2101 2270 2153 est
2298 2116 2306 2175 j

345 2196 389 2253 si
419 2197 811 2253 demonstrent
851 2197 967 2253 haec
1010 2196 1461 2252 adversariorum
1506 2201 1842 2269 argumenta
1874 2197 2076 2252 robore
2110 2182 2306 2253 desti-sss

346 2298 427 2355 tui
474 2316 538 2354 ac
574 2316 934 2372 nequaquam
970 2296 1352 2373 peremptoria
1400 2315 1542 2353 esse.
1591 2296 1713 2352 Jam
1760 2314 1891 2353 vero
1930 2315 2061 2353 cum
2111 2314 2271 2371 argu-

347 2403 536 2455 menta
570 2398 663 2455 illa
700 2416 764 2455 ex
808 2398 1005 2455 multis
1041 2397 1324 2474 capitibus
1356 2402 1559 2454 nutent
1590 2417 1652 2454 ac
1685 2397 2089 2455 insufficientia
2137 2397 2266 2468 sint,

344 2499 576 2555 Honorii
623 2499 947 2556 defensores
983 2498 1451 2556 insufficientiam
1492 2498 1648 2555 illam
1685 2498 1781 2554 alii
1813 2498 1978 2555 aliter
2011 2497 2263 2574 probant.

345 2600 559 2672 PlureS‚
608 2601 762 2658 verbi
806 2601 1009 2674 gratia,
1053 2600 1328 2676 permissa
1382 2600 1676 2675 hypothesi
1736 2599 1886 2674 quod
1937 2599 2264 2656 documenta

350 2699 509 2774 queis
536 2700 802 2757 nituntur
837 2700 1142 2757 adversarii
1193 2700 1517 2757 authentica
1567 2699 1703 2772 sint,
1744 2699 2049 2756 ostendunt
2087 2718 2151 2756 ex
2189 2695 2278 2754 eis·

351 2818 461 2855 non
496 2799 674 2856 evinci
706 2806 1048 2876 praetensum
1092 2799 1322 2856 Honorii
1353 2799 1521 2856 fidem
1553 2818 1618 2856 ex
1650 2800 1915 2857 cathedra
1952 2796 2274 2867 definientis

349 2917 622 2958 errorem.
651 2900 758 2956 Alii
784 2900 1028 2974 genuina
1057 2918 1180 2957 esse
1212 2906 1423 2974 negant
1460 2900 1581 2976 ipsa
1615 2900 1951 2958 documenta
1979 2919 2104 2974 quae
2130 2885 2275 2972 obji-Jff

348 3001 601 3059 ciuntur.
634 3001 695 3058 Et
735 3000 815 3057 sic
860 3001 1211 3057 concinnata*
1254 3006 1385 3057 sunt
1422 3002 1490 3058 ab
1539 3002 1780 3059 eruditis
1813 3002 2002 3078 plures
2043 2987 2274 3066 HonoriijfE

352 3101 728 3159 defensiones,
758 3101 914 3158 Valet
950 3108 1138 3159 autem
1165 3120 1525 3178 unaquaeque
1563 3121 1628 3159 ex
1660 3102 1784 3160 istis
1820 3100 2266 3168 defensionibuS,.

355 3203 458 3258 hoc
495 3201 619 3277 ipso
651 3200 799 3276 quod
824 3201 1279 3257 adversariorum
1304 3207 1638 3276 argumenta
1667 3201 2014 3258 sufficienter
2034 3201 2267 3257 evertat.-

353 3300 634 3372 Defensio‚
668 3299 822 3357 verbi
857 3299 1057 3374 gratia,
1092 3317 1158 3356 ex
1192 3318 1255 3357 eo
1293 3300 1474 3375 capite
1507 3300 1661 3375 quod
1688 3300 2025 3357 documenta
2067 3298 2135 3354 ab
2175 3291 2259 3350 ad-

352 3400 613 3457 versariis
653 3399 889 3474 allegata
920 3418 1034 3456 non
1067 3400 1380 3476 probentur
1408 3400 1653 3473 sincera,
1679 3400 1911 3456 omnino
1932 3399 2075 3456 valet
2106 3396 2152 3452 si
2177 3391 2259 3451 ad·-

353 3499 584 3555 versarii
617 3501 1089 3558 documentorum
1122 3501 1508 3558 sinceritatem
1534 3507 1818 3574 nequeant
1841 3499 2254 3559 demonstrare;

356 3595 525 3669 idque
569 3600 791 3658 etiamsi
821 3602 965 3659 forte
995 3602 1243 3676 genuina
1277 3609 1463 3659 essent
1495 3601 1834 3658 documenta
1861 3598 1979 3654 illa.
2005 3597 2143 3652 Hinc
2164 3607 2258 3649 nos

357 3702 600 3767 quatuor
632 3701 946 3775 praecipuas
980 3722 1041 3759 ex
1075 3702 1197 3760 ictis
1227 3701 1652 3760 defensionibus
1683 3698 2035 3771 subjicimus.
2073 3696 2134 3750 Ut
2168 3709 2259 3749 au-
