2262 3990
846 127 965 174 PARS
995 125 1188 172 TERTlA.
1862 117 1945 164 561

85 237 463 299 auctoritatem
488 239 541 292 ιἰι
558 238 847 293 universum
875 234 1178 302 Ecclesium,
1219 227 1367 304 quod
1392 225 1500 284 dici
1526 224 1718 301 nequit
1743 225 1953 300 absque

85 334 299 392 haeresi.

160 433 412 490 Probatur
432 433 461 490 Ι
465 432 521 494 V.
543 463 619 475 --
641 431 715 487 Ex
749 431 925 488 forma
963 426 1219 486 Ecclesiae
1241 421 1613 483 monarchica.
1639 420 1951 479 Institutam

86 550 116 588 a
146 529 357 588 Christo
388 529 686 587 Ecclesiam
719 547 848 586 cum
881 528 1057 584 forma
1081 524 1453 595 monarchica,
1485 521 1710 580 omnino
1734 526 1949 578 certum

87 634 139 687 ct
180 628 480 686 tenendum
504 634 606 696 est,
630 634 794 702 prout
822 645 991 702 supra
1020 624 1376 700 probavimus
1411 625 1586 698 (parte
1617 621 1658 691 1,
1693 627 1826 679 sect.
1871 621 1954 692 lv,

86 745 204 800 cap.
246 745 260 781 1
304 731 357 782 et
396 728 469 789 ιι).
528 725 634 782 Nec
683 724 871 781 minus
913 728 1126 780 certum
1173 728 1256 779 est
1303 719 1608 795 principem
1659 725 1709 777 et
1753 737 1971 776 monar-

87 825 247 881 cham
275 822 640 879 constitutum
675 822 845 877 fuisse
883 820 1191 876 Romanum
1224 817 1559 874 Pontificem.
1618 819 1782 874 Porro
1831 818 1970 893 Papa

86 939 246 979 verus
268 921 566 976 monarcha
596 937 705 976 non
735 923 900 990 esset,
930 916 975 974 si
1008 914 1395 973 auctoritatem
1423 914 1652 971 haberet
1687 916 1974 973 dumtaxat

89 1016 146 1073 in
174 1016 465 1092 Episcopos
496 1014 848 1073 distributive
881 1018 1156 1088 sumptOS‚
1188 1011 1377 1085 eisque
1406 1010 1692 1068 collective
1734 1011 1973 1086 sumptis

80 1102 416 1189 subjaceret.
450 1114 581 1171 Nam
615 1119 745 1170 tunc
777 1112 948 1169 totius
987 1110 1264 1168 societatis
1312 1109 1633 1166 christianae
1676 1090 1974 1184 supremus

93 1221 272 1271 rector
293 1231 403 1269 non
427 1218 571 1270 esset
594 1213 755 1287 Papa,
787 1212 880 1268 sed
907 1209 1206 1283 collegium
1241 1207 1668 1284 Episcoporum3
1701 1208 1974 1282 siquidem

99 1331 264 1386 penes
294 1312 443 1368 istud
480 1312 777 1383 collegium
813 1316 983 1366 staret
1027 1326 1288 1383 suprema
1325 1307 1650 1378 auctoritaS,
1700 1307 1868 1364 etiam
1920 1307 1976 1362 in

100 1409 282 1483 ipsum
304 1409 525 1482 Papam.
555 1406 704 1462 Unde
727 1405 966 1461 Ecclesia
991 1423 1099 1460 non
1128 1404 1382 1461 instituta
1418 1405 1614 1460 fnisset
1644 1424 1771 1461 cum
1803 1408 1977 1461 torma

105 1507 476 1577 monarchica,
512 1506 605 1562 scd
640 1524 767 1561 cum
799 1506 974 1560 forma
1008 1503 1405 1560 aristocratica.
1439 1503 1610 1575 igitur
1644 1522 1707 1559 ex
1738 1523 1800 1560 co
1833 1504 1978 1577 quod

102 1605 242 1680 Papa
289 1623 449 1662 verus
490 1603 787 1660 monarcha
834 1602 925 1673 sit,
962 1601 1314 1658 inferendum
1361 1601 1671 1657 necessario
1719 1608 1824 1671 est,
1875 1600 1979 1675 ipsi

103 1709 411 1776 competere
426 1700 809 1757 auctoritatem
824 1698 879 1753 in
891 1697 1207 1772 EpiscopoS‚
1227 1697 1391 1752 etiam
1409 1698 1690 1754 collective
1707 1704 1976 1771 sumptos,

178 1798 435 1852 Probatur
465 1797 521 1853 V.
554 1829 618 1836 —
668 1796 741 1850 Ex
777 1813 837 1850 eo
882 1793 1027 1865 quod
1061 1793 1345 1848 distinctio
1379 1794 1471 1848 illa
1512 1795 1656 1850 inter
1689 1793 1982 1867 Episcopos

97 1874 706 1964 distributive-sumptos
740 1896 791 1946 et
825 1888 1084 1944 collective
1103 1895 1376 1961 sumptos,
1400 1890 1718 1961 antiquitati
1749 1909 1982 1963 prorsus

98 1987 279 2061 ignota
299 1989 485 2044 suerit.
512 1987 737 2043 Nullum
768 1987 915 2042 enim
956 1986 1183 2060 hujusce
1219 1986 1543 2046 subtilitatis
1569 1987 1865 2061 vestigium
1893 2006 1977 2044 re—

98 2084 276 2159 perire
306 2090 387 2141 est
414 2090 538 2140 ante
559 2085 821 2140 saeculum
847 2083 974 2150 le3
1007 2101 1107 2139 nec
1131 2083 1238 2139 nisi
1270 2084 1556 2140 occasione
1589 2086 1773 2157 magni
1803 2086 1977 2141 schis-

97 2183 279 2246 matiS‚
294 2201 356 2238 eo
378 2189 627 2255 tempore
643 2182 935 2237 Ecclesiam
952 2182 1009 2236 in
1026 2182 1211 2253 plures
1230 2181 1570 2238 obedientias
1589 2182 1975 2256 discei·penti5‚

96 2279 307 2334 invecta
345 2279 584 2352 primum
631 2277 737 2332 suit
774 2277 980 2350 opime,
1038 2295 1158 2350 quae
1205 2278 1404 2350 Papam
1453 2278 1682 2334 concilio
1734 2282 1974 2352 generali

97 2375 338 2448 subjicit.
368 2376 530 2430 Porro
555 2375 599 2429 si
628 2391 815 2456 revera
842 2372 1092 2429 Christus
1124 2374 1197 2428 ita
1238 2375 1535 2430 Ecclesiam
1578 2395 1736 2432 suam
1769 2378 1975 2434 consti·

96 2473 314 2543 tuisset,
334 2479 395 2527 ut
418 2474 555 2546 Papa
581 2478 720 2527 essct
746 2470 1028 2545 Episcopis
1052 2470 1406 2528 distributive
1430 2475 1666 2548 sumptis
1695 2476 1970 2550 superior,

95 2569 322 2626 inferior
343 2578 527 2626 autem
552 2569 830 2626 collective
854 2569 1114 2644 sumptis,
1148 2588 1258 2625 non
1297 2572 1568 2646 potuisset
1603 2572 1715 2629 lure
1742 2573 1972 2631 distinc-

94 2668 191 2737 tio,
226 2675 286 2723 ut
317 2675 439 2742 pote
465 2668 532 2723 ad
560 2667 852 2741 ipsammet
881 2668 1134 2722 Ecclesia}
1157 2669 1566 2726 constitutivam
1595 2672 1830 2729 sormam
1851 2693 1971 2748 per-

96 2765 299 2836 tinens,
319 2766 431 2823 ullo
459 2767 655 2822 saeeulo
682 2765 944 2839 ignorari.
990 2766 1233 2840 Cumque
1256 2768 1418 2825 toties
1450 2789 1477 2825 a
1507 2770 1702 2843 primis
1727 2773 1965 2843 szeculis,

99 2865 215 2914 tum
246 2859 389 2915 intra
414 2869 530 2917 tum
565 2869 710 2918 extra
735 2863 993 2940 synodOS,
1031 2871 1175 2920 mota
1198 2866 1363 2921 suerit
1391 2867 1618 2939 quaestio
1646 2869 1712 2923 de
1739 2869 1969 2924 Romani

97 2956 367 3012 Pontiticis
394 2958 654 3030 primatu,
685 2978 747 3016 ac
776 2978 1035 3035 suprema
1074 2963 1192 3034 ojus
1227 2963 1282 3018 in
1324 2964 1638 3020 universam
1669 2966 1966 3022 Ecclesiam

101 3059 385 3128 potestate,
427 3054 720 3125 debuisset,
771 3075 878 3111 non
909 3075 1018 3112 una
1060 3058 1193 3129 vice,
1233 3062 1329 3116 sed
1373 3062 1602 3132 centies,
1634 3064 1859 3136 praefata
1885 3064 1967 3120 di-

99 3151 317 3207 stinctio
338 3151 579 3223 allegari.
602 3153 906 3208 l’rzesertim
922 3154 1183 3211 Romanis
1207 3158 1560 3214 Pontificibus
1586 3160 1963 3219 auctoritatem

98 3267 264 3324 supra
301 3248 446 3323 ipsas
484 3250 648 3305 etiam
688 3250 972 3322 generales
1007 3253 1242 3325 synodos
1281 3255 1386 3310 sibi
1415 3256 1861 3331 vindicantibuS‚
1913 3269 1963 3319 et

96 3352 275 3402 textus
323 3347 663 3420 evangelicos
705 3345 758 3401 in
819 3347 964 3402 liunc
1008 3348 1170 3404 tinem
1211 3351 1634 3420 adducentibus,
1680 3357 1843 3431 objici
1870 3360 1961 3417 de-

96 3445 320 3514 buisset,
345 3445 589 3520 ipsorum
624 3443 1069 3519 superioritatem
1102 3445 1515 3522 intelligendam
1549 3473 1659 3510 non
1700 3473 1818 3513 esse
1851 3457 1958 3514 nisi

94 3543 316 3600 relative
360 3543 425 3599 ad
472 3543 762 3618 Episcopos
794 3543 1111 3599 distributive
1141 3553 1410 3622 sumptos,
1463 3550 1624 3610 Porro
1670 3553 1853 3613 Patres
1902 3558 1955 3613 in

330 3662 379 3696 ιι.
1661 3661 1718 3707 56
