2262 3990
913 185 1038 237 rm
1063 183 1273 236 imru,
1496 189 1502 194 ·
1927 181 2022 246 sse

151 292 379 370 quidem
404 283 688 352 internum
713 309 811 352 seu
833 309 901 351 ex
926 293 1135 363 animo,
1165 307 1268 351 nec
1297 290 1503 352 sufficit
1548 287 1840 350 silentium·
1866 289 2021 358 obse-

155 393 437 469 quiosum,
471 397 636 469 prout
669 398 863 451 contra
899 391 1240 453 Jansenistas
1277 389 1528 450 decisum
1562 386 1687 446 fuit.
1718 387 1908 462 Atque,
1941 386 2018 471 ita

155 496 342 550 tenent
361 489 468 567 ipsi
491 489 656 550 etiam
696 489 964 550 Gallicani
994 488 1256 563 theologi,
1287 487 1385 563 qui
1410 503 1588 562 usque
1631 484 1701 544 ad
1738 483 2019 543 Jansenia-

153 606 284 647 nam
335 587 595 647 haeresim
644 605 758 646 non
794 587 1070 664 progressi
1114 591 1267 657 sunt,
1304 589 1467 662 prout
1506 584 1693 651 ‚videre
1737 587 1820 640 est
1869 581 2019 658 apud

82 677 87 685 ’
149 684 469 763 Tournely¹.
501 685 666 743 Porro
691 690 1023 761 repugnaret
1046 684 1151 745 ista
1174 682 1442 756 obligatio.
1463 679 1699 738 tirmiter
1722 685 1775 738 et
1802 679 2018 738 sincere

144 799 343 840 ‚verum
391 780 648 841 credendi
686 781 984 842 articulum
1012 797 1044 838 a
1085 779 1226 853 Papa
1252 778 1571 849 definitum,
1603 777 1714 835 nisi
1738 784 1888 836 certo
1936 793 2021 835 ve·

144 894 276 936 >rum
302 882 444 934 esset
470 883 523 934 et
544 874 954 937 irreformabile
974 876 1076 931 hoc
1095 874 1251 949 Papae
1271 871 1567 946 judicium.
1596 873 1769 947 Igitur
1792 871 2013 930 concilii

141 970 422 1046 generalis
457 972 641 1029 Patres
670 970 876 1030 nedum
918 970 1134 1028 valeant
1175 970 1330 1044 Papae
1363 968 1742 1026 definitionem
1763 970 2017 1045 judicare

146 1086 210 1126 ac
238 1067 561 1139 reformare,
589 1072 848 1125 tenentur
884 1066 1106 1145 ipsimet
1137 1066 1347 1130 sincere
1383 1083 1446 1124 ac
1483 1066 1718 1127 tirmiter
1762 1086 1885 1127 cam
1934 1086 2020 1127 ve-

148 1182 267 1226 ram
291 1164 511 1222 credere
534 1183 596 1222 ac
623 1164 892 1240 profiteri.

219 1265 275 1321 5⁰
304 1264 419 1322 lIue
446 1265 678 1322 redeunt
704 1264 1007 1340 superioris
1038 1263 1297 1322 sectionis
1331 1269 1660 1338 argumenta
1692 1263 1897 1338 quibus
1923 1282 2014 1339 ge-

149 1362 382 1420 neratim
411 1362 636 1438 probata
663 1369 743 1420 est
767 1364 920 1439 Papae
947 1363 1247 1422 auctoritas
1275 1381 1441 1439 supra
1466 1363 1785 1422 concilium.

219 1459 490 1517 Pnorosmo
509 1461 590 1518 11²¹.
617 1494 686 1504 —-
711 1461 923 1530 Quando
952 1464 1115 1537 Papae
1147 1463 1380 1536 definitio
1411 1465 1480 1519 od
1498 1482 1687 1520 novum
1718 1481 1935 1521 examen
1962 1466 2015 1520 in

145 1559 378 1616 conciliis
409 1560 629 1617 deducta
655 1569 753 1633 est,
794 1563 847 1617 id
876 1581 979 1619 non
1014 1564 1212 1636 sactum
1244 1565 1347 1636 suit
1392 1580 1502 1621 oum
1541 1564 1777 1629 libertate
1812 1565 2011 1621 dissen-

145 1658 320 1727 tiendi,
352 1658 444 1714 sed
468 1666 520 1715 ut
546 1677 645 1732 per
669 1678 854 1716 novam
895 1662 1287 1728 discussionem,
1319 1671 1556 1720 errantes
1586 1671 1675 1719 ant
1716 1664 2010 1726 dubitantes

139 1753 208 1808 ad
231 1754 484 1812 vertitatem
509 1764 896 1815 revocarentur.
926 1791 1001 1800 -
1018 1758 1213 1817 Contra
1248 1759 1661 1833 praecedentem·
1676 1760 2005 1834 propositio-

135 1865 259 1905 nem
285 1849 520 1923 objicere
548 1852 727 1909 solent
754 1853 1053 1911 adversarii
1076 1855 1133 1911 in
1163 1857 1313 1912 hunc
1338 1857 1570 1914 modum
1602 1879 1614 1913 ε
1638 1856 1852 1931 pluries
1879 1876 2009 1915 con-

115 1942 257 2022 'tigit
279 1952 340 2005 ut
367 1947 599 2007 Romani
633 1950 909 2010 Pontificis
936 1951 1181 2011 delinitio
1219 1953 1525 2029 dogmatica
1547 1954 1754 2016 iterum
1782 1956 1851 2015 ad
1877 1974 2004 2016 exa-

119 2184 122 2185 ?
185 2130 237 2184 (1)
271 2132 534 2174 Comitiorum
559 2134 655 2176 anni
685 2134 788 2177 1655
815 2136 1013 2179 Gallicani
1040 2137 1263 2189 Praesules,
1296 2140 1340 2181 in
1364 2141 1451 2183 suis
1471 2142 1523 2182 ad
1556 2142 1844 2185 Innocentium
1870 2143 1902 2184 X
1930 2143 2004 2185 lit-

130 2197 228 2238 teris
257 2198 335 2251 (die
360 2199 410 2239 15
429 2199 557 2253 julii),
587 2202 789 2254 loquendo
814 2203 864 2245 de
881 2205 1069 2247 Ecclesiae
1091 2207 1301 2248 catholicae
1332 2208 1472 2261 (sancti
1491 2209 1718 2252 innocentii
1743 2211 1869 2263 primi
1894 2207 2003 2252 tem'·

131 2265 310 2317 poribus)
340 2266 539 2316 doctrina,
566 2280 691 2320 quam
715 2275 753 2310 et
773 2282 888 2312 suam
911 2283 999 2313 esse
1023 2277 1330 2325 protestantur:
1355 2288 1373 2314 α
1403 2275 1634 2328 Enimvero,
1671 2278 1801 2327 aiunt,
1831 2284 2003 2321 vetustte

130 2332 244 2373 illius
280 2333 411 2374 aetatis
440 2334 617 2375 Ecclesia
655 2337 866 2387 catholiea,
897 2342 985 2382 sola
1020 2342 1137 2383 Petri
1167 2344 1444 2386 communione
1482 2348 1521 2386 et
1543 2347 1788 2388 auctoretate
1819 2348 2002 2398 sultam.

132 2399 360 2450 l‘olagianae
386 2401 554 2442 liaeresis
570 2403 821 2445 damnationi
847 2406 1001 2459 absque
1025 2410 1282 2451 cunctatione
1303 2411 1564 2464 subscripsit.
1596 2412 1861 2466 Perspectum
1890 2415 2002 2457 enim

129 2467 302 2507 habebat
326 2478 406 2507 non
431 2468 565 2509 solum
598 2482 651 2512 ex
678 2471 843 2514 Christi
867 2474 1033 2516 Domini
1053 2478 1359 2527 pollicitatione
1384 2479 1510 2520 Petro
1532 2481 1657 2531 saeta,
1702 2481 1773 2521 sed
1798 2482 1923 2524 etiam
1950 2494 1999 2525 ex

126 2534 227 2575 actis
253 2535 442 2587 priorum
466 2537 723 2591 Pontificum,
749 2545 790 2580 ct
813 2551 861 2582 ex
886 2543 1251 2594 anathematismis,
1275 2547 1471 2588 adversus
1497 2548 1776 2598 Apollinarem
1808 2556 1848 2593 et
1867 2553 1999 2594 Maee-

124 2601 291 2643 donium
322 2603 506 2644 nondum
534 2605 583 2645 ab
615 2607 699 2647 ulla
737 2609 889 2659 synodo
926 2613 1176 2653 oecumenica
1208 2613 1438 2663 damnatos,
1482 2627 1503 2655 a
1540 2616 1710 2658 Damaso
1745 2619 1867 2671 paulo
1901 2627 1997 2662 ante

122 2667 251 2717 iactis,
275 2671 435 2720 judicia
454 2683 533 2723 pro
549 2675 769 2716 sarcienda
797 2678 945 2728 reyula
963 2679 1062 2728 fidei
1085 2691 1110 2720 a
1129 2682 1299 2722 summis
1321 2683 1588 2734 Pontificibus
1615 2686 1704 2727 lata
1725 2696 1852 2740 super
1869 2688 1994 2741 ‘Epis‘—

120 2745 315 2786 coporum
334 2740 643 2791 consultatione,
660 2742 747 2784 sive
765 2756 882 2786 suam
907 2745 948 2787 in
966 2747 1066 2788 actis
1083 2748 1296 2791 relationis
1316 2753 1560 2794 sententiam
1577 2761 1733 2806 ponant
1752 2749 2006 2811 (Episcopus

122 2798 205 2841 sive
237 2804 439 2853 omittant,
482 2813 604 2860 prout
644 2809 726 2850 illis
764 2812 1016 2863 collibuerit,
1053 2816 1196 2857 divina
1230 2828 1346 2871 aeqne
1382 2830 1429 2861 ac
1457 2831 1615 2863 summa
1646 2833 1725 2875 per
1756 2825 1992 2867 wziversam

125 2866 349 2910 Ecclesiam
371 2874 622 2918 auctoritate
647 2879 743 2925 niti,
762 2880 830 2920 cui
848 2881 1069 2923 christiani
1089 2894 1226 2926 omnes
1248 2897 1303 2926 ex
1326 2888 1472 2937 officio,
1501 2890 1630 2940 ipsius
1653 2885 1809 2943 quoque
1842 2894 1993 2934 mentis

122 2933 355 2986 obsequium
382 2944 588 2989 praestare
614 2947 823 2989 tenentur.
845 2962 863 2989 υ
896 2947 937 2989 Si
960 2949 1167 3000 judicium
1198 2954 1353 2996 sumini
1381 2955 1591 2997 Pontificis
1627 2957 1670 2997 in
1696 2959 1869 2999 materia
1895 2960 1992 3001 fidei

122 3001 265 3044 divina
288 3010 329 3044 et
352 3016 507 3048 αιηιηια
532 3012 771 3054 auctoritate
795 3014 967 3066 nitatur,
995 3019 1045 3059 ob
1069 3020 1406 3071 pollicitationem
1433 3023 1585 3064 Christi
1610 3024 1731 3066 Petro
1765 3027 1924 3077 saetam,
1954 3029 1989 3070 si

124 3067 324 3119 ejusmodi
354 3069 513 3121 judicio
546 3075 760 3119 christiani
790 3092 926 3123 omnes
959 3094 1008 3123 ex
1044 3085 1179 3127 officio
1215 3089 1347 3138 ipsius
1375 3100 1530 3142 qnoque
1566 3093 1715 3132 mentis
1743 3094 1989 3149 obsequium

123 3139 321 3185 praestare
345 3143 578 3189 teneantur,
616 3143 787 3195 planum
812 3153 874 3188 est
899 3149 1106 3203 Episcopis
1135 3153 1180 3195 in
1212 3156 1383 3198 concilio
1407 3160 1665 3199 oecumenico
1696 3161 1870 3204 liberum
1905 3153 1984 3207 no'n

122 3212 212 3242 esse
237 3214 262 3243 a
284 3206 524 3254 definitione
541 3209 752 3259 Pontificio
767 3213 854 3264 jam
870 3215 979 3256 edita
997 3218 1229 3265 dissentire.
1253 3222 1417 3264 Utinam
1436 3225 1633 3268 Gallicani
1655 3228 1858 3272 Praesules
1882 3232 1987 3275 hanc

120 3280 281 3322 semper
309 3271 529 3315 tenuissent
556 3276 800 3332 doctrinam,
826 3295 921 3334 quae
944 3286 1127 3337 profecto
1152 3290 1324 3332 adversa
1355 3294 1490 3336 fronte
1520 3278 1674 3348 pugnat
1708 3310 1803 3343 cum
1832 3301 1983 3344 famosa

112 3334 395 3378 *declaratione
429 3340 526 3381 anni
555 3341 666 3383 1682.
704 3345 762 3386 lbi
794 3347 904 3389 enim
940 3352 1093 3394 dicitur
1123 3359 1270 3399 summi
1303 3360 1523 3412 Pontificis
1551 3365 1759 3415 judicium
1798 3368 1842 3410 in
1882 3371 1985 3420 fidei

118 3404 414 3454 quaestionibus
438 3418 515 3449 non
546 3420 636 3452 esse
657 3412 964 3469 irreformabile
984 3421 1067 3462 nisi
1092 3422 1286 3468 Ecclesia
1317 3438 1535 3473 consensus
1567 3436 1814 3486 accesserim
1831 3446 1880 3478 ex
1898 3450 1980 3492 quo

117 3477 260 3521 aperte
285 3473 475 3524 sequitur
507 3478 728 3525 reformari
760 3493 878 3532 posse
902 3484 950 3526 ab
981 3487 1183 3544 Episcopis
1208 3493 1249 3532 in
1278 3496 1453 3538 concilio
1475 3499 1753 3544 definitionem
1779 3504 1909 3559 Papae,
1933 3520 1978 3549 ac

117 3535 287 3585 proinde
311 3538 488 3581 liberum
509 3541 608 3594 ipsis
637 3556 727 3587 esse
756 3549 806 3591 ab
827 3561 871 3593 ea
894 3551 1127 3607 dissentire,
1154 3570 1228 3601 nec
1251 3563 1388 3606 teneri
1408 3575 1477 3608 eos
1494 3566 1557 3609 illi
1578 3569 1809 3614 definitioni
1824 3575 1978 3616 mentis

113 3613 269 3667 quoque
290 3606 526 3661 obsequium
538 3618 756 3664 praestare.
1559 3630 1561 3632 ’
1766 3629 1772 3635 ’
