2306 4010
317 173 407 220 2⁰4
987 157 1283 209 TRACTATUS
1310 158 1379 205 DE
1409 158 1557 206 PAPA.

416 280 473 336 2⁰
517 278 666 334 Idem
711 275 931 331 constat
973 285 1039 324 ex
1076 266 1340 323 damnata
1371 267 1569 323 silentii
1612 265 1902 340 obsequiosi
1952 267 2278 353 doctrina}

335 393 437 452 per
459 370 770 430 Pontifieias
806 363 1261 435 constitutioneS,
1299 381 1424 438 quae
1435 363 1789 449 jamdudum
1829 365 1898 422 ab
1928 357 2257 433 universali-

334 468 576 528 Ecclesia
627 470 862 545 receptae
890 468 1043 518 sunt.
1078 461 1361 518 Nimirum
1390 462 1706 520 Alexander
1730 462 1840 533 Vll,
1884 481 2033 520 anno
2064 464 2214 524 1665
2253 460 2257 533 [

321 562 784 623 subscribendam
823 561 1086 637 praecepit
1109 561 1420 636 juramenti
1446 561 1775 632 formulam,
1802 562 2015 619 tenoris
2039 549 2234 636 hujus*

332 660 484 719 modi
515 679 527 712 :
554 659 663 731 qu
702 658 771 717 N.
814 662 1174 717 constitutioni
1215 659 1521 736 apostolicae
1565 661 1858 717 Innocentii
1898 660 1948 717 X
1976 661 2223 717 datae'd·

325 761 480 814 tertia
503 759 654 828 maii,
681 759 995 831 annt1655,
1016 767 1069 816 et
1091 762 1447 817 constitutioni
1472 760 1766 816 Alemandri
1785 759 1880 818 VII
1897 745 2126 816 ctatae‘16
2153 778 2209 816 o
2238 798 2244 802 -

329 858 490 913 tob-ris
514 840 652 913 cimzo
683 857 855 932 1656,
888 858 1223 917 Summoruni
1246 860 1583 933 Pontificum,
1609 877 1693 915 me
1728 859 1977 932 subjicio‚·
2013 866 2064 915 et
2089 860 2249 939 quin-s¹

322 974 421 1030 que
446 959 834 1031 propositiones
851 975 917 1013 ex
942 957 1174 1015 Cornelii
1198 958 1436 1016 Jansenii
1469 960 1599 1015 libro
1627 961 1706 1015 oui
1728 975 1919 1015 nomen
1935 958 2247 1015 Aucusrmus-

324 1064 627 1130 eoecerptas,
666 1064 717 1112 et
749 1058 805 1112 in
830 1075 988 1114 sensu
1007 1059 1070 1114 ab
1103 1059 1286 1114 eodem
1314 1066 1529 1114 auctore
1549 1061 1777 1127 intent0,
1798 1065 1961 1132 prout
1985 1076 2081 1130 per
2112 1056 2234 1112 illas
2257 1070 2259 1078 ⁴

317 1158 610 1231 praedictas
661 1159 1061 1214 constitutiones
1103 1157 1265 1215 Sedes
1319 1158 1613 1232 apostolica
1670 1159 1972 1228 damnavit,
2030 1159 2234 1212 sincero

325 1258 503 1312 animo
527 1257 718 1313 clamno
743 1266 795 1314 et
820 1259 1028 1332 rejici0,
1061 1266 1111 1314 et
1135 1260 1211 1314 ita
1229 1260 1375 1332 juro.
1407 1256 1497 1313 Sic
1520 1275 1604 1312 me
1627 1256 1769 1332 Deus
1800 1257 2008 1330 adjuvet
2042 1262 2094 1311 et
2126 1255 2236 1310 haec

318 1364 502 1412 sancta.
534 1357 845 1430 Evanqelia.
892 1357 974 1414 Ibi
1007 1376 1142 1414 sane
1166 1356 1409 1431 exigitur
1432 1360 1642 1413 iuterna
1664 1359 1667 1363 ’
1688 1355 2024 1424 obedientia,
2063 1353 2238 1428 siqui·
2276 1422 2279 1429 Ι

325 1454 453 1511 dem
486 1455 727 1529 exigitur
767 1462 831 1513 ut
871 1456 1150 1513 damnatae
1183 1454 1594 1532 propositiones
1639 1454 1981 1510 damnentur
2005 1460 2059 1509 et
2094 1440 2234 1526 'reji-
2279 1494 2281 1499 .

327 1554 553 1612 ciantur
577 1558 782 1612 sincero
812 1559 1009 1613 aninw.
1036 1556 1274 1612 Proinde
1296 1555 1556 1630 rejicitur
1574 1571 1638 1610 ac
1660 1553 1968 1610 damnatur
1983 1551 2237 1608 doctrina
2276 1590 2287 1626 3

321 1671 442 1726 quae
470 1661 621 1710 tenet
646 1660 935 1711 externam
963 1655 1246 1712 sufficere.
2070 1641 2074 1644 ⁴

393 1751 538 1805 Item
565 1754 926 1825 obsequiosum
954 1754 1219 1810 silentium
1249 1753 1533 1810 damnavit
1578 1753 1830 1810 Clemens
1853 1752 1939 1822 XI,
1966 1750 2235 1807 constitu·

319 1850 471 1908 tione
504 1851 719 1908 Vineam
746 1853 963 1909 Domini
982 1878 1000 1921 ;
1038 1854 1098 1909 in
1146 1857 1310 1930 cujus
1354 1854 1585 1910 exordio
1614 1854 1694 1910 sic
1726 1854 1910 1926 legere
1940 1856 2025 1907 est
2056 1872 2066 1903 z
2108 1850 2239 1908 Cum
2284 1854 2295 1902 :J

330 1954 548 2025 inquieti
584 1953 884 2012 homines...
933 1954 1119 2010 (locere
1155 1973 1262 2010 non
1301 1957 1407 2011 sint
1440 1956 1593 2009 veriti
1632 1954 1702 2008 acl
1733 1953 2078 2008 obedientium
2119 1967 2238 2006 cou-
2290 1995 2294 1998 .

323 2053 683 2108 stitutiouibus
725 2054 1027 2126 apostolicis
1063 2054 1292 2109 debitam
1332 2073 1437 2110 non
1469 2055 1669 2126 requiri
1700 2061 1758 2107 ut
1790 2054 1902 2125 quis
1928 2051 2238 2107 Janseuicmi
2288 2070 2290 2073 ·

326 2151 445 2207 libri
481 2170 689 2207 sensum
725 2154 779 2207 in
813 2155 1038 2226 quinque
1070 2156 1541 2227 propositionibus,
1579 2155 1799 2208 interius
1838 2160 1896 2208 ut
1939 2152 2239 2207 haereticum
2282 2183 2283 2186 =

322 2250 554 2319 damnet,
587 2252 680 2306 secl
714 2252 844 2306 satis
889 2270 1004 2307 esse
1040 2254 1086 2307 si
1118 2270 1180 2307 ea
1216 2253 1279 2307 (Ie
1304 2271 1363 2307 re
1405 2253 1789 2324 obsequiosum,
1830 2258 1887 2305 ut
1928 2257 2138 2321 vocant,
2167 2250 2239 2304 si·
2283 2235 2287 2245 ’

319 2348 537 2406 lentium
563 2358 917 2415 teneatur...,·
955 2352 1074 2406 hino
1101 2359 1177 2407 est
1199 2352 1335 2424 quod
1366 2369 1462 2406 nos
1490 2352 1559 2406 acl
1590 2357 1942 2424 opportunum
1966 2356 2017 2405 et
2042 2349 2240 2421 efficax
2289 2350 2294 2422 j

320 2457 427 2503 tani
455 2449 659 2504 eoeitioli
703 2451 881 2506 morbo
918 2451 1208 2507 remedium
1234 2451 1586 2507 adhibendum
1619 2451 1859 2518 excitati,
1896 2454 1999 2504 ete.
2035 2448 2099 2504 Et
2133 2447 2238 2504 sub
2283 2435 2302 2475 ⁷³

322 2546 494 2603 finem
531 2547 605 2604 ita
626 2549 1062 2622 pronuntiatur:
1086 2550 1197 2607 Hac
1224 2559 1411 2607 nostra
1429 2555 1683 2624 perpetuo
1724 2551 1954 2606 valitura
1989 2550 2239 2604 constitu·
2271 2532 2278 2617 ζΙ

337 2649 497 2716 tione,
538 2648 850 2704 obedientiae
897 2668 1014 2722 quae
1062 2652 1397 2724 praeinsertis
1443 2650 1747 2722 apostolicis
1782 2648 2282 2724 ¹constitutionibus«-

329 2743 570 2815 debetur,
600 2746 898 2818 obsequioso
923 2747 1014 2802 illo
1041 2748 1250 2803 silentio
1273 2749 1483 2803 minime
1507 2747 1779 2819 satisfieri,
1809 2746 1904 2802 sed
1929 2746 2238 2801 damnatum
2266 2798 2268 2803 .

334 2843 386 2896 in
434 2845 662 2914 quinque
709 2844 957 2915 praefatis
1003 2845 1449 2917 propositionibus
1497 2843 1813 2900 Janseniani
1852 2843 1969 2898 libri
2002 2859 2236 2911 sensum,

332 2957 482 3011 quem
508 2939 725 2995 illorum
758 2941 915 2996 verba
946 2959 1064 3015 prae
1098 2960 1154 2997 se
1179 2943 1378 3015 ferunt,
1407 2943 1469 2997 ab
1504 2943 1741 2997 omnibus
1775 2940 1970 2998 Christi
1999 2939 2254 3012 fidelibus⁴

324 3048 379 3094 ut
411 3041 734 3111 haereticum,
769 3059 876 3097 non
912 3059 1002 3098 ore
1023 3042 1214 3112 solunt,
1244 3043 1338 3098 secl
1361 3050 1412 3099 et
1438 3042 1594 3098 corde
1618 3042 1766 3114 rejici
1789 3059 1849 3098 ae
1877 3041 2123 3096 damnari
2149 3040 2255 3095 cle·-

323 3138 465 3207 bere,
497 3140 848 3211 declaramus,
880 3140 1228 3210 decernimus,
1258 3142 1582 3199 ordinamus.
2254 3212 2258 3220 ⁴
2300 3215 2302 3219 7

408 3237 666 3295 Advertat
689 3244 879 3296 autem
904 3239 1081 3297 lector
1108 3240 1310 3297 citatas
1342 3239 1639 3296 Alexandri
1666 3239 1752 3295 Vll
1777 3242 1829 3295 et
1852 3236 2155 3294 Clementis
2170 3233 2235 3290 XI

343 3336 770 3394 constitutiones
822 3337 891 3394 ab
928 3339 1236 3396 universali
1265 3339 1512 3396 Ecclesia
1545 3343 1798 3413 receptas
1819 3336 2025 3393 fuisse.
2058 3334 2230 3404 Unde,
2295 3406 2299 3409 ⁵

297 3424 300 3428 ’
339 3449 467 3486 cum
510 3434 578 3489 ab
613 3435 872 3510 ipsismet
913 3436 1182 3493 Gallicani
1213 3437 1532 3517 systematis
1564 3434 2080 3512 propugnatoribus
2103 3439 2231 3489 tan·
2252 3437 2286 3516 :2³

340 3545 510 3599 quam
533 3530 830 3592 infallibile
854 3536 1128 3593 habeatur
1145 3537 1293 3612 quod
1312 3537 1610 3594 definitum
1625 3542 1709 3592 est
1732 3532 2045 3590 aRomanis
2056 3514 2283 3604 Ponti-3?

334 3624 558 3698 ficibus,
574 3633 866 3694 accedente
883 3636 1056 3695 tacito
1071 3637 1329 3694 Ecclesiae
1353 3636 1691 3695 universalis
1717 3652 2017 3704 consensu,
2045 3636 2099 3688 et
2121 3629 2230 3685 duo
2241 3627 2306 3698 &ssi
