2262 3990
623 163 770 210 INDEX
796 161 950 212 luxu
981 156 1307 208 mmmmm!
1336 155 1568 204 camum.

1949 152 2036 200 717

319 268 379 310 vl.
405 267 518 311 Idem
538 266 692 310 evincit
708 265 922 308 silentium
941 263 1100 313 Donati,
1126 259 1391 304 Parmenlani
1406 262 1449 301 et
1469 255 1605 311 optati
1619 256 1860 316 lilevitani.
1875 287 1886 300 .
1944 253 2026 296 434

319 335 403 377 vll.
432 337 691 377 Praetensum
715 332 955 376 conflictum
993 331 1039 373 in
1072 330 1245 372 dubium
1268 326 1478 370 revocavit
1502 327 1541 367 S.
1560 318 1837 378 Augustinus.
1852 323 1910 365 Ex

375 413 474 455 quo,
494 413 577 443 non
597 413 734 450 venis,
750 400 824 443 sed
845 397 1000 453 potiori
1023 397 1124 451 iure
1144 393 1454 438 commentitius
1476 392 1549 434 ille
1574 390 1789 434 conflictus
1805 401 1910 433 cen-

366 468 519 511 sendus
534 473 596 510 est
605 487 1904 514 ..........................

322 535 425 578 VIII.
456 536 496 577 S.
527 536 798 588 Hieronymus
809 545 957 576 verum
973 531 1145 586 quidem
1158 530 1335 574 credidit
1347 528 1610 571 conflictum.
1636 528 1707 568 Ast
1728 525 1772 568 in
1790 536 1911 568 erro-

371 613 462 643 rem
481 612 578 642 eum
603 601 822 642 inductum
837 610 926 642 esse
946 598 1172 640 dicendum
1200 600 1262 638 est
1273 622 1906 639 .............

319 667 386 710 lx.
411 668 548 710 Totius
562 665 872 719 disceptationis
884 664 1094 707 conclusio
1102 689 1903 706 ................

265 736 291 790 g
309 733 347 780 7,
366 758 419 766 —
434 734 565 776 Etiam
581 734 623 774 in
639 731 855 786 hypothesi
874 731 987 784 quod
999 740 1148 772 revera
1161 728 1383 781 contigerit
1401 728 1538 770 dictus
1555 726 1786 775 conflictus,
1806 737 1912 779 pro·

321 804 420 844 hant
457 803 645 844 doctores
670 800 858 841 catholici
889 798 997 840 nihil
1031 810 1081 840 ex
1107 808 1157 839 eo
1186 795 1305 849 sequi
1333 800 1475 837 contra
1499 794 1674 837 Romani
1699 793 1912 836 Pontificis

316 872 542 923 primatum
565 874 612 925 et,
624 866 964 909 infallibilitatem
972 892 1905 908 ...................

217 935 306 977 Cu».
334 938 377 978 V.
395 960 447 967 —
465 937 613 978 Contra
642 932 813 976 Romani
833 931 1044 973 Pontificis
1066 930 1411 972 infallibilitatem
1434 930 1588 972 absone
1613 941 1783 983 prorsus
1803 928 1916 982 obji-

271 1004 385 1046 citur
411 1002 701 1046 condemnatio
723 999 879 1042 Galilaei
900 1003 942 1040 et
957 999 1228 1050 Copernicani
1258 987 1489 1051 systematis
1509 1009 1518 1037 :
1545 998 1647 1050 quin
1666 998 1806 1050 potius
1828 997 1918 1038 elu-

274 1077 342 1114 cet
361 1070 716 1125 quamplurimum
735 1079 785 1109 ex
808 1068 885 1108 hac
913 1066 1262 1108 condemnatione
1290 1066 1601 1108 infallibilitatis
1626 1065 1914 1118 praerogativa.

274 1137 298 1189 S
323 1137 363 1177 1.
387 1135 778 1175 —Praemittuntur
810 1133 1062 1173 documenta
1067 1160 1910 1177 .................

326 1204 620 1245 Documcntmn
646 1202 680 1242 Ι.
701 1222 754 1230 -
774 1200 992 1241 Decretum
1013 1199 1049 1239 S.
1077 1197 1417 1250 congregationis
1442 1198 1610 1244 Indicis,
1632 1197 1715 1238 diei
1740 1197 1764 1236 5
1779 1195 1919 1238 martii

381 1270 498 1318 1616,
526 1282 608 1322 quo
632 1268 818 1310 doctrina
844 1266 897 1308 de
925 1266 1161 1307 mobilitate
1184 1271 1311 1307 terrae
1339 1271 1381 1306 et
1410 1265 1702 1306 immobilitate
1724 1263 1822 1306 solis
1845 1264 1918 1306 de-

380 1339 534 1378 clarata
557 1342 620 1377 est
643 1336 743 1376 salsa
768 1339 809 1375 et
828 1334 980 1374 divinae
1005 1333 1232 1386 Scripturae
1258 1334 1430 1374 adversa
1437 1360 1912 1377 ..........

325 1407 617 1447 Documentum
643 1405 696 1445 ΙΙ.
718 1426 767 1436 -
784 1403 1005 1444 Decretum
1035 1403 1075 1443 S.
1110 1401 1453 1454 congregationis
1487 1400 1647 1442 Indicis
1674 1401 1773 1441 anni
1796 1399 1914 1446 1620,

381 1485 464 1525 quo
483 1477 601 1514 antea
622 1471 903 1525 proscriptum
922 1471 1052 1511 donec
1072 1469 1357 1522 corrigeretur
1377 1467 1587 1521 Copernici
1603 1479 1722 1520 opus,
1741 1468 1917 1520 permit-

378 1541 482 1581 titur
507 1552 604 1580 cum
628 1538 843 1580 nonnullis
865 1537 1215 1586 correctionibus;
1242 1536 1299 1578 ita
1328 1542 1374 1578 ut
1401 1541 1580 1588 systema
1607 1534 1823 1587 Copernici
1845 1547 1920 1576 ex-

379 1608 476 1660 poni
495 1612 619 1659 queat
637 1608 835 1659 tanquam'
857 1606 1107 1659 hypothesis,
1127 1617 1210 1647 non
1232 1611 1373 1646 autem
1397 1610 1594 1656 tanquam
1610 1615 1756 1645 verum
1772 1608 1813 1645 et
1833 1615 1923 1645 cer·

377 1680 470 1716 tum
490 1674 746 1727 propugnari
755 1699 1914 1716 .......................

327 1744 620 1784 Documentum
647 1742 720 1783 ΙΙΙ.
742 1763 791 1772 -
814 1740 980 1781 Litterae
1004 1737 1233 1780 Cardinalis
1261 1739 1299 1779 S.
1328 1737 1530 1790 Onuphrii
1555 1737 1604 1777 ad
1629 1737 1919 1790 inquisitorem

379 1810 588 1858 Venetum,
611 1809 765 1861 quibus
784 1809 823 1849 ei
842 1807 1060 1849 denuntiat
1086 1806 1406 1847 condemnatum
1432 1804 1565 1845 fuisse
1588 1805 1818 1846 Galilaeum.
1851 1834 1863 1845 .
1903 1835 1913 1844 .

326 1879 622 1919 Documentum
650 1878 670 1917 1
677 1877 715 1917 V.
733 1899 786 1906 —
801 1875 1010 1916 Sententia
1026 1873 1246 1915 tribunalis
1260 1872 1539 1925 inquisitionis
1558 1871 1604 1911 in
1620 1871 1851 1919 Galilaeum,
1874 1875 1921 1911 et

381 1944 539 1984 Galilaei
563 1941 781 1994 abjuratio,
806 1941 857 1981 22
876 1940 985 1992 junii
1005 1938 1111 1979 1655
1116 1968 1914 1982 ................

326 2012 621 2052 Documentum
655 2009 695 2049 V.
714 2031 767 2039 —
782 2008 1031 2058 Excerptum
1048 2018 1097 2046 ex
1113 2005 1297 2056 epistolis
1322 2004 1488 2044 Cartesii
1496 2035 1915 2047 .........

325 2075 620 2115 Documentum
643 2073 706 2112 VI.
731 2093 783 2100 —
806 2071 1014 2122 Scriptum
1039 2070 1085 2109 R.
1111 2069 1245 2109 Patris
1271 2068 1451 2116 Olivieri,
1488 2068 1759 2109 commissarii
1781 2069 1921 2110 Sancti

378 2139 529 2187 Officii,
545 2144 586 2179 et
603 2138 816 2189 praepositi
836 2137 1044 2188 generalis
1064 2136 1445 2183 Dominicanorum,
1467 2136 1540 2175 ubi
1556 2141 1738 2176 testatur
1756 2136 1921 2178 decreto

379 2205 707 2255 Copernieanum
733 2209 908 2254 systema
939 2202 1233 2244 condemnanti
1262 2212 1344 2241 non
1369 2201 1592 2242 accessisse
1616 2201 1788 2242 Romani
1814 2201 1924 2243 Pon—

382 2271 505 2311 tificis
532 2269 870 2321 approbationem
875 2297 1918 2313 .....................

328 2341 623 2380 Documentum
655 2339 734 2379 VII.
758 2360 811 2367 —
829 2336 1026 2388 Excerpta
1047 2348 1070 2377 e
1095 2335 1345 2384 Caramuele,
1373 2335 1529 2376 Galilaei
1555 2346 1693 2376 coaevo
1699 2367 1915 2379 .....

328 2408 623 2448 Documentum
648 2406 750 2449 VIII.
770 2429 823 2436 —
842 2404 1013 2456 Epistola
1042 2404 1175 2444 Patris
1199 2403 1318 2443 Fabri
1338 2402 1523 2452 Jesuitae,
1557 2414 1684 2455 quam
1705 2402 1806 2444 actis
1829 2404 1920 2445 suis

380 2475 557 2516 inseruit
580 2473 798 2514 Academia
827 2472 944 2524 regia
959 2472 1129 2523 Angliae,
1160 2482 1266 2512 anno
1284 2470 1400 2519 1665,
1438 2475 1482 2510 et
1514 2482 1640 2523 quam
1670 2471 1773 2512 citat
1799 2472 1919 2513 theo·

380 2542 504 2593 logus
532 2542 674 2581 Amort
679 2567 1913 2583 ........................

331 2610 624 2650 Documentum
651 2609 720 2649 IX.
739 2630 791 2637 —
812 2607 1010 2658 Excerpta
1034 2617 1057 2647 e
1078 2605 1245 2657 scriptis
1267 2604 1424 2646 domini
1449 2605 1537 2646 Biot
1544 2636 1913 2650 ........

383 2677 498 2717 Nota.
526 2698 577 2705 —
599 2675 655 2716 De
689 2675 822 2728 Opere
857 2673 1015 2715 Galilco
1047 2686 1069 2712 e
1099 2672 1419 2726 l'Inquisizione,
1458 2676 1627 2713 auctore
1654 2671 1808 2713 Marino
1834 2672 1917 2713 Ma-

436 2755 518 2783 r1n1
525 2770 1913 2786 ............................

280 2811 304 2863 g
328 2809 650 2851 2.—Romanus
674 2810 861 2850 Pontifex
888 2820 972 2850 non
997 2809 1187 2861 loquitur
1205 2821 1256 2848 esc
1279 2806 1496 2854 cathedra,
1522 2819 1598 2848 seu
1619 2806 1919 2857 infallibiliter,

331 2889 406 2929 per
432 2877 696 2918 definitiones
722 2876 971 2929 dogmaticas
1007 2876 1282 2918 cardinalium
1314 2876 1451 2916 Sancti
1484 2874 1632 2922 Officii,
1659 2873 1739 2915 nisi
1769 2886 1838 2915 eas
1861 2875 1921 2915 sa—

333 2945 414 2985 ciat
440 2954 549 2991 suas,
585 2943 705 2984 editis
737 2945 789 2985 ad
812 2945 892 2985 hoc
934 2943 1088 2985 litteris
1118 2943 1359 2990 Pontificiis,
1400 2940 1485 2982 sive
1523 2941 1671 2982 saltem
1699 2941 1920 2983 accedente

334 3011 464 3062 ipsius
498 3010 809 3051 confirmatione
843 3015 916 3051 aut
939 3009 1107 3062 speciali
1134 3010 1329 3050 mandato
1333 3038 1915 3054 ............

283 3080 408 3131 Prop.
430 3079 478 3118 [¹.
502 3078 771 3117 -Romanus
792 3077 978 3118 Pontifex
1002 3089 1087 3118 non
1106 3077 1252 3119 definit
1270 3089 1319 3118 ex
1341 3077 1553 3126 cathedra,
1571 3088 1649 3117 nec
1669 3076 1843 3128 proinde
1859 3077 1923 3117 in·

332 3145 581 3192 fallibiliter‚
599 3144 678 3184 nisi
702 3144 790 3196 ipse
818 3155 892 3195 per
915 3143 1097 3196 propriae
1122 3156 1208 3186 suae
1240 3145 1390 3185 mentis
1414 3148 1554 3185 actum
1570 3143 1727 3195 judicet
1747 3155 1794 3185 ac
1817 3155 1920 3197 pro-

337 3211 499 3252 nuntiet
504 3239 1915 3255 ............................

284 3282 410 3333 Prop.
438 3281 510 3320 112.
534 3301 587 3309 —
610 3279 815 3319 Romanus
842 3278 1024 3319 Pontifex
1058 3290 1133 3330 per
1166 3279 1348 3336 propriae
1377 3290 1464 3320 suae
1494 3278 1647 3320 mentis
1679 3283 1823 3320 actum
1843 3279 1921 3320 de-

335 3346 428 3388 finit
449 3358 496 3386 ac
515 3343 770 3396 pronuntiat,
788 3344 952 3395 quando
975 3345 1016 3386 id
1044 3345 1155 3398 quod
1179 3358 1205 3386 a
1226 3345 1507 3388 cardinalibus
1523 3346 1659 3387 Sancti
1685 3345 1818 3388 Officii
1842 3347 1919 3388 de-

339 3413 504 3453 finitum
527 3416 606 3459 est,
625 3411 711 3463 ipse
731 3422 805 3463 per
826 3410 1058 3453 Pontificias
1075 3412 1232 3454 litteras
1249 3412 1394 3453 definit
1408 3424 1455 3454 ac
1472 3414 1695 3455 tenendum
1712 3413 1919 3467 praecipit;

337 3479 438 3520 item
462 3478 626 3530 quando
656 3477 820 3518 decreta
841 3478 1073 3531 dogmatica
1094 3479 1380 3520 Cardinalium
1411 3480 1641 3531 confirmat;
1670 3492 1719 3522 ac
1751 3480 1919 3522 demum

338 3545 504 3598 quando
535 3546 699 3588 decreta
724 3544 814 3587 haec
836 3555 888 3587 ex
907 3545 1079 3598 speciali
1101 3545 1229 3598 ipsius
1253 3546 1451 3589 mandato
1481 3547 1764 3600 publicantur.
1800 3577 1815 3592 .
1849 3578 1862 3592 .
1903 3579 1915 3592 .

1960 455 2038 499 ⁴55

1962 591 2040 633 439

1961 657 2037 700 441

1964 860 2042 902 442

1969 1126 2044 1168 447

1972 1330 2048 1372 447

1974 1667 2051 1710 448

1972 1803 2050 1844 450

1973 1935 2051 1976 451

1977 2002 2052 2044 458

1975 2267 2053 2309 459

1974 2335 2048 2378 461

1973 2538 2051 2579 465

1972 2605 2049 2646 466

1973 2740 2049 2782 468

1975 3009 2052 3051 468

1974 3210 2051 3253 469

1975 3547 2052 3588 470
