2262 3990
253 165 341 210 652
922 150 1219 198 TRAGTATUS
1247 150 1316 198 DE
1345 150 1474 198 PAPA
1483 185 1496 198 .

254 275 404 328 rent.
421 268 586 325 Plena
607 267 797 319 autem
818 277 934 316 non
961 264 1047 316 est
1067 263 1313 334 potestas
1339 277 1451 332 qua
1472 262 1644 334 major
1669 261 2009 348 daripotest.
2029 265 2164 334 Item

2206 181 2217 195 2
2204 135 2224 143 ,2
2167 0 2233 117 2³:53

253 380 554 439 supremam
587 359 881 435 regiminis
915 363 1386 435 potestatem-non
1414 359 1605 429 habet,
1640 360 1740 432 qui
1769 362 2044 436 superiori
2074 385 2202 440 po„

257 460 446 519 testati
486 460 810 534 subjicitur,
848 459 990 534 Papa
1015 463 1204 514 autem
1247 456 1622 532 subjiceretur
1665 458 1850 515 altiori
1892 464 2199 543 potestatig„

252 579 456 637 nempe
485 559 737 635 generali
769 557 1028 616 concilio·

328 661 489 718 Nota.
528 660 680 716 Idem
714 658 971 732 sequitur
1014 675 1080 714 ex
1122 675 1186 714 eo
1226 656 1375 731 quod
1410 657 1569 733 Papae
1599 663 1876 733 competat
1903 659 2089 734 plenus
2113 669 2164 725 et
2205 645 2216 659 ⁴

247 780 481 818 summus
514 758 928 835 jurisdictionis
965 758 1245 834 primatus
1281 777 1382 815 seu
1422 757 1775 834 principatus
1811 762 1866 816 in
1897 764 2169 820 universa--

249 862 352 917 lem
397 861 707 926 Ecclesiam,-
758 860 908 934 quod
950 877 1115 916 nemo
1156 859 1469 915 catholicus
1503 865 1688 932 negat.
1725 859 2022 916 Enimvero
2059 879 2164 918 ma-

239 963 416 1034 jorem
464 966 516 1016 et
564 960 809 1016 altiorem
859 957 1277 1033 jurisdictionis
1319 957 1630 1033 primatum
1684 958 1851 1014 habet
1893 959 2058 1033 Papa,
2111 960 2206 1022 in*

248 1058 544 1134 hypothesi
587 1058 735 1132 quod
790 1057 1029 1114 concilio
1074 1051 1189 1112 non
1231 1056 1586 1131 subjiciatur.
1629 1057 1805 1130 Igitur
1845 1057 1891 1112 si
1935 1057 2164 1116 concilio

244 1157 579 1232 subjiciatur
622 1163 676 1213 et
719 1157 786 1212 ab
827 1175 894 1227 eo
934 1155 1180 1230 judicari
1225 1161 1279 1212 et
1320 1155 1525 1230 deponi
1568 1156 1767 1230 possit,
1817 1173 2164 1231 nequaquam

246 1259 415 1314 habet
454 1259 665 1332 plenum
705 1262 753 1310 et
793 1274 1050 1311 summum
1091 1255 1497 1331 principatum.
1532 1255 1812 1312 Praeterea
1854 1273 1969 1310 non
2011 1256 2168 1314 habet
2225 1319 2240 1334 ⁶

243 1357 408 1413 illum
458 1357 689 1431 plenum
725 1354 1141 1428 jurisdictionis
1188 1355 1496 1431 primatum
1549 1355 1607 1409 in
1656 1357 1960 1411 ‘etniversam
1997 1354 2168 1412 Eccle-

245 1458 410 1524 siam,
462 1455 507 1510 si
551 1473 682 1510 eum
730 1471 844 1510 non
880 1454 1079 1511 habeat
1111 1455 1169 1509 in
1212 1453 1554 1529 praecipuam
1596 1460 1647 1510 et
1692 1453 2030 1509 nobiliorem
2074 1455 2167 1512 Ec-

250 1555 434 1611 clesiae
483 1560 731 1631 partem,
787 1554 844 1610 id
903 1561 1020 1624 est,
1076 1554 1135 1610 in
1191 1553 1492 1629 Episcopos
1546 1553 1924 1609 conciliariter
1977 1554 2170 1610 coadu-

247 1661 428 1711 natos,
473 1655 593 1722 Alia
643 1655 821 1710 multa
879 1654 1230 1728 probationis
1286 1653 1471 1710 inedia
1515 1653 1857 1709 omittimus,
1905 1653 2020 1709 Stat
2048 1671 2169 1727 ergo

255 1754 563 1830 propositio
598 1755 659 1820 1³,
703 1755 961 1812 videlicet
993 1756 1198 1830 Papam
1232 1773 1344 1810 non
1371 1772 1532 1828 posse
1561 1753 1823 1827 judicari,
1859 1772 1958 1810 nec
1986 1753 2171 1828 puniri

252 1870 354 1908 nec
393 1853 594 1926 deponi
629 1853 696 1908 ab
728 1853 846 1907 ullo
883 1852 1144 1908 concili0.

330 1952 616 2006 Pnorosmo
643 1951 728 2006 11²¹.
755 1984 823 1991 -
859 1951 1040 2006 Potest
1071 1952 1221 2023 Papa
1257 1953 1529 2024 cujuslibet
1568 1952 1769 2007 concilii
1801 1953 2001 2025 judicia
2033 1952 2174 2025 judi-

253 2068 373 2105 care
403 2068 462 2105 ar
488 2050 810 2105 rescindere.
833 2050 973 2104 -10
999 2049 1293 2123 Repugnat
1325 2069 1354 2106 a
1377 2049 1598 2104 Christo
1618 2050 1979 2105 constitutam
2001 2050 2175 2105 fuisse

249 2148 307 2203 in
345 2147 587 2203 Ecclesia
624 2147 909 2222 duplicem
952 2147 1283 2222 judicialem
1334 2154 1670 2222 potestatem
1709 2149 1979 2222 aequalem
2023 2153 2076 2203 et
2109 2150 2174 2204 ab

250 2247 491 2303 invicem
535 2246 1033 2321 independentern.
1090 2246 1149 2301 Id
1198 2246 1480 2320 siquidem
1530 2248 1679 2303 idern
1723 2254 1808 2304 est
1849 2266 1909 2304 ac
1955 2247 2171 2304 nullam

248 2345 613 2402 constituere.
651 2345 807 2409 Quod
835 2346 984 2401 enim
1011 2345 1322 2419 judicasset
1349 2364 1480 2416 una,
1510 2353 1696 2421 posset
1728 2347 1924 2411 altera,
1960 2351 2174 2402 contra·
2231 2370 2236 2374 ·

247 2445 483 2502 dictorie
522 2446 848 2520 judicando,
885 2446 1174 2520 abrogare.
1220 2446 1458 2502 Proinde
1498 2446 1712 2502 subditi
1743 2465 1846 2502 nec
1877 2446 2045 2519 hujus
2070 2464 2168 2503 nec

186 2591 190 2595 .
245 2542 402 2599 illius
423 2544 638 2617 judicio
666 2544 1213 2617 constringerentur.
1241 2545 1418 2618 Igitur
1448 2545 1750 2601 indubium
1785 2551 1866 2602 est
1895 2544 2170 2601 Christum

244 2643 332 2698 vel
368 2643 572 2717 Papam
606 2644 870 2714 concilio,
900 2645 987 2700 vel
1031 2644 1270 2700 concilio
1299 2645 1513 2719 Papam
1555 2645 1878 2719 subjectum
1904 2643 2164 2700 voluisse.
2242 2696 2246 2700 .

241 2740 369 2807 Sed,
417 2759 481 2797 ex
522 2743 864 2815 praecedenti
910 2742 1317 2818 propositione,
1366 2761 1482 2798 non
1522 2742 1760 2817 subjecit
1798 2742 2002 2818 Papam
2043 2759 2167 2798 con-
2230 2813 2231 2816 Ἴ

239 2841 399 2910 cilio;
454 2859 584 2915 ergo
631 2842 788 2916 Papae
831 2842 1138 2899 concilium
1184 2843 1445 2916 subjecit.
1476 2877 1547 2884 —
1582 2844 1637 2898 2⁰
1677 2843 1903 2898 Certum
1944 2849 1997 2898 et
2033 2839 2165 2915 ipsis

239 2940 408 2996 etiam
450 2941 786 2998 adversariis
815 2941 1203 2996 indubitatum
1233 2946 1334 3006 est,
1372 2960 1534 3015 posse
1559 2942 1764 3016 Papam
1796 2940 2162 2997 conciliorum

234 3039 639 3112 particularium
684 3036 900 3113 judicia
943 3038 1203 3113 judicare
1242 3057 1304 3095 ac
1346 3039 1684 3096 rescindere.
1731 3040 1900 3094 Porro
1943 3037 2162 3094 aliunde
2234 3038 2242 3095 ς’

228 3138 509 3211 judicium
539 3139 817 3212 generalis
852 3138 1100 3204 concilii,
1150 3140 1196 3195 si
1230 3157 1463 3195 assensu
1494 3140 1650 3213 Papae
1678 3141 2018 3210 careat,-hoc
2043 3138 2160 3212 ipso
2189 3185 2191 3187 .

238 3238 706 3294 oecumenicitatis
733 3239 848 3295 vim
872 3256 986 3294 non
1015 3238 1203 3294 habet.
1229 3239 1439 3314 Nempe
1465 3238 1794 3304 concilium,
1826 3237 1956 3294 licet
1982 3233 2158 3310 quoad

236 3342 434 3393 Cretera
488 3337 696 3412 quibus
733 3338 877 3412 Papa
915 3355 1258 3394 consensum
1296 3338 1551 3413 praebuit,
1611 3337 1683 3393 sit
1719 3336 2150 3398 oecumenicum,

233 3449 344 3488 non
371 3442 554 3492 tamen
592 3426 1009 3493 oecumenicum
1040 3442 1124 3494 est
1157 3437 1338 3511 quoad
1369 3437 1661 3493 decretum
1695 3455 1724 3492 a
1758 3436 1899 3510 Papa
1923 3453 2036 3490 non
2061 3451 2152 3506 ap-
2235 3422 2262 3462 ³⁵

233 3532 554 3602 probatum.
584 3536 640 3590 Id
677 3536 1040 3611 probavimus
1080 3555 1251 3613 supra
1289 3537 1563 3612 (sectione
1593 3537 1656 3602 ll,
1695 3536 1874 3611 capite
1909 3555 1994 3599 vu,
2030 3551 2152 3607 pro-

167 3666 172 3671 .
235 3626 511 3699 positione
538 3631 622 3704 1³).
658 3634 796 3706 Ergo
822 3635 987 3710 Papa,
1013 3653 1356 3692 consensum
1389 3634 1734 3707 denegando,
1764 3633 1944 3689 facere
1969 3633 2149 3707 potest

1422 3965 1430 3973 .

1434 3897 1479 3978 -ffaete'ssl'
