2306 4010
810 224 936 273 PARS
966 220 1206 270 SECUNDA.
1871 211 1967 258 215

70 334 387 417 provinciae,
422 333 712 408 ipsiusque
757 330 1205 389 auctoritatatem
1238 328 1532 401 respuant,
1565 324 1752 378 actum
1779 323 1870 376 est
1886 316 1956 375 de

10 434 14 438 ’
68 450 238 507 regno
274 430 370 486 illo
417 434 690 503 quatenus
741 426 1124 498 monarchicO,
1150 430 1215 481 ut
1245 426 1417 499 patet.
1456 418 1724 477 Similiter
1745 414 1954 492 periret

61 527 307 588 Ecclesia
339 524 563 594 Christi,
592 525 662 595 si,
695 524 784 581 vel
810 524 978 580 unico
1012 527 1318 589 momento,
1349 520 1482 576 dum
1515 515 1649 574 vivit
1673 517 1795 590 ejus
1819 512 1954 586 legi-

69 629 267 686 timum
292 629 456 699 caput
484 622 768 678 Romanus
806 612 1081 688 Pontifex,
1125 619 1525 692 Episcoporum
1556 611 1808 670 collectio
1856 609 1963 666 ad·-

74 743 261 784 versus
292 741 419 780 eum
460 720 794 793 insurgeret,
833 723 886 775 et
914 717 1036 790 ejus
1063 715 1383 771 auctoritati
1420 733 1540 771 sese
1567 712 1947 769 subtraheret.

73 826 206 882 Cum
225 839 348 896 ergo
370 819 688 892 contingere
718 821 959 890 nequeat
985 820 1048 871 ut
1077 819 1248 888 port-re
1284 812 1450 867 inferi
1477 813 1743 868 adversus
1771 808 1955 865 Eccle-

73 923 212 980 siam
242 919 433 977 Christi
459 916 813 993 praevaleant,
856 930 956 970 nec
1006 910 1328 982 contingere
1373 925 1626 980 unquam
1666 911 1845 980 potest
1894 911 1956 961 ut

73 1011 720 1094 Episcoporumssolleetio
747 1028 866 1067 sese
891 1027 920 1064 a
937 1009 1182 1064 Romano
1207 1003 1467 1060 Pontitiee
1494 1001 1721 1057 dividat.

142 1115 202 1171 ΙΙ.
238 1114 453 1170 Falsum
488 1113 651 1168 etiam
688 1115 770 1166 est
799 1105 1242 1164 adversariorum
1284 1100 1626 1176 principium
1662 1098 1956 1172 posteriori

73 1230 234 1271 sensu
276 1212 643 1279 intellectum,
692 1206 946 1264 videlicet
976 1225 987 1257 :
1019 1222 1128 1260 non
1170 1202 1415 1258 residere
1464 1197 1952 1264 infallibilitatem,

72 1329 249 1384 neque
274 1312 332 1366 in
368 1310 483 1366 solo
525 1308 702 1381 capite
741 1306 988 1361 Romano
1029 1302 1290 1358 Pontitiee
1317 1306 1442 1355 ante
1469 1296 1955 1372 supervenientem

74 1407 315 1481 corporis
338 1406 738 1480 Episcoporum
758 1407 1118 1467 eonsensum,
1142 1414 1323 1470 neque
1340 1396 1397 1449 in
1429 1395 1544 1449 solo
1564 1410 1791 1466 corpore
1808 1393 1960 1466 Epis-

80 1516 334 1574 coporum
373 1503 584 1573 absque
633 1515 863 1554 assensu
898 1494 1093 1568 eapitis
1126 1512 1224 1549 seu
1265 1491 1498 1546 Romani
1533 1489 1828 1564 Episcopi3
1865 1487 1958 1542 sed

82 1595 138 1649 in
163 1580 394 1668 utroque
419 1597 611 1665 simul,
635 1595 690 1649 id
720 1599 796 1648 051
812 1593 902 1660 ,-in
923 1589 1207 1646 communi
1233 1587 1530 1660 utriusque
1547 1586 1778 1662 judicio.
1804 1586 1961 1640 Hune

77 1694 432 1765 posteriorem
453 1712 701 1763 sensum,
719 1693 875 1766 juxta
900 1707 1065 1762 quem
1093 1687 1433 1762 principium
1453 1705 1620 1742 suum
1646 1684 1961 1756 intelligere
1985 1739 1995 1752 ,

0 1811 1 1865 ;
75 1791 248 1846 solent
274 1792 537 1848 Gallicani
564 1789 879 1866 systematis
904 1794 1362 1861 propugnatores,
1394 1786 1467 1840 ita
1498 1781 1798 1838 declaravit
1822 1780 1954 1836 Bos-

73 1885 283 1941 suetius
315 1888 368 1941 in
392 1905 643 1944 sermone
670 1888 734 1941 de
754 1885 958 1942 Uuitate
981 1904 990 1937 :
1018 1883 1133 1937 «Le
1154 1881 1483 1952 Saint-Siege
1501 1878 1953 1952 principalement,

71 1990 121 2037 et
151 1982 199 2038 Ie
226 2002 372 2057 corps
407 1986 469 2039 de
505 1977 823 2056 I'Episeopat
852 1984 940 2036 uni
978 1985 1007 2035 ὰ
1033 1999 1125 2036 son
1153 1981 1290 2051 chef,
1318 1979 1451 2035 e’est
1481 1980 1551 2034 ou
1590 1978 1628 2032 il
1658 1977 1773 2032 faut
1800 1983 1955 2031 trou-

69 2099 162 2137 ver
190 2081 239 2138 10
261 2083 417 2156 depot
449 2082 587 2137 dela
608 2081 855 2137 doctrine
886 2079 1321 2152 eeclesiastique,
1344 2078 1551 2133 eonfiee
1581 2095 1686 2132 aux
1711 2065 1954 2149 Eveques

70 2194 170 2249 par
195 2176 275 2231 les
312 2182 529 2250 apotres
555 2198 567 2246 3
597 2195 691 2231 ear
717 2179 845 2231 c'est
878 2180 909 2229 ὰ
930 2184 1059 2230 cette
1090 2177 1241 2229 imite'
1266 2174 1404 2244 qu'il
1435 2178 1515 2227 est
1543 2173 1622 2227 dit
1650 2192 1659 2223 ε
1688 2173 1790 2235 Qui
1816 2190 1951 2228 vous

72 2274 264 2327 ecoute
295 2274 593 2339 in’eeoute3
629 2280 682 2327 et
712 2290 946 2326 encore:
974 2272 1070 2325 Les
1094 2277 1281 2343 portes
1314 2271 1381 2324 ‹le
1403 2270 1598 2324 l’enfer
1631 2288 1699 2325 ne
1722 2274 1954 2342 prevau-

78 2366 238 2421 dront
283 2384 377 2439 pas
419 2373 606 2420 contre
646 2367 783 2431 elle3
823 2372 874 2421 et
909 2383 1106 2421 encore
1141 2386 1151 2417 :
1181 2366 1324 2420 Vous
1361 2369 1471 2420 eles
1507 2365 1557 2419 la
1601 2365 1841 2420 luiniere
1878 2365 1954 2419 du

81 2463 308 2529 monde,
343 2470 393 2519 01
419 2481 612 2519 encore
642 2486 652 2517 z
678 2463 902 2519 Dites-le
929 2466 957 2519 ἔ]
983 2452 1224 2535 l’Eglise,
1258 2469 1306 2518 et
1336 2463 1425 2518 s'il
1448 2465 1698 2518 n’ecoute
1728 2483 1826 2537 pas
1848 2454 1953 2518 PE-

77 2557 233 2630 glise,
253 2557 385 2630 qu'il
412 2577 544 2613 vous
567 2559 669 2613 soit
694 2576 909 2614 comme
931 2576 1007 2612 un
1036 2559 1206 2630 gentil
1233 2565 1279 2613 et
1310 2576 1385 2612 un
1405 2558 1709 2632 publieain.
1739 2581 1764 2611 »
1785 2560 1950 2613 Porro

74 2653 151 2710 sic
193 2654 527 2711 intellectum
573 2655 910 2729 principium
948 2674 1175 2730 prorsus
1219 2674 1515 2711 erroneum
1556 2663 1659 2712 051.
1711 2658 1946 2728 Etenim,

72 2751 153 2807 vel
183 2751 479 2808 admittunt
501 2771 765 2824 nunquam
792 2755 1082 2825 0011111196ιέ
1096 2771 1249 2826 posse
1273 2759 1333 2808 ut
1351 2754 1491 2826 Papa
1514 2761 1682 2823 erret,
1706 2755 1942 2810 seorsim

73 2847 331 2905 deliniens
359 2849 565 2922 absque
604 2868 831 2924 corpore
868 2849 1285 2925 Episcoporum,
1317 2857 1365 2906 01
1399 2851 1645 2907 vicissim
1686 2871 1948 2924 nimquam

76 2947 366 3016 continqere'
398 2964 549 3020 posse
592 2951 654 3002 ut
697 2965 899 3022 corpus
938 2947 1363 3022 Episcoporum,
1398 2949 1630 3004 seorsim
1676 2950 1945 3005 definiens

72 3037 279 3111 absque
304 3041 473 3116 Papa;
506 3043 589 3099 vel
614 3050 835 3100 econtra
874 3045 1173 3101 admittunt
1211 3045 1265 3100 id
1292 3049 1588 3117 continyere
1617 3065 1786 3117 posse.

148 3135 204 3192 Si
226 3139 392 3208 prins,
423 3138 524 3193 hoe
553 3139 670 3214 ipso
708 3140 1007 3198 admittunt
1034 3143 1487 3198 infallibilitatem
1515 3143 1746 3197 Romani
1764 3143 1946 3197 Ponti-

76 3231 191 3287 licis
205 3240 328 3288 ante
339 3237 808 3309 supervenientem
828 3237 1225 3313 Episcoporum
1244 3258 1578 3295 consensum
1603 3263 1611 3303 ;
1637 3257 1696 3293 ac
1714 3239 1945 3312 proinde

75 3328 176 3385 sibi
223 3331 624 3390 contradicunt.
672 3335 786 3391 lmo
826 3336 1086 3392 similiter
1142 3336 1446 3391 admittunt
1485 3336 1941 3398 infallibilitatem

73 3428 316 3501 corporis
342 3429 751 3505 Episcoporum,
780 3433 1012 3488 seorsim
1047 3451 1075 3487 a
1100 3434 1242 3506 Papa
1273 3432 1678 3490 definientium.
1706 3434 1765 3490 Si
1791 3435 1941 3491 enim

72 3536 326 3594 utinquam
356 3529 650 3600 continqere
670 3532 834 3602 possit
856 3536 912 3584 ut
931 3537 1091 3596 erret,
1117 3529 1227 3584 sive
1246 3528 1411 3603 Papa,
1430 3528 1542 3586 sive
1563 3548 1766 3607 corpus
1791 3533 1943 3609 Epis-

69 3633 349 3693 coporum,
381 3622 459 3680 sic
477 3626 709 3682 seorsim
734 3625 1023 3694 definienS,
1051 3625 1276 3699 utrique
1301 3626 1713 3688 infallibilitatis
1738 3650 1943 3706 praero·
