2306 4010
830 183 958 229 PARS
987 180 1204 230 SECUNDA
1214 219 1224 229 .
1912 182 1970 228 49

91 309 214 366 quae
234 290 400 348 titulo
425 307 680 358 onerose,
707 289 803 345 sed
828 289 998 346 etiam
1026 306 1151 362 quae
1174 306 1204 345 a
1223 293 1475 363 tempore
1498 287 1832 344 memoriam
1875 288 1973 343 ho-

93 389 309 445 minum
363 386 680 455 excedente,
726 386 1043 446 libertatem
1090 404 1246 442 suam
1311 384 1712 460 possedissent,
1763 383 1975 458 regalia

92 494 377 563 exemptas
408 505 548 543 esse.

170 607 195 638 ι(
218 586 372 640 Anno
399 582 564 651 1606,
590 601 718 639 eum
745 579 995 638 eamdem
1022 580 1241 652 regaliae
1261 581 1639 638 extensionem
1652 579 1793 654 regii
1820 579 1981 636 advo·

95 683 204 739 cati
251 686 533 754 urgerent,
579 678 647 734 ad
689 677 941 750 querelas
983 676 1237 732 Ecclesiae
1279 678 1565 735 Gallicanae
1614 678 1883 735 Henricus
1920 676 1982 731 lv

96 779 264 834 edixit
296 799 305 830 :
339 778 459 832 Suae
483 777 666 830 mentis
696 791 798 827 nou
832 791 966 843 esse,
994 781 1051 827 ut
1079 771 1224 827 ultra
1249 790 1442 828 morem
1468 783 1830 848 receptamque
1862 775 1984 830 hac-

99 886 242 933 tenus
270 873 686 931 consuetudinem
713 871 912 941 reyalia
943 871 1280 926 extendatur.

173 994 199 1025 «
226 967 563 1036 Ann01608,
592 968 858 1024 advocato
894 968 1120 1024 Servino
1159 966 1409 1023 eamdem
1440 968 1658 1040 regaliae
1689 969 1757 1023 ad
1792 985 1985 1024 omnes

95 1067 354 1124 ecclesias
376 1064 754 1120 extensionem
779 1070 1031 1136 urgente,
1061 1082 1091 1118 a
1117 1063 1264 1118 clero
1286 1063 1568 1119 Gallicano
1597 1063 1843 1137 repetitae
1861 1082 1989 1137 que-

95 1165 243 1235 relae,
276 1182 404 1220 suas
437 1162 823 1217 immunitates
859 1161 1036 1216 minui
1064 1161 1363 1217 clamante.
1404 1161 1466 1216 Et
1495 1161 1767 1217 Henricus
1795 1180 1988 1236 super-

97 1262 272 1320 sederi
294 1262 481 1336 jussit,
516 1278 857 1332 causamque
880 1260 1034 1315 adse
1058 1259 1320 1315 avocavit.

175 1383 200 1412 «
242 1361 396 1415 Anno
429 1359 596 1427 1658,
619 1358 882 1432 syndicus
916 1357 1292 1412 Ecclesiarum
1326 1357 1699 1414 Narbonensis
1739 1363 1791 1413 et
1832 1359 1988 1413 Tolo-

99 1477 242 1514 sanae
279 1457 495 1512 senatui
532 1456 680 1527 regio
711 1455 902 1510 titulos
939 1462 991 1510 et
1030 1455 1364 1510 documenta
1397 1455 1640 1523 exhibet,
1676 1456 1745 1510 ob
1775 1473 1898 1527 quae
1931 1455 1989 1509 in

100 1573 192 1611 eas
218 1554 486 1610 Ecclesias
513 1553 730 1608 nullum
753 1570 872 1606 esse
900 1550 1122 1623 regaliae
1146 1551 1331 1606 locum
1359 1552 1746 1621 contendebat;
1778 1557 1989 1626 protes-

100 1658 249 1707 tatus
282 1657 492 1718 tamen,
529 1667 596 1704 ne
628 1648 716 1704 hic
747 1654 926 1716 actUS,
964 1654 1015 1702 et
1047 1647 1342 1703 abundans
1380 1666 1480 1702 nec
1523 1647 1836 1703 neccssaria
1866 1665 1991 1720 pro-

102 1748 272 1817 bati0,
302 1747 481 1802 ullum
509 1746 576 1799 iis
608 1744 866 1799 Ecclesiis
891 1742 1279 1816 praejudicium
1312 1743 1558 1799 afferret.

179 1866 205 1895 «
228 1844 382 1897 Anno
415 1842 580 1910 1655,
608 1840 665 1895 in
690 1839 928 1895 comitiis
962 1839 1095 1894 cleri
1123 1839 1499 1910 generalibus,
1533 1839 1841 1912 Bosquetus
1867 1840 1987 1895 Gla·

100 1940 290 1997 nensis
315 1939 638 2013 EpiscopuS,
664 1944 717 1992 et
744 1938 920 1992 Marca
956 1937 1418 2011 Archiepiscopus
1445 1938 1772 2006 TolosanuS,
1801 1956 1988 1993 coram

100 2037 363 2093 Mazarino
410 2035 690 2091 Cardinali
730 2035 1009 2107 eleganter
1050 2034 1336 2107 solideque
1379 2035 1785 2110 exemptionem
1813 2035 1992 2091 Eccle-

103 2134 312 2189 siarum
354 2132 703 2206 Septimaniae
750 2131 1122 2203 aliarumque,
1171 2138 1223 2186 et
1263 2132 1489 2187 nomine
1524 2132 1657 2188 cleri
1702 2131 1990 2199 Gallicani,

103 2231 382 2305 prosecuti
403 2237 553 2285 sunt.

183 2330 385 2382 «Anno
427 2326 593 2393 1670,
638 2326 695 2379 in
723 2327 966 2380 comitiis
994 2326 1149 2395 cleri,
1189 2325 1651 2398 Archiepiscopus
1693 2325 1993 2379 Hebroma-

107 2425 294 2481 nensis
325 2441 420 2498 pro
449 2423 640 2478 eadem
670 2441 699 2477 a
727 2416 936 2494 regalia
969 2423 1321 2496 exemptione
1355 2421 1652 2493 insigniter
1678 2420 1994 2493 diffuseque

107 2521 405 2596 peroravit3
433 2520 665 2592 ejusque
698 2519 762 2574 de
790 2521 892 2574 hac
919 2538 977 2575 re
1006 2520 1319 2575 dissertatio
1364 2519 1424 2573 in
1464 2518 1597 2573 cleri
1638 2518 1882 2573 archivia
1913 2536 1996 2573 re-

106 2619 280 2693 posita
312 2623 414 2673 est.

185 2715 385 2770 «Anno
419 2714 586 2784 1682,
622 2714 702 2769 illi
744 2714 851 2788 ipsi
879 2714 975 2786 qui
1003 2713 1222 2786 regaliae
1245 2713 1722 2786 subscripserunt,
1758 2711 1816 2766 in
1844 2712 1993 2768 litte-

107 2814 184 2869 ris
224 2813 290 2868 ad
329 2812 712 2868 Innocentium
742 2812 1063 2867 Pontificem
1101 2811 1266 2878 datis,
1291 2811 1623 2884 profitentur
1655 2834 1664 2864 :
1698 2812 1765 2868 Se
1808 2815 1991 2868 timore

107 2914 338 2975 adactos,
383 2931 447 2967 ue
484 2914 758 2984 imperium
793 2918 842 2965 et
878 2911 1227 2966 sacerdotium
1261 2911 1650 2979 colliderentur,
1687 2910 1996 2965 iuidtorum—

110 3028 203 3081 que
228 3009 482 3064 mulorum
508 3027 620 3080 quae
652 3011 704 3062 iu
732 3007 1010 3062 Ecclesiam
1043 3016 1093 3061 et
1112 3007 1481 3079 rempublicam
1507 3010 1746 3079 consequi
1760 3015 1994 3079 possent,

102 3109 222 3178 jure
257 3125 347 3161 suo
379 3110 608 3174 cessisse,
652 3115 701 3161 et
732 3106 863 3161 illud
894 3109 946 3160 iu
987 3124 1158 3177 reyem
1195 3106 1491 3161 contulisse.
1540 3106 1800 3161 Fatentur
1841 3122 1992 3176 erge,

105 3204 198 3277 jus
213 3202 550 3277 percipiendi
566 3203 782 3259 fructus
811 3203 1128 3258 vacantium
1147 3203 1542 3270 Ecclesiarum,
1562 3200 1995 3274 conferendique

111 3299 397 3369 beneficia,
427 3299 492 3353 ad
532 3298 766 3368 clerum,
794 3318 904 3355 non
931 3301 998 3355 ad
1024 3317 1210 3371 regem
1243 3300 1544 3373 pertinere.
1575 3297 1834 3369 Alioquin
1864 3316 1998 3371 quo-

115 3397 275 3452 modo
296 3396 513 3452 cederet
542 3395 723 3450 clerus
753 3397 900 3467 quod
935 3396 1001 3451 ad
1032 3413 1161 3451 eum
1196 3413 1306 3449 non
1336 3395 1685 3468 pertinebat?
1713 3395 1996 3459 Quomodo

115 3496 170 3550 in
196 3512 380 3566 regem
407 3492 734 3549 transferret
764 3492 909 3563 quod
943 3492 1081 3547 alias
1111 3493 1178 3546 ad
1213 3509 1396 3565 regem
1425 3495 1733 3566 spectaret?

192 3613 218 3644 «
251 3591 495 3664 Denique
523 3590 581 3645 in
617 3591 759 3644 hanc
783 3595 1032 3645 nostram
1075 3588 1406 3644 sententiam
1438 3607 1629 3646 omnes
1671 3590 1785 3647 fere
1815 3590 1998 3647 Galliae

354 3700 405 3731 ιι.
1728 3687 1757 3730 4
