2306 4010
2229 0 2306 138 ῑῆεεέἑ

278 164 366 214 200
952 151 1247 203 TRACTA-TUS
1278 151 1345 199 DE
1374 150 1523 200 PAPA.

297 269 535 329 Romani
556 263 904 324 PontificiS...
934 276 1132 317 omnes
1163 257 1469 335 Episcopos
1491 279 1520 313 »
1551 247 2010 334 (in'Respousione
2026 279 2196 338 super

306 367 663 434 Nuntiaturis,
714 358 916 436 capitis
958 377 1029 428 1x,
1077 357 1323 415 sectione
1351 359 1396 430 l,
1422 357 1686 419 'numero
1732 358 1789 428 5,
1817 358 2020 433 pagina
2060 358 2228 437 500,ἓ

289 465 423 522 edit.
458 461 667 527 Romae,
697 454 891 530 1790).
921 455 1040 512 Non
1063 457 1354 529 subessent,
1383 456 1496 512 nisi
1530 473 1663 514 vere
1685 455 1914 513 obedire
1940 464 2222 515 tenerem.

207 588 209 590 ·
293 569 407 618 tur.
442 557 498 614 Si
526 557 595 612 ab
623 554 938 631 Episcopis,
969 573 999 611 a
1027 555 1245 614 fortiori
1278 562 1333 613 et
1357 574 1388 613 a
1423 556 1639 614 caeteris
1664 556 1926 613 omnibus
1951 573 2079 613 vera
2104 555 2140 612 d
2196 571 2205 576 ·
2285 606 2290 614 ,

291 661 458 716 betur
480 655 735 712 Romano
767 655 1018 712 Pontifici
1042 656 1110 714 de
1143 656 1278 727 fide,
1309 656 1635 715 moribusve
1657 662 1757 714 aut
1785 655 2086 732 disciplina
2110 673 2144 731 g

282 755 461 813 nerali
506 755 858 827 decernenti,
888 757 1239 815 obedientia.
2215 812 2218 831 ‚

356 855 413 911 2⁰
453 854 548 912 Sic
578 856 749 914 habet
784 856 942 914 bulla
977 858 1259 915 Auctorem
1289 859 1414 932 fidei
1448 848 1517 916 de
1545 865 1700 917 sexto
1731 878 1761 917 e
1804 857 2088 915 damnatis
2115 875 2199 934 sy-

297 955 431 1013 nodi
462 954 824 1014 pistoriensis
851 957 1105 1016 articulis
1137 982 1147 1014 :
1176 959 1489 1018 «Doctrina
1519 978 1631 1034 qua
1653 959 1952 1037 profitetur
1972 975 2202 1038 persua-

287 1073 416 1112 sum
444 1054 551 1112 sibi
582 1073 806 1128 esse...,
835 1057 1068 1134 perinde
1103 1076 1168 1115 ac
1206 1059 1254 1116 si
1292 1059 1360 1115 ad
1391 1060 1603 1116 bonum
1644 1059 1897 1134 regimen
1928 1058 2204 1132 cujusque

292 1155 550 1213 dioecesis
584 1157 916 1215 necessariae
937 1177 1052 1215 non
1078 1158 1193 1216 sint
1229 1160 1551 1235 superiores
1576 1158 2114 1230 ordinationeS,sive
2136 1155 2205 1213 ad
2246 1166 2250 1171 ’

300 1254 468 1313 fidem
495 1262 545 1312 et
578 1273 787 1328 moreS,
818 1258 935 1316 sive
970 1258 1039 1314 ad
1065 1259 1388 1334 generalem
1430 1259 1813 1336 disciplinam,
1846 1275 2091 1334 quarum
2111 1256 2204 1331 jus

297 1363 381 1413 est
415 1375 589 1433 penes
625 1359 887 1417 Summos
931 1359 1228 1417 Pontifices
1262 1366 1315 1417 et
1360 1361 1599 1419 concilia
1626 1361 1911 1436 generalia
1938 1378 2040 1436 pro
2079 1357 2206 1414 uni-

300 1472 460 1513 versa
491 1457 772 1526 Ecclesia;
810 1459 1191 1532 schismatica,
1227 1460 1297 1517 ad
1326 1461 1519 1518 minus
1547 1456 1817 1518 erronea.
1851 1482 1878 1514 »
1912 1459 2091 1533 Igitur
2118 1475 2210 1532 pe·

296 1574 395 1614 nes
424 1557 667 1616 Summos
690 1560 976 1634 Pontifices
1003 1567 1086 1618 est
1105 1562 1199 1636 jus
1221 1562 1615 1618 ordinationum
1637 1561 1788 1618 circa
1812 1559 2002 1631 fidem,
2028 1574 2210 1615 mores
2252 1622 2256 1627 ,

304 1663 358 1713 et
389 1660 708 1730 generalem
746 1660 1104 1738 disciplinam
1137 1681 1240 1738 pro
1277 1662 1539 1720 universa
1580 1662 1847 1719 Ecclesia.
1877 1659 1994 1717 Nisi
2020 1664 2209 1715 autem

303 1755 578 1830 ejusmodi
606 1761 1021 1818 ordinationibus
1050 1781 1178 1820 vera
1227 1763 1528 1820 deberetur
1565 1762 1903 1832 obedientia,
1927 1760 2022 1835 jus
2059 1757 2212 1816 istud

301 1874 414 1913 non
464 1858 642 1932 magis
677 1860 939 1919 existeret
976 1881 1147 1938 penes
1190 1862 1453 1920 Summos
1490 1863 1805 1934 PontificeS,
1837 1880 2006 1935 quam
2042 1876 2212 1936 penes

305 1955 605 2012 minimam
630 1958 914 2027 vetulam3
960 1978 1092 2016 nam
1139 1967 1193 2016 ct
1233 1961 1465 2018 cuilibet
1498 1959 1698 2018 vetulae
1747 1959 1992 2017 adscribi
2031 1962 2212 2033 potest
2252 1967 2254 1970 ’

294 2052 391 2127 jus
419 2054 694 2111 condendi
723 2055 946 2113 decreta
975 2057 1043 2114 de
1067 2057 1178 2115 fide
1219 2065 1273 2115 et
1299 2059 1575 2128 moribUS,
1603 2058 1912 2115 dummodo
1951 2057 2209 2127 addatur,

315 2151 535 2208 nullam
569 2154 648 2210 eis
677 2153 919 2210 decretis
945 2172 1045 2211 seu
1076 2156 1263 2231 potius
1294 2156 1686 2214 deliramentis
1714 2155 2093 2213 obedientiam
2123 2156 2216 2212 de·

219 2302 222 2304 ,
304 2249 446 2308 beri.
476 2250 768 2322 Praeterea,
800 2256 1116 2310 necessariae
1141 2254 1411 2310 dicuntur
1435 2253 1713 2328 ejusmodi
1739 2253 2122 2310 ordinationes
2147 2254 2215 2310 ad
2246 2309 2251 2316 ,

296 2347 486 2402 bouum
514 2350 761 2422 cujusque
786 2350 1026 2406 dioecesis
1055 2353 1303 2426 reyimeu.
1338 2351 1405 2408 At
1432 2350 1545 2407 nisi
1578 2369 1933 2426 unaquaeque
1957 2349 2216 2406 dioecesis

311 2447 398 2520 (ac
427 2446 665 2522 proinde
705 2466 903 2506 omnes
946 2449 1205 2527 Episcopi
1235 2469 1298 2507 ac
1332 2450 1525 2507 fideles
1546 2449 1756 2520 caeteri)
1784 2449 1854 2506 iis
1884 2448 2111 2506 obedire
2137 2455 2237 2505 te·
2265 2432 2267 2440 '
2296 2439 2297 2442 ¹

307 2554 558 2616 neretur‚
590 2566 704 2604 non
728 2553 1067 2623 necessariae,
1106 2550 1203 2609 sed
1231 2551 1464 2608 inutiles
1497 2550 1702 2622 forent,
1730 2556 1792 2606 ut
1824 2555 2000 2624 patet.
2283 2527 2295 2543 ’Δ

386 2647 442 2702 5⁰
479 2646 559 2702 Ita
598 2646 758 2704 docet
791 2649 921 2705 Pius
948 2650 1013 2705 vl
1050 2672 1060 2704 :
1101 2672 1128 2702 «
1164 2651 1385 2723 Vosque
1417 2649 1586 2706 etiam
1620 2655 1788 2724 atque
1822 2647 1993 2704 etiam
2027 2663 2220 2721 preca-

319 2759 473 2814 mur,
523 2747 588 2797 ut
627 2743 922 2801 veritatem
955 2764 983 2800 e
1017 2747 1282 2831 doymatis
1325 2747 1473 2817 sonte
1516 2744 1826 2820 profectam
1857 2749 1989 2800 ·toto
2030 2738 2231 2799 animo

310 2839 553 2916 amplexi
582 2858 684 2916 pro
710 2847 861 2899 certo
883 2843 1162 2915 habeatis,
1194 2843 1507 2920 primatum
1530 2846 1682 2901 hunc
1700 2842 1970 2900 divinitus
1991 2842 2217 2899 institu-

298 2945 524 3013 tum...,
561 2940 950 2999 auctoritatem
994 2961 1187 3000 secum
1221 2943 1370 3002 ferre
1404 2944 1687 3014 stabilem,
1730 2949 2085 3020 perpetuam,
2119 2961 2191 2999 uu
2213 2927 2227 2936 ¹*

306 3043 468 3098 meris
493 3044 730 3099 omuibus
749 3042 1069 3115 absolutam,
1097 3045 1387 3120 pascendi,
1403 3045 1632 3120 regendi
1647 3064 1710 3103 ac
1726 3043 2083 3120 gubernandi
2099 3049 2215 3100 tam

302 3140 556 3216 populos,
596 3161 767 3218 quam
796 3144 1139 3220 populorum
1168 3148 1313 3221 ipsos
1341 3156 1611 3221 pastores,
1663 3147 1876 3220 absque
1915 3144 2035 3228 ulla
2084 3161 2175 3201 cer

307 3242 582 3319 temporis
606 3243 1007 3302 constitutione
1035 3266 1062 3299 »
1097 3246 1176 3319 (in
1199 3246 1560 3322 Responsioue
1585 3247 1649 3303 de
1672 3245 2032 3315 Nuntiaturis,
2066 3240 2192 3318 capi

314 3337 388 3395 tis
432 3360 539 3411 vm,
577 3341 826 3400 sectione
850 3342 916 3415 Il,
945 3361 1182 3402 numero
1226 3345 1321 3416 25,
1352 3345 1553 3421 pagina
1591 3344 1722 3415 188,
1765 3344 1974 3413 Romae,
2015 3339 2185 3413 1790)

310 3434 366 3490 Si
395 3423 615 3511 legibus
643 3441 882 3500 Romani
905 3442 1190 3500 Pontificis
1228 3462 1358 3501 vera
1397 3443 1714 3512 obedientia
1745 3461 1859 3499 non
1893 3424 2210 3520 deberetur

263 3567 268 3570 -
307 3533 514 3592 falsum
539 3557 774 3612 prorsus
796 3541 939 3600 foret
972 3543 1151 3618 ipsius
1175 3543 1485 3620 primatum
1520 3539 1711 3601 secum
1738 3543 1886 3600 ferre
1914 3538 2185 3598 auctorita
2225 3537 2245 3626 ,⁴
2275 3588 2278 3600 ,

303 3636 419 3689 tem
445 3641 675 3695 numeris
702 3643 940 3698 omnibus
967 3644 1263 3701 absolutam
1295 3643 1561 3720 pascendi
1578 3649 1632 3701 et
1655 3641 1885 3718 regendi
1912 3649 2018 3697 tam
2042 3634 2222 3712 popu-'f
2276 3679 2278 3681 -

2298 2124 2306 2340 m—m—-‚
