2262 3990
281 156 371 204 442
963 145 1262 194 TRACTATUS
1292 145 1360 192 DE
1391 143 1536 193 PAPA.

359 264 418 320 4⁰
444 262 571 317 Post
596 247 898 327 Augustini
923 257 1203 328 tempora,
1231 251 1290 310 id
1319 258 1426 325 est,
1472 251 1680 310 saeculo
1706 255 1868 310 sexto
1890 259 1946 311 et
1965 271 2212 329 sequen·

281 361 460 427 tibus,
498 352 792 430 praevaluit
818 352 1050 427 quidem
1075 352 1415 427 generaliter
1439 352 1635 428 opinio
1660 370 1791 428 quae
1822 371 2017 412 veram
2048 371 2217 432 repu-

280 462 361 511 tat
400 452 539 510 dicti
583 451 882 509 conflictus
912 452 1238 510 historiam.
1283 453 1352 511 At
1386 470 1518 511 vero
1567 452 1852 529 ejusmodi
1909 452 2225 530 scriptores

279 551 617 608 auctoritate
642 551 830 625 quoad
855 551 1138 627 ejusmodi
1174 551 1390 610 factum
1417 557 1635 625 carent,
1666 555 1864 629 utpote
1886 551 1986 626 qui
2015 552 2086 610 ad
2103 554 2228 612 cri-·'·

281 650 392 707 sim
439 650 584 707 illud
626 668 741 708 non
787 658 1084 726 vocarunt,
1134 651 1234 710 sed
1259 651 1436 711 semel
1471 657 1759 729 receptam
1786 620 2229 729 persuasionem?

282 749 631 807 adnotarunt
658 769 722 808 ac
756 751 1226 810 transmiserunt.

358 851 416 908 5⁰
466 850 742 909 Remanet
785 853 1017 910 tandem
1071 853 1430 910 eruditorum
1481 853 1580 927 qui
1622 870 1743 910 rem
1790 852 1860 910 ad
1903 852 2098 910 crisim
2122 855 2223 918 'vo-³⁴,

281 957 485 1008 carunt
534 952 865 1010 auctoritas,
906 953 969 1009 Et
1024 955 1142 1010 haec
1193 953 1425 1028 quidem
1474 955 1588 1011 huc
1624 971 1807 1028 usque
1851 953 2216 1013 communius

282 1050 438 1108 stetit
484 1069 587 1127 pro
645 1052 969 1110 sinceritate
1009 1052 1482 1111 documentorum
1537 1053 1751 1110 dictam
1795 1054 2218 1112 contentionem

281 1150 641 1207 testantium.
673 1151 781 1208 Sed
810 1169 1109 1208 erroneam
1135 1170 1258 1209 esse
1285 1153 1454 1225 hanc,
1483 1153 1589 1210 etsi
1618 1154 1730 1211 huc
1751 1172 1936 1227 usque
1965 1171 2220 1210 commu-

283 1251 529 1321 niorem,
551 1251 909 1308 eruditorum
938 1251 1279 1308 sententiam
1306 1251 1486 1309 evinci
1509 1251 1903 1309 existimamus
1925 1269 2223 1326 argumen-

283 1354 475 1405 torum
507 1349 676 1418 serie,
711 1349 770 1404 in
803 1354 920 1405 tota
956 1350 1062 1406 hac
1096 1349 1508 1425 disceptatione
1542 1350 1944 1420 deductorum,
1982 1355 2036 1407 et
2061 1367 2091 1406 a
2118 1349 2219 1406 Re-

284 1444 696 1502 verendissimo
729 1446 945 1503 Tizzani
976 1448 1168 1524 (opere
1194 1448 1389 1523 citato)
1430 1448 1617 1505 fusius
1650 1447 2028 1505 evolutorum.

360 1536 539 1610 Igitur
567 1537 779 1594 factum
804 1539 1202 1615 Cyprianicum
1242 1549 1294 1599 et
1330 1541 1478 1599 dicta
1520 1540 1863 1597 documenta
1898 1543 2096 1596 contra
2119 1536 2239 1594 Ro·-

288 1635 443 1691 mani
465 1635 753 1694 Pontiticis
780 1638 1119 1712 primatum,
1164 1639 1418 1715 ipsiusve
1449 1638 1917 1696 infallibilitatem
1953 1640 2051 1693 aut
2085 1635 2220 1692 alias

287 1737 717 1810 praerogativaS,
750 1739 1173 1812 objicientibus,
1221 1740 1424 1798 merito
1459 1739 1837 1816 respondetur
1869 1760 1879 1792 ε
1907 1738 2054 1811 Nego
2090 1753 2219 1811 sup-

290 1836 567 1910 positum,
590 1837 647 1892 id
676 1844 783 1910 est,
807 1840 1112 1914 contigisse
1139 1847 1485 1917 praetensum
1514 1840 1864 1911 conflictum,
1895 1844 1950 1895 et
1979 1835 2221 1912 genuina

292 1949 417 1990 esse
436 1933 675 2007 allegata
694 1935 1058 1994 documenta.
1082 1937 1214 2002 Qua}
1230 1940 1525 2015 responsio
1538 1939 1775 2010 valeret,
1790 1936 2013 1995 etiamsi
2035 1935 2224 2011 probat

294 2032 414 2088 bilis
442 2038 668 2089 tantum
697 2035 979 2092 censenda
1010 2037 1176 2107 foret,
1198 2055 1373 2111 quam
1400 2042 1527 2113 post
1546 2036 1870 2093 Missorium
1905 2042 1960 2092 et
1985 2034 2225 2091 Molken-

299 2131 618 2187 hurhnium
656 2150 844 2208 nuper
876 2135 1255 2210 propugnavit
1284 2135 1811 2194 Reverendissimus
1854 2133 2088 2190 Tizzani.
2117 2133 2229 2206 Ego.

294 2229 822 2303 probabilissimam
857 2233 1058 2290 saltem
1091 2234 1374 2305 existimO,
1396 2241 1450 2292 et
1487 2252 1651 2311 spero
1684 2235 1804 2291 fore
1821 2239 1912 2303 ut,
1943 2233 2012 2290 ab
2037 2231 2227 2289 erudi·

294 2329 369 2387 tis
395 2329 605 2388 iterum
647 2331 716 2388 ad
749 2331 943 2389 crisim
970 2339 1185 2408 vocata,
1213 2352 1341 2392 vera
1363 2334 1599 2392 omnino
1623 2352 1686 2391 ac
1705 2339 1858 2391 certa
1884 2332 2218 2390 declaretur.

294 2554 318 2606 g
349 2552 388 2592 7.
409 2577 461 2585 -
481 2554 618 2596 Etiam
638 2555 683 2596 in
708 2555 930 2608 hypothesi
954 2555 1068 2608 quod
1089 2567 1237 2597 revera
1258 2556 1489 2613 contigerit
1512 2555 1652 2597 dictus
1671 2555 1907 2605 conflictus,
1931 2555 2109 2608 probant
2128 2554 2223 2612 doc«-⁴

349 2626 463 2664 tores
493 2623 690 2667 catholici
715 2624 826 2666 nihil
843 2636 895 2666 ex
914 2636 964 2668 eo
985 2625 1107 2678 sequi
1136 2630 1285 2668 contra
1307 2624 1484 2668 Romani
1507 2623 1723 2678 pontificis
1745 2624 1982 2686 primatum
2003 2626 2044 2664 et
2067 2618 2224 2665 insani«

350 2688 576 2731 bilitatem.

371 2827 674 2898 Quoniam,
719 2834 784 2885 ut
812 2830 1288 2904 praemonuimuS,
1334 2830 1552 2888 dictum
1584 2829 1906 2887 conflictum
1953 2845 2056 2905 pro
2100 2840 2225 2885 vem

297 2927 663 2985 communius
695 2928 809 2985 huc
851 2947 1036 3003 usque
1071 2930 1401 2988 hahuerunt
1430 2929 1662 3002 eruditi,
1717 2927 2073 3004 subjicienda
2110 2923 2219 2982 visa

294 3033 379 3084 est
411 3027 765 3085 difficultatis
794 3028 1002 3085 solutio
1037 3047 1068 3086 a
1106 3029 1443 3087 doctoribus
1490 3029 1789 3087 catholicis
1823 3027 1971 3087 tradi
2018 3024 2211 3088 solita;
2249 3055 2254 3060 ·

294 3145 399 3202 pro
427 3146 540 3201 qua
568 3127 791 3202 legendi
817 3127 1183 3204 potissimum
1217 3135 1384 3205 pater
1415 3129 1690 3186 Constant
1718 3127 1997 3204 (Epistolae
2022 3126 2218 3183 Roma·

294 3244 488 3283 norum
529 3227 890 3300 Pontificum,
937 3227 1047 3285 col.
1083 3227 1199 3286 228
1252 3233 1305 3284 et
1351 3245 1499 3302 seq.‚
1551 3226 1822 3284 editionis
1868 3217 2214 3286 Parisiensis,
2250 3262 2254 3267 .

295 3326 469 3401 1721)
509 3331 563 3384 et
612 3326 953 3385 Ballerinius
997 3329 1083 3403 (de
1113 3328 1174 3387 Vi
1213 3346 1275 3386 ac
1309 3328 1536 3386 Ratione
1565 3329 1856 3402 primatus,
1904 3322 2085 3400 capite
2110 3333 2210 3386 xm,

296 3425 432 3496 29).
463 3427 652 3484 Potest
681 3434 874 3486 autem
903 3427 1053 3486 dicta
1080 3429 1287 3487 solutio
1323 3428 1406 3486 sic
1430 3427 1679 3486 breviter
1715 3424 1916 3502 exponi
1947 3444 1959 3477 :

372 3523 430 3579 1ο
458 3525 758 3583 Decretum
799 3527 1075 3604 Stephani
1097 3528 1260 3604 Papae
1296 3546 1415 3585 non
1448 3526 1559 3584 fuit
1597 3523 1852 3583 definitio
1879 3515 2217 3595 dogmatica,

297 3618 398 3675 sed
439 3619 730 3681 decretum
778 3625 1165 3703 disciplinare.
1201 3626 1441 3685 Proinde
1470 3643 1537 3689 ex
1581 3641 1645 3681 eo
1695 3620 1847 3696 quod
1894 3617 2216 3694 Cyprianus,
