2262 3990
279 124 367 173 402
951 109 1251 160 TRACTATUS
1282 109 1350 156 DE
1380 109 1527 158 PAPA.

279 231 624 310 apocryphas
674 188 1104 298 probaverimus
1145 218 1500 294 supradictas
1551 219 1841 306 epistolas,
1896 225 2098 327 merito
2143 189 2218 291 et*

279 332 450 405 hujus
489 320 889 381 authenticitas
927 317 987 375 in
1029 317 1269 375 dubium
1290 323 1546 376 vocatur.

354 421 409 475 2.
443 416 735 490 Repugnat
763 430 793 468 a
816 416 1013 468 sancto
1032 410 1311 487 Cypriano
1341 410 1665 469 adhibitum
1701 411 1879 470 fuisse
1907 383 2215 488 argumenss·

275 524 399 575 tum
429 531 541 588 quo
571 511 824 588 seipsum
855 516 1051 587 aperte
1097 510 1551 584 condemnasset,
1592 511 1914 587 quodque
1899 513 2034 589 1psi,
2072 532 2198 577 cum

275 631 503 673 summo
535 610 656 685 ejus
688 610 921 686 probr0,
959 591 1294 684 retorquere
1332 610 1487 667 haud
1525 610 1855 668 omisissent
1886 610 2197 676 Novatianii

273 713 445 789 Atqui
462 712 577 770 tale
604 715 1009 786 argumentum
1034 709 1390 768 adhibuisset
1415 711 1745 789 CyprianuS,
1774 711 1822 768 si
1843 729 1944 787 pro
1961 713 2199 787 genuina

273 814 583 892 recipiatur
601 813 722 888 ejus
748 811 818 869 ad
841 811 1110 898 Magnum
1134 811 1393 887 epistola.
1428 811 1518 868 Sic
1539 830 1749 888 nempe
1774 819 2210 887 argumentatur

275 920 340 974 ut
365 914 563 990 probet
595 910 933 968 Novatianos
972 929 1094 968 esse
1125 916 1282 967 extra
1311 910 1664 967 Ecclesiam:
1701 911 1944 970 Ecclesia
1967 932 2077 970 ana
2100 918 2200 990 est,

280 1033 399 1091 quae
436 1030 544 1069 ima
571 1017 623 1067 et
650 1012 795 1066 intas
827 1029 941 1066 esse
973 1017 1024 1066 et
1054 1012 1190 1083 foris
1226 1028 1334 1066 non
1358 1018 1560 1085 potest.
1591 1010 1651 1068 Si
1688 1013 1827 1068 enim
1864 1014 2005 1087 apud
2040 1014 2203 1073 Nova

276 1119 482 1176 tiannm
514 1121 615 1187 est,
658 1109 797 1185 opud
829 1107 1134 1167 Cornelium
1163 1127 1270 1164 non
1298 1108 1420 1179 fuit.
1466 1109 1524 1166 Si
1557 1127 1680 1166 vero
1728 1111 1873 1185 apud
1906 1111 2221 1178 Cornelium,

277 1219 402 1291 fuit,
447 1218 534 1289 qui
564 1213 797 1271 Fabiano
838 1208 1102 1281 Episcopo
1149 1207 1384 1281 legitima
1438 1207 1778 1265 ordinatione
1831 1213 2115 1281 successit,
2156 1198 2222 1270 εἴ

277 1333 429 1389 quem
449 1320 652 1386 praeter
689 1306 978 1364 sacerdotii
1010 1305 1264 1360 honorem
1288 1306 1551 1378 martyrio
1578 1324 1781 1379 quoqne
1816 1306 2072 1364 Dominus
2097 1309 2206 1382 ylo.

270 1414 521 1487 risicavit,
545 1410 882 1469 Novatianns
908 1407 964 1462 in
1000 1403 1242 1461 Ecclesia
1269 1423 1375 1460 non
1406 1414 1505 1462 est.
1537 1404 1781 1463 Aliunde
1807 1411 1997 1464 autem
2016 1407 2075 1464 in
2106 1426 2203 1468 suo

274 1516 520 1569 tractatu
551 1511 615 1566 de
645 1506 857 1566 Unitate
907 1504 1158 1562 Ecclesiae
1188 1502 1440 1563 dixerat:
1467 1504 1566 1573 Qut
1588 1505 1840 1563 Ecclesiae
1872 1508 2127 1563 renititur
2158 1515 2207 1567 et

277 1612 498 1679 resistit,
547 1611 635 1682 qni
666 1607 978 1664 cathedram
1015 1604 1167 1660 Petri
1197 1622 1360 1678 super
1390 1623 1548 1679 quam
1582 1605 1813 1677 fundata
1860 1612 1939 1661 est
1974 1605 2217 1671 Ecclesia:

281 1712 502 1781 deserit,
529 1711 583 1765 in
611 1707 849 1765 Ecclesia
876 1723 934 1761 se
962 1723 1077 1761 esse
1117 1705 1333 1776 confidit
1353 1706 1449 1761 ἲ...
1487 1704 1634 1762 Hanc
1663 1704 1915 1761 Ecclesiae
1953 1707 2207 1765 unitatem

279 1811 370 1883 qni
419 1824 527 1863 non
553 1814 718 1875 tenet,
756 1812 932 1860 tenere
959 1820 1016 1858 se
1045 1802 1204 1874 sidem
1237 1801 1433 1857 credit?
1460 1800 1538 1856 Ex
1577 1800 1667 1858 his
1699 1800 1922 1858 duobus
1955 1799 2226 1882 Cypriani

275 1907 549 1978 textibus,
581 1905 663 1961 sic
697 1901 1022 1960 schismatis
1045 1907 1237 1956 notam
1279 1901 1338 1956 in
1375 1918 1505 1957 cum
1546 1906 1875 1976 retorquere
1915 1920 2029 1957 non
2071 1900 2207 1958 omi-
2247 1977 2251 1981 ¹

289 2007 496 2065 sissent
538 2001 831 2059 Novatiani
870 2021 885 2053 .·
919 1999 1032 2055 «Si
1067 2016 1264 2055 verum
1317 1999 1390 2055 sit
1438 2000 1589 2072 quod
1635 2000 1800 2071 dicis,
1853 2000 2112 2057 videlicet
2155 1999 2245 2058 in'

279 2107 517 2165 Ecclesia
557 2121 664 2159 non
707 2119 821 2157 esse
851 2102 937 2173 qni
964 2100 1167 2155 resistit
1198 2099 1465 2155 cathedrae
1506 2100 1675 2171 Petri,
1720 2099 1776 2155 id
1819 2106 1926 2170 est,
1959 2081 2215 2159 Romano*

279 2202 561 2273 Pontifici,
606 2217 792 2273 neque
828 2205 891 2255 tu
920 2198 979 2252 in
1015 2198 1260 2254 Ecclesia
1295 2216 1354 2253 es
1379 2218 1390 2250 t
1415 2198 1553 2253 Nam
1583 2198 1862 2273 Stephano
1894 2199 2054 2273 Papae
2078 2197 2212 2254 vali-

282 2304 420 2360 dum
454 2297 780 2358 decernenti
816 2295 1214 2353 haereticorum
1247 2294 1555 2371 baptisma,
1586 2301 1640 2352 et
1666 2315 1736 2353 ne
1771 2295 1956 2354 denuo
1986 2295 2210 2355 venien·

281 2404 437 2462 tibus
471 2419 536 2458 ex
574 2398 778 2456 haeresi
811 2397 1140 2455 conferatur
1171 2396 1523 2472 prohibenti,
1558 2396 1927 2471 pertinaciter
1967 2398 2209 2470 resistis„

283 2500 631 2560 contrariam
671 2497 990 2555 doctrinam
1018 2514 1409 2573 propugnans,
1454 2496 2003 2573 praeceptionemque
2027 2502 2206 2555 trans-

283 2601 569 2677 grediens,
614 2604 668 2654 et
710 2597 1050 2654 intentatam
1093 2596 1163 2652 ab
1200 2596 1323 2671 ipso
1369 2595 2017 2654 excommunicationem
2047 2591 2207 2653 nihili

283 2699 582 2756 faciens.»
611 2697 763 2753 Hanc
792 2695 1166 2752 retorsionem
1197 2695 1351 2752 haud
1376 2671 1611 2752 vitasset
1631 2694 1966 2775 Cyprianus,
1990 2697 2038 2754 si
2062 2709 2212 2754 'come‘

283 2796 542 2855 mentitia
568 2813 683 2852 non
710 2799 855 2851 esset
885 2799 1167 2869 praetensa
1199 2795 1320 2868 ejus
1348 2813 1480 2851 cum
1513 2794 1792 2870 Stephano
1818 2797 1960 2872 Papa
1980 2801 2205 2854 content·

283 2898 382 2956 tio.
401 2897 580 2952 Immo
599 2892 879 2970 ejusmodi
898 2911 965 2951 ex
982 2899 1141 2969 parte
1158 2893 1557 2951 haereticorum
1576 2895 2039 2954 recriminatione
2051 2896 2206 2972 plena

283 2997 472 3055 forent·
496 2996 816 3075 synchrona
853 2993 1195 3050 documenta
1226 2999 1278 3050 et
1312 2993 1496 3069 ipsius
1522 2994 1782 3071 Cypriani
1810 2996 2040 3072 scripta.
2078 2996 2204 3052 Eam

283 3096 500 3155 scilicet
519 3094 833 3172 Cyprianus
858 3099 911 3151 et
937 3092 1382 3168 intorquendam
1403 3093 1772 3169 praevidisset,
1801 3102 1855 3153 et
1885 3095 2090 3171 saepius
2115 3093 2204 3152 obi-z·

278 3197 488 3272 jectam
520 3195 766 3252 refutare
797 3197 1076 3251 curasset.
1122 3192 1292 3250 Porro
1326 3210 1396 3250 ne
1423 3191 1639 3268 syllaba
1669 3192 1899 3267 quidem
1921 3193 2084 3251 ullibi
2117 3190 2210 3248 deo

283 3302 517 3354 notatur
549 3295 616 3354 de
662 3314 726 3353 ea
751 3294 1070 3353 retorsione
1095 3293 1411 3352 sollicitum
1440 3292 1618 3352 fuisse
1649 3293 2002 3373 Cyprianum.
2034 3289 2201 3349 Nimi-¹

282 3413 413 3452 rum
442 3413 558 3452 non
580 3394 964 3471 perspexisset
985 3412 1146 3451 suam
1173 3411 1234 3451 se
1266 3392 1798 3451 condemnationem
1817 3391 2199 3470 pronuntiare,

289 3492 425 3548 dum
457 3494 696 3552 Romani
726 3493 1014 3555 Pontificis
1058 3493 1284 3551 decreto
1324 3492 1690 3568 pertinaciter
1711 3492 2002 3561 resistens,
2037 3468 2214 3548 simus
2260 3490 2262 3524 ἱ

288 3584 510 3646 doceret
540 3598 695 3648 extra
724 3589 1033 3648 Ecclesiam
1062 3607 1185 3648 esse
1213 3589 1569 3664 quicumque
1590 3588 1912 3646 istiusmodi
1942 3587 2202 3645 resisten-
2260 3614 2262 3616 ·
