2306 4010
289 157 347 204 73
962 133 1249 201 TRAcrArus
1279 131 1345 178 DE
1377 132 1521 179 PAPA.

293 266 481 318 autem
516 277 581 316 ex
607 251 958 314 documentis
988 242 1216 303 omnino
1253 238 1614 296 authenticis,
1643 240 1720 298 Eo
1747 241 1921 299 simul
1959 243 2198 300 consilio

293 376 364 414 ne
399 357 520 432 ipsa
562 354 803 411 Societas
848 347 999 413 Jesu,
1042 356 1166 414 quae
1198 342 1369 393 tantae
1406 337 1876 411 praevaricationis
1925 340 2200 399 innocens

291 455 420 523 fuit,
450 469 681 526 quaeque
711 448 759 503 ei
787 441 1005 501 obstitit
1036 454 1274 511 eamque
1293 435 1628 511 reprobavit,
1657 443 1919 511 tanquam
1948 439 2199 515 ejusdem

288 555 478 628 lapsus
512 568 606 606 rea
646 546 853 618 injuste
879 539 1228 597 traducatur.
1267 537 1596 593 Societatem
1637 555 1769 594 vero
1808 539 2012 596 merito
2041 557 2202 596 voca-

291 669 438 719 mus,
482 643 796 719 generalem
846 637 1213 715 praepositum
1255 647 1387 692 cum
1433 635 1698 704 omnibus
1741 643 2073 693 caeterarum
2116 654 2204 693 re-

286 744 516 817 gionum
542 737 793 807 JesuitiS,
827 755 856 792 a
880 734 1038 792 devio
1072 734 1286 808 aliquot
1321 733 1666 790 Jesuitarum
1694 733 1884 790 Galliae
1911 734 2203 808 manipulo

288 858 419 898 sane
447 835 925 911 distinguendam.

346 1075 370 1127 g
400 1073 438 1114 1.
466 1096 517 1103 —
540 1071 626 1118 Quo
651 1082 698 1111 ex
724 1068 834 1110 libro
859 1069 1110 1109 documenta
1135 1064 1399 1120 potissimum
1433 1063 1804 1117 desumpse1·i1nuS‚
1833 1068 1876 1106 et
1900 1076 1994 1117 quae
2024 1064 2156 1106 fuerit

931 1135 1141 1178 scribendi
1161 1134 1290 1187 hujus
1309 1135 1407 1175 libri
1429 1146 1567 1176 causa.

371 1288 517 1344 Bello
557 1284 848 1359 acquisitis
892 1281 1156 1358 pluribus
1194 1281 1254 1336 in
1290 1281 1473 1354 Belgio
1517 1279 1861 1350 civitatibus,
1907 1277 2211 1354 postulavit

294 1386 601 1442 Ludovicus
629 1385 757 1455 xlv,
797 1388 859 1438 ut
887 1381 1233 1438 Jesuitarum
1269 1379 1469 1434 domus
1512 1384 1566 1433 et
1603 1378 1836 1451 collegia
1879 1377 1938 1432 in
1977 1377 2048 1433 iis
2083 1394 2213 1451 par-

296 1485 450 1541 tibus
472 1482 788 1550 existentia,
815 1479 1153 1538 assistentiae
1172 1481 1186 1508 ¹
1211 1477 1399 1533 Galliae
1419 1482 1879 1550 aggregarentur.
1903 1475 2060 1538 Quod
2084 1492 2210 1530 cum

297 1603 408 1639 non
435 1583 735 1652 obtineret,
768 1578 1053 1655 prohibuit
1079 1577 1169 1633 die
1193 1579 1223 1632 8
1258 1574 1503 1632 octobris
1531 1575 1673 1630 1688
1696 1593 1766 1631 ne
1783 1574 2009 1630 Jesuitae
2027 1572 2217 1629 Galliae

300 1682 485 1736 ullum
520 1699 648 1735 cum
689 1686 848 1753 patre
885 1676 1131 1750 generali
1163 1674 1571 1731 commercium
1606 1675 1898 1744 liaberent3
1935 1671 2220 1748 jussitque

302 1780 660 1836 assistentem
693 1777 882 1832 Gallice
923 1782 1142 1850 patrem
1182 1775 1494 1829 Fontanum
1537 1792 1599 1829 ac
1635 1773 1939 1829 nonnullos
1988 1773 2222 1846 insuper

302 1880 538 1936 Gallicos
590 1883 775 1952 patres
813 1877 999 1932 Romae
1055 1876 1339 1947 (legenteS‚
1384 1873 1616 1929 Galliam
1657 1879 1931 1948 repetere3
1975 1872 2124 1947 quod
2169 1878 2222 1927 et

302 1983 660 2055 peregerunt.
691 1977 1030 2033 Coaluerunt
1056 1981 1193 2031 tunc
1224 1981 1385 2049 pater
1411 1975 1479 2031 de
1508 1974 1559 2029 la
1589 1974 1804 2042 Chaise,
1838 1973 2022 2029 dictus
2054 1971 2221 2028 assis-

303 2085 426 2135 tens
464 2077 734 2134 Fontaine
769 2083 819 2132 et
851 2075 1109 2151 primarii
1150 2074 1243 2130 alii
1287 2074 1591 2130 Galliarum
1632 2073 1877 2143 Jesuitae,
1924 2072 1981 2127 in
2030 2070 2249 2127 factio-.

303 2197 432 2234 nem
477 2177 780 2251 quamdam
809 2181 1002 2231 contra
1030 2180 1245 2249 patrem
1273 2173 1589 2246 generalem
1620 2173 1854 2247 'l'yrsum
1882 2170 2142 2227 Gonzalez
2169 2175 2220 2226 et

304 2283 534 2351 caeteros
560 2274 867 2330 universali
901 2272 1193 2329 Societatis
1223 2273 1481 2344 regimini
1515 2272 1864 2347 praepositOS.

383 2375 613 2430 Crimini
639 2373 719 2430 eis
743 2378 1028 2429 verterunt
1053 2372 1203 2445 quod
1219 2372 1554 2446 justissimae
1581 2375 1666 2444 (ut
1696 2370 1942 2441 aiebant)
1968 2368 2114 2443 regis
2135 2387 2218 2425 vo-

307 2475 515 2532 luntati
542 2493 653 2529 non
681 2472 1128 2546 acquiescerent;
1162 2471 1309 2544 quod
1333 2477 1490 2546 pater
1512 2472 1717 2550 Tyrsus
1736 2469 2020 2538 GonzaleZ,
2047 2474 2108 2524 ut
2132 2486 2226 2522 ru-

310 2590 434 2627 mor
462 2576 603 2639 erat,
628 2570 695 2624 ad
724 2567 1061 2623 refellendos
1091 2574 1336 2640 quatuor
1355 2568 1489 2623 cleri
1513 2568 1784 2625 Gallicani
1808 2566 2076 2623 articulos
2096 2564 2227 2621 anni

314 2668 459 2724 1682
482 2684 606 2722 sese
625 2665 960 2738 accingeret,
981 2664 1311 2737 librumque
1340 2667 1444 2721 hac
1466 2667 1534 2722 dc
1554 2685 1615 2723 re
1635 2686 1763 2723 mox
1783 2665 2063 2722 edendum
2083 2682 2231 2720 com-

313 2772 566 2842 pararet;
617 2766 765 2838 quod
794 2765 1070 2838 ejusmodi
1103 2765 1303 2839 agendi
1339 2766 1555 2823 ratione
1587 2768 1736 2825 idem
1765 2774 1925 2843 pater
1953 2763 2232 2840 generalis

314 2873 525 2924 certam
542 2865 793 2922 societati
815 2865 870 2920 in
893 2865 1081 2921 Galliis
1111 2865 1372 2922 existenti
1390 2867 1638 2938 ruinam,
1659 2868 1834 2923 immo
1853 2866 2128 2922 universae
2149 2864 2232 2919 rei

315 2965 606 3028 catholicae
632 2963 1025 3037 ingentissima
1060 2963 1398 3019 detrimenta
1435 2964 1732 3037 ingereret.
1781 2964 1897 3019 Nisi
1926 2961 2231 3018 consilium

316 3073 558 3124 mutaret
586 3071 638 3122 et
663 3065 781 3139 regi
804 3065 1032 3121 tandem
1058 3064 1425 3136 satisfaceret,
1450 3070 1850 3140 prospecturus
1874 3083 1932 3121 se
1955 3063 2235 3136 quomodo

317 3166 716 3222 extinctionem
759 3163 1052 3220 Societatis
1101 3163 1160 3219 in
1203 3164 1376 3220 Gallia
1425 3171 1822 3239 praecaverent.
1873 3163 2237 3220 Postularunt

375 3352 430 3405 (1)
456 3351 553 3392 Erat
575 3358 677 3395 tunc
694 3353 872 3395 Societas
888 3353 985 3394 Jesu
1008 3353 1055 3394 in
1082 3353 1273 3406 quinque
1301 3354 1514 3405 sectiones,
1541 3367 1646 3408 quas
1671 3355 1948 3410 assistentiae
1972 3358 2131 3402 vocant,
2153 3354 2240 3396 dis-

321 3418 498 3464 tributa,
525 3420 743 3462 videlicet:
768 3421 912 3466 Italiae.
941 3421 1191 3470 Germaniae,
1209 3422 1362 3471 Galliae,
1391 3422 1616 3476 Ilispanic,
1645 3422 1883 3465 Lusitaniae.
1915 3421 2241 3473 Comprehendit

323 3498 589 3539 unaquaeque
623 3489 857 3530 assistentia
888 3490 1032 3542 plures
1055 3490 1311 3542 provincias.
1340 3491 1418 3532 Pro
1442 3490 1709 3543 singularum
1737 3495 1877 3532 autem
1901 3488 2240 3531 assistentiarum

321 3554 525 3606 =curandis
548 3555 739 3608 negotiis,
769 3557 937 3600 totidem
961 3557 1182 3600 constituti
1206 3557 1448 3600 assistentes
1472 3559 1611 3600 Romae
1632 3558 1744 3610 apud
1766 3556 2009 3610 generalem
2032 3546 2242 3609 12raeposi÷

326 3627 420 3665 tum
445 3623 599 3675 degere
627 3624 773 3665 solent.
