2262 3990
821 110 825 114 ῃ
844 149 972 197 PARS
999 148 1199 195 TERTtA.
1869 141 1957 188 675

86 267 332 335 superest
358 276 483 334 spes
509 262 657 314 certo
683 253 974 329 detegendi
997 253 1258 326 quisnam
1278 249 1350 307 sit
1381 265 1542 306 verus
1560 247 1708 303 inter
1730 251 1957 302 eonten-

86 359 275 416 dentes
299 355 569 412 Pontifex.
1290 362 1292 364 ’

162 452 257 508 Isti
300 457 485 507 autem
526 450 777 505 doctores
816 446 1075 505 catholici
1108 445 1299 504 sedulo
1340 441 1718 518 distinguendi
1761 447 1891 499 sunt
1927 459 1958 498 a

88 548 281 605 multis
313 547 458 616 aliis,
492 546 548 602 id
584 551 688 615 cst,
725 526 994 601 Gallicani
1031 541 1344 618 systematis
1368 539 1719 613 sequacibus,
1754 537 1851 611 qui
1881 537 1963 594 sic

88 647 546 716 argumentantur
574 661 586 696 :
631 641 747 696 Non
787 646 968 714 potest
1002 637 1305 696 concilium
1342 635 1597 709 generale
1622 632 1963 709 jurisdictio-

88 758 214 797 nem
254 740 311 795 in
356 757 548 795 verum
582 738 786 812 Papam
834 736 1037 792 habere
1082 735 1138 790 in
1180 736 1287 790 hoe
1331 751 1486 801 casu,
1523 732 1631 788 nisi
1673 731 1869 789 habeat
1907 730 1964 786 in

88 835 366 900 omnibus;
402 852 529 906 ergo
561 832 859 889 concilium
885 846 1105 903 semper
1127 835 1179 884 et
1206 829 1263 883 in
1294 829 1551 884 omnihus
1570 834 1651 883 cst
1678 844 1848 900 supra
1870 825 1968 880 Pa-

0 920 1 928 *
89 949 236 1006 pam.
267 931 502 1002 Utraque
535 927 718 1002 opinio
745 943 995 992 erronea,
1035 923 1308 998 posterior
1344 930 1527 980 autem
1563 923 1738 978 multo
1766 920 1964 994 magis.

162 1028 244 1082 111.
290 1026 539 1081 Plurium
589 1024 755 1079 etiam
805 1022 1205 1078 catholicorum
1261 1020 1548 1076 doctorum
1598 1020 1784 1094 opinio
1838 1018 1965 1087 fuit,

87 1126 307 1182 nullum
343 1142 372 1179 e
406 1122 864 1179 contendentibus
903 1122 959 1175 in
993 1121 1136 1175 dicto
1177 1137 1310 1175 casu
1352 1135 1473 1174 esse
1507 1135 1701 1173 verum
1740 1134 1802 1171 ac
1830 1116 1966 1188 legi-

89 1223 288 1279 timum
328 1222 547 1294 Papam,
586 1221 742 1293 juxta
779 1219 933 1274 istud
982 1217 1267 1290 adagium,
1315 1216 1461 1288 quod
1506 1233 1696 1270 verum
1739 1221 1964 1287 reputa-

91 1326 244 1386 runt,
289 1319 430 1390 Papa
472 1318 678 1386 dubius,
717 1317 866 1390 Papa
908 1317 1099 1371 nullus.
1143 1316 1305 1370 Porro
1348 1314 1393 1368 si
1427 1330 1552 1368 vera
1599 1300 1738 1373 foret
1778 1310 1965 1384 opinio

95 1416 228 1484 haec,
254 1414 432 1469 omnis
459 1419 803 1470 evanesceret
830 1413 1146 1469 difficultas,
1174 1412 1309 1467 Nam
1337 1418 1471 1467 tunc
1496 1415 1826 1484 competeret
1847 1409 1968 1482 qui-

95 1511 217 1566 dem
237 1511 441 1584 synodo
459 1511 698 1584 generali
725 1511 1022 1566 auctoritas
1046 1510 1101 1564 in
1121 1527 1309 1565 omnes
1333 1515 1386 1564 et
1409 1508 1657 1580 singulos
1680 1508 1746 1562 dc
1763 1513 1968 1581 papatu

94 1608 511 1677 contendentcS,
556 1613 639 1663 ast
679 1625 790 1662 non
832 1608 889 1662 in
931 1625 1123 1662 verum
1170 1624 1232 1662 ae
1262 1606 1572 1679 legitimum
1613 1603 1960 1667 Pontificem3

92 1706 220 1777 quia
263 1706 451 1761 nullus
492 1706 578 1761 hie
619 1712 670 1762 et
712 1724 861 1762 nunc
907 1706 1163 1761 existeret
1205 1699 1343 1778 Papa
1387 1704 1692 1776 legitimus,
1731 1719 1972 1774 vereque

91 1808 306 1855 vacaret
336 1801 499 1856 Sedes
532 1802 851 1875 apostolica.

162 1898 266 1952 Sed
311 1899 511 1954 dictam
552 1900 867 1973 opinionem
914 1898 1078 1954 multi
1127 1898 1404 1970 rejiciunt.
1455 1897 1652 1950 Dicunt
1688 1895 1778 1950 vix
1815 1893 1966 1948 credi

89 2011 248 2067 posse
291 1996 586 2052 Ecclesiam
633 2013 758 2050 vero
799 1995 1057 2050 Pontifice
1101 1994 1349 2049 caruisse
1386 2010 1485 2067 per
1525 2009 1700 2047 annos
1741 1990 1968 2063 triginta

89 2094 399 2167 etamplius
420 2094 624 2166 quibus
651 2098 1023 2148 memoratum
1051 2091 1297 2147 schisma
1324 2091 1567 2159 duravit,
1604 2091 1670 2145 ab
1704 2089 1970 2144 electione

89 2187 288 2242 Urbani
312 2189 373 2243 vl
398 2207 576 2260 usque
617 2189 683 2243 ad
713 2188 1037 2244 electionem
1069 2187 1288 2242 Martini
1323 2189 1383 2240 V.
1422 2188 1595 2241 Immo
1630 2186 1684 2239 id
1723 2185 1836 2240 sere
1866 2185 1971 2238 im·
1999 2226 2003 2231 .

93 2281 356 2354 possibile
379 2281 569 2336 videri.
609 2282 664 2335 Si
690 2282 864 2347 enim,
900 2281 1078 2347 aiunt,
1116 2280 1271 2335 irrita
1295 2280 1401 2334 fuit
1426 2280 1621 2335 electio
1649 2279 1852 2334 Urbani
1885 2278 1969 2346 Vl,

92 2378 384 2434 subsecuta
413 2378 602 2434 electio
637 2377 932 2434 Clementis
957 2377 1042 2431 ΠΙ
1081 2378 1261 2432 valida
1302 2377 1530 2433 dicenda
1562 2384 1666 2447 cst,
1699 2394 1827 2432 cum
1860 2394 1973 2431 non

92 2473 330 2546 potuerit
368 2473 473 2529 alia
522 2473 588 2528 de
629 2491 795 2529 causa
840 2492 960 2530 esse
1003 2473 1182 2538 irrita,
1232 2491 1399 2545 quam
1434 2472 1581 2544 quod
1621 2471 1875 2526 Urbanus
1912 2470 1973 2524 Vl

91 2569 255 2624 fuerit
293 2570 535 2641 legitime
576 2578 886 2644 promotus.
919 2572 1052 2627 Cum
1095 2571 1267 2642 igitur
1308 2577 1522 2626 certum
1558 2587 1669 2625 non
1714 2569 1785 2624 sit
1824 2568 1971 2623 istud

90 2665 347 2738 adagium
386 2667 530 2739 Papa
566 2669 766 2732 (hebius,
800 2669 948 2741 Papa
987 2669 1182 2737 nullux,
1220 2668 1317 2724 sed
1358 2668 1646 2723 dumtaxat
1689 2667 1877 2741 opinio
1905 2667 1972 2722 ad

91 2780 373 2818 summum
426 2765 760 2838 probabilis,
810 2767 1064 2822 solvenda
1122 2773 1373 2822 remanet
1430 2766 1729 2822 difficultas
1786 2765 1969 2837 quoad

95 2857 440 2930 hypothesim
481 2862 811 2934 oppositam,
861 2879 1015 2934 aeque
1061 2862 1405 2936 prohabilem
1451 2869 1547 2918 aut
1587 2862 1752 2917 etiam
1795 2861 1972 2915 multo

94 2953 543 3027 probabiliorem,
588 2975 695 3028 qua
734 2976 935 3032 nempe
972 2959 1309 3032 supponitur
1346 2977 1523 3014 unum
1567 2977 1596 3013 e
1636 2957 1973 3012 contenden-

93 3050 242 3105 tibus
266 3069 383 3106 esse
412 3069 598 3108 revera
625 3054 715 3109 hic
748 3061 800 3110 et
826 3073 977 3111 nune
1007 3073 1198 3111 verum
1228 3057 1455 3129 Papam,
1482 3057 1609 3111 licet
1635 3055 1760 3127 quis
1786 3055 1879 3110 ille
1902 3055 1971 3110 sit

96 3149 403 3223 ignoretur.

170 3246 255 3303 lv,
282 3246 494 3303 Omissa
520 3247 777 3321 opinione
801 3268 922 3323 quae
953 3250 1155 3306 nititur
1187 3252 1381 3324 adagio
1410 3252 1560 3324 Papa
1589 3252 1792 3315 dubim,
1825 3252 1972 3327 Papa

96 3344 291 3412 nulluS,
336 3344 484 3415 iuxta
529 3363 695 3417 quam
740 3347 922 3402 omnis
980 3356 1323 3404 evanesceret
1363 3348 1684 3417 difficultaS,
1727 3367 1969 3422 praesens

96 3440 418 3514 disceptatio
454 3449 666 3510 nostra,
706 3450 767 3499 ut
810 3444 1151 3500 adversarios
1187 3445 1275 3500 hic
1309 3445 1712 3520 impugnandos
1746 3447 1970 3503 convin-

96 3545 203 3610 cat,
259 3538 413 3595 debet
458 3547 567 3597 tota
605 3540 865 3614 restringi
913 3541 980 3596 ad
1023 3543 1370 3616 hypothesim
1422 3544 1751 3619 oppositam,
1800 3564 1967 3619 quam
