2262 3990
886 222 1012 271 mas
1044 220 1249 270 TERTIA.
1922 212 2010 260 605

142 327 408 404 synodus,
426 328 850 403 intelligendum
870 328 1055 403 (prout
1079 332 1133 383 et
1150 321 1499 381 Bossuetium
1521 319 1855 379 intellexisse
1877 336 2011 394 sup-

145 426 423 502 ponimus)
450 416 514 482 de
554 428 808 483 communi
848 424 1002 498 Papae
1041 432 1092 480 et
1116 422 1330 480 Petrum
1357 420 1560 478 concilii
1600 418 1828 494 judicio.
1870 418 2010 474 Dum

139 541 268 598 ergo
297 523 580 597 subjungit
619 506 890 580 Bossuet:
925 542 953 574 α
986 522 1115 587 Quae
1159 520 1323 577 verba
1358 519 1508 575 clare
1555 517 1751 574 docent
1799 515 1859 571 in
1908 515 2012 571 isto

141 638 390 676 coti-sensu
420 621 524 676 vim
560 618 893 676 ecclesiastici
927 618 1112 691 judicii
1141 633 1260 673 esse
1298 615 1558 691 positam,
1595 635 1622 667 »
1653 613 1755 670 hoc
1783 610 1905 688 ipso
1936 612 2014 667 sa·-

140 724 290 776 tetur
321 719 431 774 vim
457 735 569 774 non
603 718 928 773 habiturum
948 715 1224 789 judicium
1253 715 1427 771 solius
1451 713 2008 787 concilii-sine-Papa,

142 816 284 872 sicut
333 833 434 872 nec
479 814 652 871 solius
697 811 1285 888 Papae-sine·concili0.
1339 811 1472 868 lnde
1530 818 1712 868 autem
1756 809 2012 883 sequitur

141 911 754 986 concilium-sine-Papa
775 929 875 965 non
900 928 1012 965 esse
1035 927 1197 982 supra
1212 908 1437 981 Papam,
1464 927 1525 965 ac
1550 909 1782 983 proinde
1805 908 2007 964 falsum

90 1014 94 1018 ’
141 1029 261 1068 esse
312 1009 617 1067 secundum
649 1026 678 1064 e
714 1014 954 1081 quatuor
982 1007 1236 1063 articulis
1283 1007 1415 1063 anni
1463 1007 1631 1077 1682,
1665 1025 1694 1062 a
1730 1007 2012 1063 Bossuetio

138 1112 442 1164 exaratum.
479 1106 635 1174 Nam,
664 1110 825 1179 prout
850 1123 1014 1179 supra
1046 1103 1409 1175 ostendimuS,
1443 1105 1610 1178 hujus
1640 1104 1865 1160 articuli
1888 1121 2013 1160 sen-

141 1223 235 1261 sus
258 1211 361 1274 est,
383 1204 951 1278 concilio-sine-Papa‚
982 1204 1092 1259 imo
1132 1209 1182 1260 et
1215 1209 1402 1259 contra
1435 1203 1637 1278 Papam
1671 1203 2009 1274 decernenti,

140 1310 446 1376 competere
487 1302 870 1357 auctoritatem
899 1318 1067 1374 supra
1103 1301 1333 1375 Papam.

213 1398 367 1455 Nota.
405 1430 472 1440 —-
501 1398 1002 1468 Praetermittimu‘s,
1045 1396 1331 1453 brevitatis
1378 1396 1591 1469 gratia,
1636 1414 1758 1469 quae
1786 1397 2011 1471 opponit

142 1493 364 1550 Bossuet
397 1512 461 1551 ex
491 1494 828 1551 oecumenica
855 1493 1062 1569 synodo
1088 1501 1277 1575 octava
1304 1518 1314 1560 ;
1359 1494 1454 1566 qui
1488 1500 1671 1550 textus
1699 1512 1809 1550 non
1839 1494 2015 1567 magis

143 1609 309 1663 quam
354 1592 719 1665 praecedentes
771 1593 1006 1667 probant
1037 1593 1186 1665 quod
1230 1592 1577 1666 probandum
1624 1599 1790 1663 esset,
1829 1592 1882 1646 id
1910 1598 2014 1661 est,

143 1688 306 1761 hujus
335 1689 553 1745 concilii
589 1690 772 1746 Patres
797 1707 826 1745 a
849 1689 1130 1746 definition
1142 1689 1343 1763 e-Papae
1363 1690 1699 1745 dissentiendi
1727 1690 2020 1749 libertatem

122 1770 247 1842 ‘sihi
283 1786 608 1843 vindicasse.

212 1884 269 1938 V.
300 1884 659 1954 Conclaclitur,
685 1901 798 1939 cum
829 1883 1143 1953 Belle-rime,
1177 1893 1378 1940 certam
1417 1892 1465 1940 et
1501 1887 1708 1941 omnino
1737 1887 2015 1942 tenendam

137 1998 248 2037 esse
281 1990 592 2059 praesentem
631 1988 862 2036 nostram
886 1984 1298 2053 propositionem
1342 1983 1640 2038 secundam.
1665 2017 1734 2025 -
1758 2005 1784 2036 «
1815 1983 2017 2040 Omnes

137 2077 477 2134 definitiones
513 2077 805 2152 pontificiae
848 2077 904 2133 in
939 2078 1172 2134 materia
1211 2078 1342 2135 fidei
1396 2080 1761 2137 inveniuntur
1799 2099 2019 2156 semper

141 2182 370 2249 receptae
394 2196 423 2233 a
464 2176 711 2233 conciliis
751 2194 877 2232 vere
908 2175 1286 2246 oecumeniciS,
1325 2178 1493 2232 nullae
1520 2178 1757 2250 rejectae.
1785 2178 1938 2242 Quod
1970 2180 2017 2234 si

140 2275 470 2350 quandoque
517 2274 585 2329 ad
631 2291 833 2330 novum
863 2291 1093 2329 examen
1130 2292 1221 2330 res
1265 2274 1496 2330 deducta
1525 2276 1628 2331 fuit
1654 2276 1710 2330 in
1742 2276 2016 2346 conciliiS,

142 2374 196 2429 id
230 2373 455 2439 sactum,
491 2390 590 2427 non
623 2390 731 2427 cum
765 2372 996 2427 libertate
1023 2373 1385 2442 dissentiendi,
1423 2373 1518 2428 sed
1546 2381 1605 2430 ut
1631 2391 1765 2429 nova
1805 2374 2019 2431 discus-

143 2469 294 2524 sione
314 2468 703 2524 dissentientes
729 2474 822 2523 aut
845 2468 1162 2523 dubitantes
1199 2469 1265 2524 ad
1304 2469 1574 2525 unitatem
1603 2470 1845 2526 debitam
1869 2457 2022 2527 revo-

142 2574 418 2623 carentur.
451 2565 677 2622 Excitati
703 2583 832 2621 sane
861 2583 1264 2638 nonnunquam
1279 2585 1389 2622 non
1409 2566 1593 2639 exigui
1622 2568 1901 2624 tumultus
1925 2587 2022 2642 per

140 2683 234 2721 eos
269 2665 364 2737 qui
388 2664 559 2720 errori
586 2664 654 2720 ab
680 2663 975 2738 apostolica
1016 2663 1153 2721 Sede
1182 2664 1554 2737 praedamnato
1597 2665 1882 2733 favebant:
1925 2667 2019 2722 sed

142 2777 355 2835 semper
384 2769 565 2819 ratum
592 2769 671 2819 est
694 2762 942 2817 habitum
973 2761 1118 2834 quod
1138 2780 1168 2818 a
1196 2762 1422 2833 Summo
1439 2763 1699 2820 Pontifice
1730 2765 1905 2820 fuerat
1928 2764 2019 2819 de-

141 2856 389 2924 finitum3
423 2865 475 2914 et
500 2860 595 2932 qui
622 2860 930 2917 definitioni
960 2861 1262 2918 noluerunt
1293 2861 1831 2934 acquiescere,intcr
1851 2862 2018 2917 baere-

140 2954 276 3010 ticos
302 2956 581 3012 recensiti.
614 2957 760 3012 Adde
798 2958 948 3029 quod
979 2958 1141 3032 pauci
1169 2976 1389 3032 semper
1415 2959 1667 3026 suerunt,
1698 2958 1794 3030 qui
1820 2975 2019 3031 repug-

144 3057 348 3108 narunt
387 3050 691 3108 definitioni
738 3054 1056 3126 pontificiae,
1099 3073 1211 3128 prae
1253 3049 1366 3111 iulis
1415 3056 1510 3127 qui
1541 3054 1934 3126 acquieverunt
1966 3062 2019 3112 et

142 3148 518 3223 praestiterunt
543 3148 779 3204 debitam
812 3151 1180 3207 obedientiam
1212 3159 1378 3225 atque
1406 3154 1713 3222 unitatem3
1744 3171 1926 3225 neque
1953 3171 2017 3210 ex

144 3246 252 3302 illis
288 3245 507 3320 paucis,
540 3263 570 3301 a
598 3246 778 3319 capite
809 3252 862 3302 et
892 3255 1080 3304 centro
1122 3250 1356 3306 unitatis
1383 3251 1669 3306 catholicae
1703 3251 2018 3307 dissidenti-

142 3342 267 3406 buS,
296 3340 391 3412 qui
416 3358 526 3395 non
548 3347 799 3414 poterant
828 3340 934 3396 dici
962 3350 1055 3399 aut
1083 3343 1273 3400 haberi
1290 3346 1543 3416 generale
1578 3346 1896 3416 concilium,
1919 3348 2013 3420 jus

144 3437 415 3509 generalis
443 3436 663 3493 concilii
699 3454 867 3511 supra
894 3438 1091 3511 Papam
1125 3439 1387 3512 colligere
1419 3441 1566 3498 licet.
1597 3442 1749 3507 Quod
1771 3443 1815 3500 si
1842 3444 2007 3500 etiam

141 3535 452 3607 complures
503 3540 694 3588 contra
771 3533 1127 3606 apostolicam
1187 3536 1563 3594 definitionem
1624 3541 2008 3615 conspirarent

142 3633 308 3707 (quod
337 3631 553 3687 nonnisi
588 3648 684 3704 per
710 3631 898 3687 dolum
936 3640 1030 3688 aut
1062 3634 1170 3688 vim
1199 3644 1381 3708 posset
1409 3638 1700 3712 accidere),
1725 3657 1887 3696 nemo
1920 3641 2007 3694 his
