2262 3990
231 122 318 170 672
906 117 1201 164 TRACTATUS
1231 117 1299 164 DE
1329 117 1476 166 PAPA.

232 231 462 288 subesse
491 225 770 295 inferiori,
811 230 866 281 et
902 242 1070 300 posse
1104 225 1175 281 ab
1204 223 1324 300 ipso
1363 223 1590 300 deponi.
1640 227 1747 284 Nec
1781 228 2023 303 dicatur,
2056 233 2143 306 inf¹

229 330 472 387 trinsece
505 342 619 380 non
649 341 966 398 repugnare
989 323 1281 381 decretum
1316 343 1428 399 quo
1453 323 1709 383 Christus
1738 328 2025 388 statuisset
2045 331 2147 392 Pa-·
2248 397 2250 403 ,

228 444 357 503 pam
401 423 728 485 haereticum
760 424 1008 498 generali
1050 425 1291 483 concilio
1334 425 1454 482 fore
1493 425 1836 504 sthectum.
1874 427 2161 503 Equidem„
2248 411 2255 474 '-

225 525 334 583 tale
374 523 662 581 decretum
710 542 824 582 non
871 530 1179 600 repugnat,
1228 524 1539 582 dummodo
1578 524 1750 582 simul
1801 536 2159 603 supponatur

222 622 369 698 Papa
409 641 509 698 per
540 623 803 680 haeresim
838 623 960 700 ipso
995 623 1144 681 facto
1168 626 1284 698 jam
1321 625 1610 699 depositus,
1647 624 1800 681 Tunc
1836 625 1988 682 enim
2016 645 2177 688 cum*

219 723 336 797 jam
371 721 515 797 Papa
541 739 655 778 non
682 721 777 794 sit,
807 740 910 779 nec
935 727 1019 779 est
1050 721 1281 779 relative
1307 721 1377 777 ad
1404 721 1712 779 concilium
1741 722 2020 797 superior,
2051 726 2142 784 sed

225 819 479 876 inferior.
513 821 578 877 At
597 838 832 895 prorsus
860 827 1136 896 repugnat
1169 820 1388 878 dictum
1420 821 1735 890 decretum,
1773 820 1820 877 si
1847 821 1990 897 Papa
2013 841 2143 900 sup-
2203 826 2208 832 '

225 927 470 995 ponatur
492 921 856 994 deponenda&
895 920 1048 976 Tunc
1071 920 1222 976 enim
1257 919 1515 977 Christus
1545 919 1817 976 voluisset
1853 937 2005 990 eum,
2036 939 2144 980 non

228 1017 486 1075 obstante
525 1018 746 1092 haeresi,
784 1018 969 1075 adhuc
1005 1035 1128 1074 esse
1157 1018 1388 1094 Papam,
1425 1017 1482 1074 id
1511 1024 1620 1092 est,
1653 1019 1985 1092 superiorem
2023 1037 2144 1077 con-

229 1117 383 1185 cilio;
423 1123 476 1173 et
503 1118 675 1173 simul
701 1118 970 1174 voluisset
1005 1137 1137 1174 eum
1166 1117 1367 1192 subjici
1391 1117 1658 1188 concilio,
1693 1117 1750 1172 id
1784 1122 1891 1187 est,
1921 1135 2042 1175 esse
2071 1120 2143 1175 in-

229 1220 503 1290 feriorem·
530 1217 676 1291 quod
699 1205 1200 1274 contradictorium
1225 1222 1330 1274 est.
1354 1217 1643 1292 Repugnat
1661 1222 1850 1273 autem
1866 1216 2143 1275 Christum

231 1318 665 1374 contradictoria
692 1317 938 1374 voluisse
982 1323 1036 1373 et
1072 1317 1360 1374 statuisse.
1396 1316 1573 1391 Igitur
1611 1316 1803 1392 opinio
1838 1334 1963 1390 quae
2003 1321 2146 1374 tenet

228 1416 432 1491 Papam
467 1416 536 1472 ob
572 1416 828 1472 haeresim
871 1417 1111 1474 concilio
1154 1417 1382 1492 subjici,
1420 1424 1474 1474 et
1520 1417 1589 1474 ab
1628 1436 1692 1474 eo
1734 1417 1939 1494 deponi
1968 1435 2146 1492 posse,

230 1533 463 1572 erronea
496 1522 578 1572 est
610 1534 673 1573 ac
700 1535 935 1591 prorsus
961 1516 1288 1592 rejicienda.

307 1613 593 1670 Pnoposmo
621 1614 724 1669 IV‘·.
747 1648 824 1656 —
842 1615 1047 1690 Papam
1082 1616 1302 1671 concilio
1331 1616 1513 1689 subjici
1546 1617 1606 1672 ob
1634 1617 1899 1682 haeresim,
1926 1634 1987 1673 ac
2008 1617 2070 1673 ab
2093 1634 2146 1674 eo

232 1716 425 1789 deponi
462 1735 643 1788 posse,
690 1719 866 1790 opinio
907 1724 986 1772 est
1026 1717 1280 1773 inducens
1327 1718 1379 1771 in
1423 1718 1650 1773 schisma
1695 1725 1743 1773 et
1784 1718 2050 1774 haeresim.
2082 1751 2148 1760 —

232 1813 286 1868 1⁰
327 1813 547 1870 Inducit
588 1814 647 1868 in
684 1814 828 1870 hanc
854 1815 1162 1890 practicam
1205 1814 1629 1871 conclusionem
1667 1837 1676 1869 :
1721 1815 1957 1872 Licitum
1998 1815 2150 1892 Epis-

232 1910 408 1984 copiS,
440 1912 510 1965 ob
538 1911 873 1967 intentatam
901 1913 1151 1968 Romano
1179 1912 1430 1969 Pontifici
1451 1914 1680 1970 haeresis
1709 1914 2148 1985 accusationem,

230 2006 287 2062 in
316 2026 468 2073 eum,
511 2009 768 2082 quamvis
805 2009 991 2065 adhuc
1016 2010 1159 2084 Papa
1206 2010 1296 2078 sit,
1344 2010 1654 2084 insurgere;
1701 2010 1752 2066 ei
1790 2011 2151 2068 conciliarem

228 2107 716 2180 congregationem
762 2108 1544 2182 prohibenti,‚ohedientiam
1587 2109 1891 2182 denegare;
1935 2109 2148 2186 ipsum,

229 2204 321 2259 hic
349 2212 403 2260 et
435 2186 588 2260 nunc
624 2205 853 2279 Papam,
885 2205 1137 2279 rejicere3
1174 2212 1228 2262 et
1269 2207 1337 2263 ab
1365 2207 1487 2282 ipso
1517 2213 1794 2280 tanquam
1822 2207 2006 2282 capite
2033 2225 2149 2265 sese

227 2304 577 2361 abscindere.
617 2305 787 2361 Porro
828 2304 1106 2378 ejusmodi
1138 2305 1469 2362 obedientiae
1507 2306 1846 2363 substractio
1883 2313 1935 2363 et
1961 2308 2028 2364 ab
2056 2308 2147 2364 Ec·
2225 2315 2228 2317 “

228 2403 414 2461 clesiae
458 2404 637 2480 capite
671 2404 924 2460 Romano
961 2404 1225 2461 Pontifice
1251 2404 1470 2476 scissi0,
1518 2405 1874 2481 ipsissimum
1907 2407 2146 2464 schisma

230 2511 334 2562 est.
365 2506 510 2562 —20
552 2505 746 2580 Logice
775 2505 1002 2562 deducit
1042 2505 1111 2562 ad
1138 2507 1282 2562 hanc
1325 2506 1770 2578 conclusionem,
1812 2525 1937 2580 quae
1978 2509 2145 2564 haere-

230 2604 340 2661 tica
390 2613 507 2661 est:
543 2605 795 2661 Romano
830 2603 1081 2662 Pontifici
1126 2604 1328 2661 collata
1371 2623 1484 2661 non
1526 2604 1633 2662 fuit
1678 2624 1707 2662 a
1744 2605 1956 2662 Christo
1988 2605 2143 2680 plena

226 2710 462 2776 potestas
496 2703 877 2759 universalem
910 2702 1213 2759 Ecclesiam
1242 2703 1528 2778 pascendi,
1571 2704 1801 2778 regendi
1843 2723 1906 2761 ac
1952 2704 2144 2778 guber·
2225 2692 2227 2694 ⁵

231 2800 426 2857 nandi.
452 2801 590 2856 Nam
623 2801 669 2856 si
695 2801 979 2857 Romanus
1003 2801 1275 2872 Pontifex,
1304 2801 1435 2858 licet
1465 2801 1646 2858 adhuc
1670 2802 1929 2877 Papalem
1959 2807 2168 2859 aucto-v

231 2901 456 2956 ritatem
483 2900 740 2968 retineat,
769 2901 1103 2975 subjiciatur
1134 2900 1412 2976 superiori
1443 2901 1786 2973 auctoritati,
1826 2919 2028 2978 nempe
2057 2917 2143 2974 ge-

231 2997 439 3054 neralis
492 2997 738 3071 concilii,
791 2998 1002 3055 falsum
1046 3004 1129 3055 cst
1182 2997 1291 3073 ipsi
1338 3004 1654 3075 competere
1693 2997 1900 3056 dictam
1936 2999 2142 3074 plenam

230 3100 500 3171 reyiminis
540 3106 881 3175 potestatem.
