2306 4010
229 153 286 199 42
451 172 458 178 κ
894 141 1189 194 TRACTATUS
1220 139 1286 185 DE
1317 139 1462 187 PAPA.

231 268 507 320 conventu
543 259 812 317 nationale
851 253 1126 312 concilium
1169 227 1570 322 repraesentaris
1605 250 1670 308 At
1720 251 1775 307 2⁰
1825 250 1882 306 id
1924 248 2135 326 pariter

230 362 461 430 falsum,
499 378 602 416 nec
628 357 738 415 nisi
764 355 832 411 ad
859 348 1215 425 decipiendos
1243 347 1502 404 incautos
1527 348 1918 407 fraudulenter
1944 347 2134 405 inven-

230 467 374 517 tum.
403 459 539 515 Nam
568 457 634 513 de
653 460 852 511 natura
883 447 1106 505 concilii
1137 453 1219 504 est
1260 451 1321 502 ut
1351 452 1595 519 nequeat
1626 446 2017 522 repraesentari
2064 446 2133 502 ah

230 559 416 632 aliqua
441 550 871 616 coadunatione,
908 548 1017 604 nisi
1052 547 1157 605 ista
1185 545 1520 604 coadunatio
1556 544 1628 602 sit
1661 544 1899 620 ipsamet
1930 564 2058 602 vere
2082 552 2130 603 et

227 656 452 733 proprie
481 651 803 709 concilium.
840 649 949 722 Sic,
988 648 1144 705 verbi
1186 648 1385 722 gratia,
1426 646 1729 704 concilium
1770 647 2135 702 oecumenicam

225 751 613 828 repraesentari
659 748 852 823 nequit
905 750 973 805 ab
1021 748 1211 823 aliqua
1257 747 1660 824 Episcoporum
1701 745 2133 817 coadunatione,

222 851 333 907 nisi
372 852 490 907 haec
526 850 935 926 Episcoporum
980 848 1340 922 congregatio
1383 847 1454 905 sit
1498 854 1550 904 et
1589 847 1896 903 constituat
1938 864 2134 903 verum

222 950 525 1007 concilium
576 948 1014 1006 oecumenicum.
1062 947 1199 1004 Item
1247 947 1507 1024 Episcopi
1560 945 1794 1002 adunati
1843 951 2136 1019 nequeunt

222 1054 614 1126 representare
639 1047 946 1104 concilium
980 1046 1335 1121 provinciale,
1378 1046 1487 1103 nisi
1535 1048 1651 1102 haec
1698 1046 1951 1121 ipsorum
1996 1045 2134 1102 adu-

222 1153 374 1205 natio
407 1147 479 1204 sit
517 1165 713 1204 verum
753 1146 1096 1222 provinciale
1137 1145 1466 1204 concilium.
1500 1146 1564 1203 Et
1591 1146 1801 1221 pariter
1835 1151 1899 1202 ut
1929 1145 2136 1218 aliquis

223 1246 625 1322 Episcoporum
651 1251 960 1302 conventus
987 1251 1349 1320 repraesentet
1371 1244 1679 1301 concilium
1704 1247 1994 1315 nationale,
2021 1263 2138 1301 om-

223 1346 359 1402 nino
393 1345 708 1418 requiritur
739 1351 798 1401 ut
822 1344 929 1401 iste
958 1349 1267 1400 conventus
1296 1344 1368 1400 sit
1394 1349 1446 1401 et
1477 1344 1783 1402 constituat
1814 1362 2005 1401 verum
2037 1362 2135 1400 na-

226 1447 433 1505 tionale
474 1444 803 1502 concilium.
852 1443 1019 1499 Recte
1055 1442 1284 1515 quidem
1338 1442 1449 1498 dici
1498 1448 1680 1518 potest
1724 1443 1966 1517 alicujus
2007 1461 2136 1518 pro-

225 1545 414 1602 vinciae
453 1544 730 1620 populum
769 1545 1138 1617 repraesentari
1177 1560 1207 1598 a
1245 1540 1529 1617 deputatis
1576 1560 1718 1614 quos
1762 1542 1867 1598 iste
1894 1543 2138 1617 populus

230 1644 455 1718 elegerit
498 1651 550 1700 et
598 1643 807 1716 quihus
851 1642 1184 1697 mandatum
1231 1641 1688 1716 procuratorium
1725 1641 1961 1698 dederit.
2001 1641 2135 1698 Item
2222 1646 2229 1652 '

229 1748 380 1799 recte
414 1742 620 1798 dicitur
651 1760 681 1798 a
708 1741 945 1797 concilio
980 1742 1326 1798 oecumenico
1358 1742 1644 1797 Ecclesiam
1675 1741 2026 1796 universalem
2057 1760 2138 1796 re-

223 1845 556 1917 praesentari,
595 1860 659 1898 eo
685 1841 835 1915 quod
857 1846 1070 1897 constet
1098 1840 1404 1897 concilium
1429 1839 1845 1896 oecumenicum
1870 1839 2151 1895 universis

233 1941 431 1999 mundi
465 1940 771 2017 EpiscopiS,
799 1946 896 1997 aut
923 1959 1119 1997 eorum
1145 1939 1633 2016 procuratoribuS,
1668 1945 1719 1995 et
1752 1938 2148 2014 uuusquisque

227 2042 551 2118 EpiscopUS‚
602 2048 881 2115 quatenus
924 2042 1138 2113 Pastor,
1198 2060 1424 2118 gregem
1473 2059 1639 2097 suum
1682 2040 1811 2115 jure
1857 2039 2047 2096 divino
2096 2049 2147 2097 et

227 2143 437 2216 absque
480 2142 594 2198 ulla
631 2142 1013 2216 deputatione,
1062 2148 1446 2217 repraesentet.
1482 2142 1545 2197 At
1588 2159 1821 2217 prorsus
1868 2148 2147 2216 repugnat

225 2244 595 2314 repraesentari
644 2241 949 2297 concilium
996 2241 1064 2296 ab
1108 2241 1297 2314 aliqua
1340 2240 1751 2297 coadunatione
1796 2258 1919 2314 quae
1961 2240 2147 2296 conci-

224 2340 365 2396 lium
400 2358 512 2396 non
556 2340 646 2396 sit.
683 2339 816 2395 Cum
853 2358 984 2413 ergo
1025 2346 1337 2397 conventus
1381 2340 1516 2396 anni
1561 2340 1732 2411 1682,
1783 2358 2144 2414 nequaquam

226 2439 394 2496 fuerit
432 2440 734 2496 conc-ilium
778 2440 1087 2510 nationale,
1131 2440 1271 2496 falso
1316 2441 1498 2497 dictus
1541 2440 1650 2496 fuit
1697 2444 2063 2513 representavit
2098 2441 2146 2495 le

228 2537 421 2592 concile
444 2538 705 2592 national.
735 2536 839 2600 Qui
865 2555 1023 2592 error
1050 2556 1180 2593 cum
1206 2545 1446 2609 nequeat
1472 2538 1788 2592 aulicorum
1813 2537 2142 2610 ignorantiae

227 2632 421 2704 tribui,
445 2632 743 2689 dicendum
766 2638 846 2689 est
873 2633 1184 2689 adhibitam
1214 2651 1513 2689 erroneam
1538 2633 1843 2689 formulam
1867 2641 1930 2690 ut
1953 2634 2140 2690 dictus

227 2737 530 2787 conventus
558 2731 826 2804 majorem
853 2731 1000 2805 apud
1024 2731 1227 2803 vulgus
1252 2731 1646 2788 auctoritatem
1675 2739 2136 2806 consequeretur,

228 2828 615 2886 fraudulenter
641 2829 852 2886 scilicet
882 2835 936 2885 et
967 2828 1336 2885 mendaciter.

301 2926 388 2981 ΙΙΙ.
424 2927 563 3002 Ergo
611 2933 920 2983 conventus
965 2927 1099 2983 anni
1140 2927 1285 2983 1682
1334 2946 1447 2984 non
1492 2927 1599 2984 fuit
1643 2947 1808 2985 verus
1854 2929 1980 2985 cleri
2015 2940 2138 2985 cona

226 3035 432 3096 ventuS,
470 3033 522 3084 et
567 3046 596 3083 a
631 3026 852 3085 fortiori
894 3046 1007 3083 non
1046 3027 1152 3084 fuit
1184 3034 1491 3085 conventus
1524 3037 1915 3102 repraesentans
1958 3029 2137 3085 Eccle-

224 3127 357 3180 siam
391 3125 744 3198 Gallicanam,
786 3125 885 3182 sed
931 3125 1039 3182 fuit
1078 3126 1390 3200 dumtaxat,
1436 3134 1602 3202 prout
1644 3127 1888 3184 asseruit
1926 3135 2139 3202 protes-

225 3228 351 3279 tans
391 3223 652 3295 Leibnitz‚
694 3244 797 3281 une
833 3227 1053 3299 poiyne'e
1097 3215 1383 3300 d'Eveqnes
1429 3227 1493 3283 cle
1541 3245 1738 3284 coar...
1790 3228 2045 3284 insolente
2089 3237 2141 3284 et

229 3322 610 3379 desobe'issants
643 3326 793 3399 (erga
823 3325 1121 3382 Summum
1147 3326 1498 3385 Pontificem>
1534 3346 1601 3383 an
1629 3330 1838 3384 dernier
1868 3329 2035 3400 point.
2062 3361 2140 3370 —-

229 3419 500 3493 Equidem
529 3421 682 3479 illius
708 3429 1016 3482 conventus
1054 3425 1354 3493 antistites,
1392 3426 1449 3481 in
1476 3426 1597 3501 ipso
1633 3425 1870 3482 celebris
1901 3443 2015 3482 suae
2047 3426 2140 3482 de-

227 3519 553 3576 clarationis
585 3523 832 3584 exordio,
863 3524 943 3580 sic
964 3531 1256 3582 asserunt:
1291 3547 1318 3579 «
1345 3525 1452 3582 Nos
1470 3524 1888 3599 Archiepiscopi
1915 3532 1968 3582 et
1986 3525 2139 3601 Epis-

228 3617 375 3692 copi,
411 3617 638 3674 Parisiis
666 3620 926 3679 mandato
953 3623 1105 3695 regio
1131 3625 1476 3699 congregati,
1503 3622 1786 3681 Ecclesiam
1811 3621 2134 3680 Gallicanam
