2306 4010
291 153 381 201 174
969 137 1257 188 TRACTATUS
1287 138 1354 186 DE
1382 137 1529 186 PAPA.

326 357 350 410 g
376 354 415 398 2.
445 376 499 385 -
526 353 674 393 Textus
699 342 881 387 Matthaei
911 341 1012 394 (cap.
1035 352 1119 390 xvi,
1146 350 1186 381 v.
1218 338 1285 394 19)
1307 351 1318 381 ε
1346 339 1403 382 Et
1427 339 1507 382 tibi
1531 340 1638 382 daho
1662 341 1804 384 claves
1828 339 1952 394 ream·
1973 320 2191 395 ooelorum,

732 417 776 454 et
802 409 1088 464 quodcumque
1116 408 1321 461 liqaveris
1345 419 1475 460 super
1501 414 1675 460 terram,
1696 414 1776 452 etc.

367 553 406 606 Ι.
446 550 547 605 Per
588 545 756 602 verba
798 543 922 622 haec·
951 543 1112 600 Petro
1151 543 1363 602 tradita
1399 549 1486 602 est
1521 544 1691 621 plena
1732 549 1788 602 et
1826 545 2083 603 absoluta
2127 551 2253 621 po-‘

291 655 461 706 testas
503 642 720 717 ligandi
768 646 939 716 atque
983 642 1259 700 solvendi.
1306 643 1478 717 Atqui
1525 642 1656 700 talis
1696 649 1944 718 potestas
1986 644 2228 701 Romam

289 741 576 801 Pontificis
623 739 1094 798 infallibilitatem
1132 740 1364 800 evincit.'
1408 741 1628 798 Etenim
1670 741 1724 798 vi
1767 740 2006 817 hujusce
2044 746 2231 818 potes·

290 841 445 912 tatis,
482 839 704 913 legibus
732 858 797 896 ac
824 840 1066 897 decretis
1097 840 1345 914 obligare
1369 859 1467 899 seu
1497 841 1903 899 conscientiam
1927 842 2102 917 ligare
2131 861 2228 918 po-

292 940 402 997 tuit
436 939 657 1010 PetrUS,
687 939 764 995 ita
790 945 853 996 ut
873 938 1143 1013 obligatio
1175 940 1285 996 ista
1313 946 1432 997 rata
1458 939 1601 998 foret
1627 941 1686 997 in
1719 941 1882 1013 coelo,
1912 959 2015 998 nec
2041 945 2230 1017 posset

293 1038 416 1095 sine
451 1037 778 1094 exclusione
804 1056 834 1093 a
859 1038 999 1095 coelo
1039 1038 1262 1095 violari.
1297 1037 1539 1095 Aliunde
1564 1044 1756 1096 autem
1794 1043 2042 1115 potestas
2066 1038 2226 1094 Petro
2276 1021 2279 1026 ’

294 1138 500 1197 tradita
545 1157 658 1195 non
699 1145 818 1196 erat
855 1157 987 1195 cum
1032 1138 1155 1214 ipso
1200 1139 1536 1211 transitura,
1581 1139 1681 1196 sed
1723 1138 1897 1195 simul
1944 1139 2065 1213 ejus
2101 1154 2229 1194 suc-

296 1237 616 1295 cessoribus
643 1237 914 1294 Romanis
947 1237 1314 1295 Pontificibus
1342 1258 1372 1295 a
1399 1238 1619 1295 Christo
1651 1238 1856 1295 collata
1886 1236 2018 1309 fuit,
2062 1239 2231 1311 prout
2294 1260 2306 1319 ἦ

297 1336 432 1392 alibi
481 1335 847 1411 probavimus
886 1338 1069 1411 (parte
1108 1335 1151 1407 Ι,
1186 1343 1322 1393 sect.
1367 1336 1434 1408 ΙΙ,
1474 1354 1598 1411 cap.
1635 1343 1918 1408 v1n,——et
1962 1340 2101 1391 sect.
2138 1331 2228 1402 ΙΙΙ,
2300 1328 2306 1398 ξ

298 1454 421 1511 cap.
467 1435 578 1509 xn).
621 1435 743 1491 Jam
790 1453 923 1492 vero
966 1435 1245 1509 ejusmodi
1286 1441 1534 1510 potestas
1583 1453 1683 1511 per
1727 1435 1879 1508 leges
1918 1440 1971 1490 et
2011 1433 2231 1488 decreta
2287 1403 2306 1566 ἶ

300 1534 610 1609 obligandi,
659 1541 776 1591 tam
827 1541 909 1591 est
956 1541 1205 1611 potestas
1245 1536 1535 1610 obligandi
1579 1553 1677 1611 per
1715 1535 1863 1608 leges
1913 1539 1968 1590 et
2012 1533 2233 1589 decreta
2289 1533 2306 1607 ἐξ

303 1634 452 1689 circa
499 1634 690 1702 fidem,
747 1653 919 1709 quam
950 1653 1064 1710 per
1111 1635 1264 1709 leges
1308 1641 1361 1691 et
1397 1635 1621 1692 decreta
1653 1634 1803 1691 circa
1849 1630 2241 1706 disciplinam:
2292 1607 2306 1697 ἐ

306 1731 560 1787 Christus
589 1733 742 1787 enim
775 1733 922 1789 nihil
959 1734 1204 1809 excepit3
1256 1734 1353 1791 sed
1395 1734 1621 1790 locutus
1660 1739 1746 1790 est
1771 1750 1871 1808 per
1905 1727 2240 1806 propositio·
2289 1698 2306 1757 ἡ

309 1847 441 1886 nem
480 1831 863 1906 metaphysice
904 1832 1307 1902 universalem,
1355 1839 1527 1908 prout
1566 1838 1719 1906 patet
1764 1850 1831 1887 ex
1872 1821 2039 1886 xerbo
2079 1827 2240 1900 qnod-

311 1948 549 2003 cwnque.
590 1930 730 2003 Ergo
772 1930 1023 1987 Romano
1065 1932 1319 1987 Pontifici
1360 1933 1627 2006 competit
1671 1935 1918 2005 potestas
1952 1926 2243 2001 obligandi

311 2045 412 2102 per
437 2027 584 2100 leges
610 2033 663 2084 et
687 2027 911 2084 decreta
940 2028 1008 2085 do
1030 2027 1161 2098 fide,
1195 2047 1294 2085 seu
1323 2011 1614 2103 obligandi
1644 2028 1713 2085 ad
1738 2028 2089 2085 credendum
2114 2023 2248 2082 arti·
2291 1983 2306 2165 l

314 2126 454 2182 culis
502 2126 631 2182 fidei
676 2146 706 2183 a
756 2146 813 2183 se
857 2127 1124 2185 definitis.
1170 2129 1339 2185 Porro
1380 2128 1512 2185 talis
1559 2126 1829 2200 obligatio
1876 2128 2245 2200 repugnaret,
2296 2171 2306 2195 ,Ἰ

315 2223 427 2280 nisi
455 2224 626 2279 simul
660 2206 929 2281 Summus
958 2225 1211 2281 Pontifex
1246 2224 1653 2281 infallibilitate
1693 2243 1724 2279 a
1760 2222 1983 2278 Christo
2010 2221 2248 2276 donatus
2288 2182 2306 2311 Ξ

314 2322 536 2378 fuisset.
567 2322 622 2377 Si
661 2322 814 2378 enim
853 2340 1045 2379 errare
1082 2328 1271 2398 posset
1308 2322 1578 2379 Summus
1607 2321 1860 2379 Pontifex
1897 2319 2249 2396 inpraescri-
2294 2314 2306 2429 ξ

316 2419 516 2477 bendis
559 2418 688 2477 fidei
726 2420 1009 2491 articulis,
1046 2427 1100 2477 et
1130 2426 1319 2477 tamen
1365 2421 1436 2477 iis
1466 2421 1697 2479 credere
1731 2419 2136 2494 obligaremur,
2166 2417 2250 2473 di-
2293 2445 2306 2509 4

316 2521 555 2578 cendum
583 2521 728 2576 foret
761 2521 1009 2579 voluisse
1043 2522 1329 2598 Christum
1367 2523 1708 2580 constrictos
1741 2521 2002 2579 homines
2029 2520 2100 2577 ad
2131 2535 2249 2576 cre·
2290 2525 2306 2610 j

318 2618 567 2675 dendum
601 2618 781 2675 errori
814 2626 866 2675 et
897 2619 1124 2688 haeresi,
1154 2621 1305 2694 quod
1338 2638 1577 2695 prorsus
1601 2620 1916 2676 absurdum
1949 2624 2032 2675 est
2063 2624 2116 2675 et
2143 2617 2251 2672 im·
2283 2611 2306 2683 -Ξ

318 2718 501 2793 pium.
524 2717 667 2789 Ergo
694 2735 761 2773 ex
798 2718 984 2775 citatis
1011 2718 1216 2775 Christi
1241 2719 1429 2776 verbis
1455 2719 1707 2793 rigorose
1734 2719 1991 2794 sequitur
2015 2715 2253 2774 Romani
2287 2677 2306 2775 ‘i

317 2810 601 2874 Pontificis
628 2817 688 2873 in
718 2817 1072 2876 decernenda
1104 2819 1212 2876 fide
1243 2819 1637 2877 infallibilitaS.

398 2917 463 2975 ΙΙ.
510 2917 786 2974 Probatur
830 2918 1067 2993 insuper
1110 2938 1142 2975 a.
1176 2923 1323 2994 pari,
1369 2938 1436 2977 ex
1478 2927 1754 2996 potestate
1794 2938 1964 2996 quam
2015 2918 2276 2976 contulit

324 3016 577 3073 Christus
619 3018 890 3093 apostolis
932 3018 1223 3076 collective
1270 3020 1516 3096 sumptis
1570 3025 1622 3078 et
1668 3038 1800 3078 cum
1843 3020 2006 3077 Petro
2053 3018 2306 3088 unitiss-

324 3134 424 3192 per
453 3117 569 3174 haec
598 3117 768 3174 verba
800 3140 811 3173 z
846 3117 1015 3197 Amen
1049 3120 1162 3176 (lico
1206 3122 1372 3191 vobi3‚
1412 3139 1752 3195 quaecumque
1787 3121 2139 3195 alliyaveritis
2163 3137 2271 3178 stt-2

325 3234 421 3289 per
449 3225 670 3291 terram,
703 3224 807 3275 etc.
844 3219 1053 3291 (Matth.
1090 3220 1253 3293 xv111).
1295 3220 1436 3277 Nam
1463 3238 1531 3278 ex
1558 3220 1685 3278 istis
1718 3221 1906 3280 verbis
1946 3221 2148 3279 merito
2178 3225 2256 3276 te-

328 3322 466 3371 nent
508 3335 706 3375 omnes
751 3319 887 3393 (non
926 3318 1173 3395 exceptis
1211 3319 1484 3378 Gallicani
1531 3321 1853 3397 systematis
1889 3304 2298 3485 sequacibus)3

331 3408 635 3470 Ecclesiam
668 3415 962 3475 docentem
990 3436 1113 3476 esse
1137 3418 1371 3476 omnino
1402 3418 1463 3475 in
1490 3420 1844 3478 decernenda
1863 3419 1973 3478 fide
1992 3400 2302 3490 infallihi-Js

333 3506 467 3563 lem.
513 3511 650 3569 Cum
693 3535 822 3591 ergo
859 3518 1058 3576 eadem
1087 3519 1258 3577 verba
1291 3519 1508 3576 fuerint
1549 3519 1720 3577 etiam
1761 3520 1831 3577 ad
1867 3521 2096 3578 Petrum
2131 3499 2298 3601 per-{³}

338 3606 609 3665 sonaliter
650 3619 702 3669 et
746 3617 1111 3692 singulariter
1152 3618 1388 3692 directa,
1433 3618 1630 3677 eodem
1671 3620 1840 3678 modo
1870 3625 1924 3678 et
1953 3618 2256 3702 ex.iisdem
