2262 3990
902 171 1028 218 ems
1056 169 1254 217 TERTIA.
1919 171 2011 218 5⁴1

134 261 288 331 ‘teitus
309 290 342 327 a
370 272 524 330 Petro
554 276 861 348 sejunctum,
898 275 1013 332 ulla
1053 274 1140 332 vel
1167 272 1399 330 minima
1437 277 1708 347 potestate
1742 272 2013 332 donatum

138 367 333 425 fuisse.
376 368 544 440 Igitur
567 369 619 426 vi
648 370 943 427 verborum
971 370 1335 442 Quodcumque
1366 368 1646 438 solveriti8,
1675 374 1806 438 etc„
1846 370 2016 427 'habet

132 466 359 540 quidem
387 467 787 542 Episcoporum
809 468 1105 542 collegium
1130 484 1452 542 supremam
1483 465 1819 523 decernendi
1837 473 2016 541 potes·

134 569 326 634 tatem,
354 571 408 620 at
436 566 737 622 dummodo
778 566 1036 623 decernat
1062 585 1191 623 cum
1231 560 1376 621 Petri
1419 582 1743 622 successore
1770 563 2016 623 Romano

130 661 408 719 Pontifice.
440 663 672 720 Proinde
695 663 741 719 si
757 663 1054 720 concilium
1080 662 1335 736 generale
1367 662 1628 719 decernat
1652 661 2016 721 dissentiente

129 762 375 818 Romano
407 763 687 832 Pontifice,
719 765 838 837 ejus
883 762 1123 830 decreta,
1165 762 1455 818 deficiente
1491 762 1559 818 ad
1595 762 1672 820 sic
1714 763 2016 822 decernen-

130 860 263 916 dum
284 866 575 934 potestate,
601 860 754 916 nulla
779 877 1003 934 prorsus
1032 865 1192 914 erunt
1216 864 1269 914 et
1302 857 1484 914 irrita.

206 958 260 1013 20
291 958 508 1014 Certum
535 964 639 1027 est,
669 976 732 1014 ex
763 956 1047 1031 Scriptura
1082 956 1267 1024 Sacra,
1298 956 1540 1026 Petrum,
1576 964 1852 1028 quatenus
1871 976 2016 1016 seor-

133 1054 238 1111 sim
297 1054 362 1111 ab
411 1055 534 1111 aliis
572 1054 836 1128 apostolis
887 1060 1216 1128 sumptum,
1263 1051 1540 1127 recepisse
1585 1071 1615 1108 a
1648 1053 1863 1110 Christo
1925 1073 2015 1111 su-

133 1171 379 1228 premam
416 1152 669 1226 regendae
707 1151 957 1208 Ecclesiae
1002 1155 1349 1225 potestatem.
1390 1148 1511 1206 Noti
1554 1149 1765 1207 scilicet
1806 1157 2011 1224 textuS‚

133 1239 335 1320 quibus
366 1268 493 1304 eum
530 1248 816 1304 constituit
838 1249 1086 1303 Christus
1117 1247 1536 1319 fundamentum,
1567 1245 1754 1302 ovium
1778 1252 1831 1302 et
1852 1263 2017 1319 agno-

136 1364 284 1414 rum,
340 1346 393 1401 id
427 1352 531 1411 est,
591 1346 844 1402 omnium
899 1346 1019 1402 sine
1070 1343 1388 1417 exceptione
1427 1351 1712 1426 pastorem,
1759 1343 1882 1399 coeli
1912 1345 2015 1399 cla-

135 1441 394 1512 viqermn,
445 1448 497 1496 et
532 1441 767 1497 fratrum
822 1444 1272 1512 confirmatorem;
1338 1438 1435 1511 qui
1489 1445 1692 1507 textus,
1736 1457 1800 1494 ex
1855 1439 2013 1495 obvio

136 1555 197 1591 ac
261 1537 381 1593 luce
427 1539 732 1595 meridiana
795 1538 1013 1594 clariori
1072 1555 1282 1606 sensu,
1338 1554 1552 1592 necnon
1599 1555 1662 1592 ex
1714 1537 2011 1592 subsecuta

132 1636 442 1692 traditionis
496 1644 546 1693 et
592 1638 953 1694 conciliorum
1006 1636 1500 1710 interpretatione,
1540 1634 1753 1708 plenam
1811 1655 1872 1691 ac
1927 1654 2013 1690 su-

123 1750 358 1803 premam
409 1735 723 1808 exprimunt
787 1735 1036 1807 regendae
1099 1734 1270 1790 totius
1332 1732 1587 1790 Ecclesiae
1655 1739 2006 1806 potestatem.

126 1827 245 1883 Jam
299 1848 424 1886 vero
465 1831 713 1886 Christus
759 1831 1058 1901 Dominus,
1112 1836 1236 1904 post
1277 1831 1531 1886 collatam
1594 1829 1673 1884 sic
1718 1830 1878 1884 Petro
1922 1848 2011 1885 su-

125 1945 375 2001 premam
428 1929 716 2001 regiminis
761 1934 1110 2002 potestatem,
1151 1946 1260 1982 non
1315 1927 1492 2001 potuit
1547 1945 1668 1982 eam
1720 1927 2007 2000 apostoli-5,

125 2031 398 2096 quatenus
428 2044 454 2079 a
498 2026 653 2081 Petro
681 2026 967 2099 sejunctiS,
999 2025 1270 2081 conferre.
1301 2025 1587 2098 Repugnat
1624 2024 1772 2080 enim
1811 2031 1864 2080 et
1905 2025 2011 2080 im-

124 2114 402 2187 possibilis
432 2120 510 2169 est
548 2114 604 2168 in
647 2133 759 2171 una
787 2115 1094 2187 eademque
1119 2114 1381 2170 societate
1411 2115 1614 2188 duplex
1642 2134 1889 2187 suprema
1914 2134 2007 2189 po—

124 2217 314 2266 testas.
342 2213 480 2268 Duas
518 2212 793 2285 siquidem
837 2229 1126 2286 supremas
1154 2218 1448 2285 potestates
1494 2212 1807 2282 instituere,
1859 2213 2005 2268 idem

124 2315 203 2366 est
233 2329 294 2364 ac
332 2309 540 2365 nullam
588 2310 943 2378 constituere,
986 2309 1118 2381 qnia
1163 2327 1283 2365 sese
1328 2308 1562 2364 invicem
1610 2310 1919 2365 excludunt
1955 2318 2008 2366 et

125 2406 458 2462 annihilant.
494 2407 723 2461 licentra
756 2407 962 2482 optime
995 2406 1173 2480 potuit
1204 2406 1454 2462 Christus
1499 2426 1794 2480 supremam
1830 2414 2008 2481 potes-

125 2509 314 2571 tatem,
340 2504 455 2576 jam
485 2503 582 2558 nni
621 2505 777 2559 Petro
800 2505 1079 2574 collatam,
1109 2503 1374 2578 apostolis
1413 2504 1580 2559 etiam
1613 2512 1890 2578 quatenus
1915 2507 2007 2563 l'e-

125 2606 210 2655 tro
232 2600 405 2655 unitis
428 2607 480 2656 et
508 2620 636 2656 cum
663 2602 778 2676 ipso
809 2602 1256 2670 decernentibus,
1283 2602 1534 2658 conferre
1563 2626 1573 2670 ;
1618 2602 1748 2675 quia
1783 2603 1862 2659 sic
1898 2623 2006 2659 non

129 2697 348 2771 duplex,
385 2699 478 2754 sed
520 2718 622 2755 nna
672 2699 1029 2755 constituitur
1061 2719 1304 2773 suprema
1345 2706 1610 2775 potestas,
1658 2702 1794 2757 Nam
1835 2708 2011 2776 potest

131 2793 356 2863 quidem
390 2795 596 2869 duplici
624 2797 782 2867 modo
817 2797 1083 2866 exerceri,
1114 2798 1170 2853 id
1197 2803 1299 2868 est,
1330 2799 1414 2855 vel
1450 2818 1479 2854 a
1506 2799 1662 2855 Petro
1703 2800 1841 2870 sole,
1872 2802 1954 2856 vel
1981 2821 2008 2856 a

131 2888 286 2943 Petro
313 2889 481 2946 simul
524 2900 576 2947 ct
611 2894 823 2966 reliquo
859 2896 1236 2970 apostolorum
1264 2897 1495 2969 collegio
1543 2897 1600 2951 in
1648 2915 1820 2952 unani
1864 2916 2012 2952 eam·

125 2981 367 3056 'demque
420 2989 749 3044 sententiam
801 2993 1272 3048 convenientibus.
1331 2993 1433 3050 Sed
1476 2993 1533 3047 in
1575 2994 1677 3049 hoc
1716 2993 2008 3067 poste-riori

134 3097 266 3135 casu
288 3098 393 3135 non
416 3082 522 3136 alia
550 3083 843 3141 intervenit
872 3106 1121 3163 suprema·
1146 3095 1407 3162 potestaS,
1439 3107 1605 3162 quam
1646 3089 1741 3144 illa
1769 3108 1890 3162 quae
1918 3091 2011 3147 Pe-

136 3183 221 3232 tro
250 3178 614 3251 personaliter
642 3181 835 3237 collata
865 3190 974 3248 est3
1010 3203 1161 3252 nam,
1195 3192 1473 3256 quatenus
1516 3193 1802 3242 exercetur
1825 3206 1854 3244 a
1882 3188 2010 3245 reli-

136 3294 246 3348 quo
278 3275 527 3347 collegiO,
555 3294 662 3330 non
687 3284 770 3332 est
798 3298 1040 3350 suprema
1063 3301 1078 3342 ‚·
1112 3281 1388 3353 siquidem
1412 3283 1660 3338 Christus
1689 3285 2005 3358 collegium,

137 3379 412 3444 quatenus
435 3391 465 3427 a
489 3373 645 3429 Petro
682 3374 860 3448 capite
901 3394 1002 3430 suo
1040 3376 1376 3449 sejunctum,
1404 3379 1559 3435 nulla
1601 3388 1871 3456 potestate
1912 3384 2007 3439 do·

136 3471 307 3528 navit.
336 3471 509 3545 Igitur
534 3490 643 3527 non
670 3479 752 3527 est
794 3491 1054 3547 suprema
1082 3474 1189 3529 nisi
1216 3482 1490 3548 quatenus
1514 3486 1802 3536 exercetur
1837 3482 2007 3538 simul

135 3586 168 3624 a
188 3569 367 3638 Petro,
399 3569 614 3643 collegii
637 3569 1098 3643 capite..Proinde
1120 3590 1362 3644 suprema
1380 3582 1611 3647 potestas
1637 3562 1809 3634 solius
1838 3578 2002 3651 Petri,
