2306 4010
891 174 1019 221 PARS
1045 173 1283 221 SECUNDA.
1970 174 2025 223 77

98 327 105 334 .
148 279 379 357 epistola
422 279 680 346 adhibitae
725 297 881 336 voces
923 296 1045 352 quae
1087 278 1402 336 retractatio
1455 277 1849 342 declarationis
1903 297 2026 336 esse

146 377 489 446 viderentur,
520 377 689 434 simul
716 383 902 434 autem
937 377 995 432 in
1026 376 1134 432 alio
1164 394 1331 433 sensu
1366 375 1598 449 intelligi
1638 381 1886 451 possent.

218 475 388 545 Nou,
442 477 611 548 quoad
669 476 1049 531 conclusionem
1108 476 1386 546 praesentis
1453 476 1642 547 capitis
1683 494 1735 529 x.
1780 507 1850 517 -
1894 475 2030 530 Con-

143 571 320 627 clusio
365 578 469 640 est,
517 571 949 627 declarationem
997 575 1300 626 conventus
1339 570 1630 641 Gallicani,
1674 571 1806 627 anni
1859 571 2028 639 1682,

145 669 296 724 omni
331 687 560 744 prorsus
595 667 924 725 auctoritate
951 680 1050 722 seu
1085 659 1266 723 valore
1297 665 1589 724 doctrinali
1621 686 1826 726 carere.
1857 670 2030 734 Quam

145 766 555 822 conclusionem
612 765 860 821 evolvere
919 763 1424 838 praetermittimuS,
1476 785 1605 822 cum
1660 785 1726 823 ex
1777 767 2030 823 deductis

144 869 331 936 aperte
355 868 638 934 sequatur.
676 859 850 932 Igitur
883 866 996 915 toto
1031 860 1165 915 coelo
1201 867 1460 915 errarunt
1499 862 1762 918 Gallicani
1793 864 2026 937 scripto-

146 977 257 1028 res,
286 958 381 1030 qui
424 959 491 1013 ad
517 958 727 1014 dictum
759 957 890 1012 cleri
925 962 1280 1028 conventum,
1323 963 1587 1030 tanquam
1618 959 1686 1012 ad
1730 960 2030 1016 auctorita-

146 1060 685 1129 tem,provocarunt.
716 1055 1026 1111 Excusandi
1050 1061 1236 1111 tamen
1263 1055 1643 1128 aliquatenus,
1668 1061 1862 1130 utpote
1891 1075 2030 1128 quos

143 1151 384 1220 latuerit,
411 1152 579 1208 fuisse
607 1153 712 1208 ista
738 1151 982 1218 comitia,
1022 1170 1133 1207 non
1159 1151 1473 1224 legitimum
1502 1152 1639 1208 cleri
1667 1158 2027 1222 conventum,

144 1249 239 1304 sed
271 1248 668 1304 vilissimorum
697 1248 1008 1304 aulicorum
1033 1247 1488 1304 conciliabulum.

891 1558 1135 1630 CAPUT
1186 1569 1265 1629 XI

547 1727 748 1762 muna!
775 1728 1079 1763 FAcnmvnA
1104 1729 1221 1762 EST
1246 1729 1626 1765 ,unewanus

212 1795 471 1838 iazlomo'l'
493 1795 886 1830 snsvnuuunu
916 1795 1164 1841 GALIAEAE,
1196 1798 1300 1840 §21¹1
1326 1798 1612 1840 Quartum
1632 1798 1963 1833 An'rlcmmls

442 1867 523 1900 ΕΤ
554 1867 926 1902 ΕΧΤΕΝΒΙΟΝΙ
959 1868 1244 1904 REGAIAEAE
1278 1872 1719 1907 AnuAESERIJNT.

218 2023 429 2079 Absone
455 2029 715 2096 tanquam
739 2025 1037 2082 auctoritas
1056 2037 1472 2102 opponerentur
1490 2031 1646 2088 Pater
1669 2032 1734 2088 dc
1757 2034 1808 2088 la
1833 2035 2025 2092 Chaise

143 2125 194 2173 et
223 2118 433 2191 aliquot
466 2119 561 2174 alii
585 2120 804 2176 Jesuitae
838 2123 1022 2178 Galliae
1049 2145 1058 2175 ε
1104 2131 1221 2179 tum
1246 2127 1376 2199 quia
1405 2146 1601 2184 eorum
1630 2130 1942 2186 doctrinam
1972 2139 2023 2188 et

145 2214 341 2284 agendi
374 2216 643 2272 rationem
683 2219 920 2273 Societas
952 2221 1079 2275 Jesu
1116 2224 1430 2295 reprobavit
1464 2234 1515 2281 et
1542 2227 1855 2284 abominata
1895 2236 1975 2286 est
2007 2252 2017 2279 τ

149 2317 266 2365 tum
288 2311 415 2382 quia
438 2330 547 2366 non
571 2314 731 2369 aliter
755 2316 992 2370 habendi
1015 2317 1119 2370 viri
1149 2318 1228 2371 illi
1257 2339 1421 2391 quam
1446 2341 1544 2394 pro
1571 2324 1840 2379 morbidis
1863 2327 2023 2382 dicite

148 2404 430 2462 Societatis
462 2409 746 2466 membris.

220 2500 488 2557 Libuissct
522 2522 653 2559 sanc
687 2507 1067 2563 scandalosam
1102 2509 1414 2566 istiusmodi
1467 2514 1715 2571 virorum
1756 2518 1809 2571 in
1856 2538 2022 2576 causa

146 2597 361 2668 regaliae
383 2606 434 2654 et
458 2606 697 2672 quatuor
717 2603 1082 2660 articulorum
1106 2608 1612 2680 praevaricationem
1637 2613 1859 2670 silentio
1884 2636 2018 2690 prae-

146 2694 470 2753 termittere.
498 2697 600 2753 Sed
627 2707 891 2774 perpetua
930 2704 1167 2760 recurrit
1193 2705 1251 2759 in
1279 2707 1499 2764 Gallicis
1528 2708 1690 2766 libris
1732 2712 1799 2767 ad
1825 2731 2021 2769 eorum

144 2792 526 2849 auctoritatem
548 2798 880 2869 provocatio
912 2798 1086 2856 Immo
1114 2802 1172 2856 in
1199 2803 1411 2859 crimen
1434 2807 1595 2862 nobis
1616 2809 1851 2864 vertitur
1875 2811 2023 2882 quod

141 2895 325 2960 aperte
361 2889 609 2947 illicitam
647 2912 707 2949 ac
750 2913 1035 2952 erroneam
1073 2902 1438 2972 pronuntiare
1478 2905 1784 2962 audeamus
1821 2907 2023 2963 doctri-

145 3003 270 3039 nam
314 2987 488 3059 illam,
531 2991 620 3046 cui
667 2999 819 3048 tanto
858 2995 969 3050 zelo
1017 2996 1407 3056 adhaerendum
1451 3002 1843 3060 existimarunt
1889 3006 2021 3061 dicti

143 3080 324 3136 Galliae
353 3083 593 3153 Jesuitae,
638 3087 742 3142 viri
780 3089 989 3146 scilicet
1028 3093 1111 3165 (ut
1153 3094 1330 3166 aiunt)
1370 3101 1521 3151 tanta
1553 3098 1776 3171 pietate,
1821 3100 2022 3156 sancti-

145 3182 272 3246 tate,
314 3179 562 3249 scicntia,
595 3183 864 3241 virtutum
904 3188 1141 3262 denique
1179 3192 1431 3247 omnium
1478 3194 1676 3250 decore
1710 3197 2019 3270 conspicui,

142 3290 204 3327 ac
253 3273 319 3328 de
370 3274 606 3331 Ecclesia
654 3282 918 3338 catholica
963 3290 1073 3339 tam
1119 3287 1258 3342 bene
1301 3289 1506 3344 meriti.
1553 3290 1757 3363 Nempe
1809 3298 1868 3347 ut
1895 3293 2020 3348 Gal-

143 3368 336 3426 licanae
382 3372 649 3430 doctrinae
689 3383 951 3449 patronos
995 3400 1088 3436 eos
1131 3383 1343 3438 utiliter
1388 3385 1725 3457 adscribant,
1776 3387 1834 3442 in
1861 3408 2020 3446 sanc-

143 3472 229 3522 tos
270 3471 529 3526 evehunt.
589 3472 845 3545 Cogimur
904 3496 1034 3550 ergo
1094 3480 1159 3534 de
1200 3481 1432 3553 perditis
1473 3482 1581 3538 illis
1634 3503 1696 3540 ac
1737 3487 2021 3561 religioso·

145 3579 271 3619 rum
327 3567 551 3624 nomine
595 3569 837 3642 indignis
880 3572 1011 3628 viris
1062 3576 1343 3631 veritatem
1390 3579 1648 3652 pandere.
1708 3582 2019 3641 Pandemus
