2262 3990
326 123 415 173 586
1001 113 1297 192 TRAchATUS
1327 113 1396 162 DE
1425 115 1576 164 ΡΑΡΑ.

327 232 508 290 citans
531 253 542 298 ;
570 230 648 285 ita
676 232 740 283 ut
762 222 923 281 valde
947 221 1246 298 probabile
1276 221 1350 280 sit
1376 222 1448 279 ab
1473 240 1588 280 uno
1607 222 1920 300 eodemque
1941 219 2247 300 impostore

323 330 617 388 confictam
641 322 815 379 fuisse
850 325 1158 396 utramque
1197 322 1520 399 epistolam.

395 420 783 478 Nihilominus
811 418 997 494 quoad
1026 426 1371 494 praesentem
1413 420 1712 497 epistolam
1741 420 1897 479 eludi
1920 438 2082 496 posse
2110 422 2245 490 fate<

321 537 454 578 mur
477 519 758 577 rationem
804 537 871 577 ex
922 519 1374 578 contradictione
1411 520 1741 579 deductam.
1770 520 2051 578 Nimirum
2085 521 2134 578 si
2165 522 2253 580 di·'

319 622 485 677 catur
509 617 851 694 Cyprianum
893 617 1087 674 statim
1126 618 1407 676 Jubaiano
1461 638 1576 677 non
1602 619 1991 696 rescripsisse,
2021 620 2120 677 sed
2144 620 2248 683 mi-

322 717 463 776 sisse
487 719 787 776 dumtaxat
813 718 1097 776 dietarum
1122 719 1497 795 epistolarum
1523 720 1879 796 exemplum;
1909 725 2100 795 postea
2115 710 2251 779 vero

315 821 656 893 praesentem
689 817 991 893 epistolam
1021 817 1321 876 direxisse.

397 916 454 972 5⁰
494 916 875 992 Imposturam
921 916 1092 974 etiam
1120 918 1311 992 prodit
1359 918 1659 976 manifesta
1690 916 2069 995 repugnantia
2097 917 2249 976 inter

316 1013 637 1074 doctrinam
664 1016 722 1071 in
744 1020 861 1073 tota
887 1017 993 1073 hac
1018 1016 1256 1092 epistola
1278 1025 1714 1095 propugnatam,
1743 1027 1798 1076 et
1825 1019 2077 1094 ejusdem
2096 1018 2243 1096 epis·

311 1112 440 1171 telae
477 1113 924 1171 conclusionem.
971 1114 1266 1173 Enimvero
1321 1122 1476 1173 totus
1525 1123 1608 1174 est
1654 1123 1851 1174 auctor
1897 1118 2148 1192 epistolae
2183 1122 2248 1175 ut

313 1210 585 1287 baptismi
619 1211 688 1268 ab
737 1211 1014 1268 haereticis
1053 1212 1241 1268 collati
1273 1213 1601 1270 nullitatem
1641 1214 2013 1286 demonstret,
2042 1214 2238 1287 sicque

314 1310 535 1369 evincat
561 1310 931 1384 baptizandos
963 1329 1086 1368 esse
1118 1312 1218 1386 qui
1256 1313 1324 1369 ab
1356 1313 1558 1371 haeresi
1591 1313 1660 1370 ad
1683 1313 1988 1370 Ecclesiam
2012 1313 2250 1372 catholi-

314 1426 441 1466 cam
472 1408 831 1483 consugiunt.
871 1408 1227 1467 Contrariam
1278 1417 1470 1469 autem
1506 1412 1847 1470 sententiam
1875 1417 2091 1484 tenere,
2125 1430 2238 1470 non

312 1526 628 1566 erroneum
663 1509 982 1582 dumtaxat,
1034 1510 1132 1567 sed
1192 1516 1246 1568 et
1290 1512 1755 1587 peccaminosum
1801 1491 1878 1570 ac'
1910 1529 2239 1588 perversum

309 1608 666 1683 pronuntiat.
711 1608 797 1665 Sic
840 1609 992 1665 enirn
1037 1609 1355 1685 oppositam
1389 1611 1716 1687 opinionem
1748 1611 2097 1669 sectantibus
2135 1629 2225 1668 ex·

313 1700 546 1780 probrat
570 1726 579 1758 ε
604 1706 671 1762 Et
700 1725 837 1763 nune
860 1709 945 1781 quis
973 1707 1163 1764 talibus
1201 1709 1271 1764 ad
1297 1708 1585 1766 Ecclesiam
1613 1712 1937 1767 venientibus
1965 1712 2081 1767 sine
2105 1711 2232 1785 bap⁶
2256 1786 2262 1794 Ι

312 1808 471 1862 tismo
503 1810 997 1864 communicandum
1033 1810 1358 1881 eaeistimant,
1387 1828 1492 1867 non
1521 1818 1718 1885 putant
1749 1830 1806 1868 se
1834 1811 2045 1881 alieniS,
2075 1813 2232 1868 immo

314 1906 527 1959 aeternis
548 1907 780 1976 peccatis
804 1908 1216 1978 communicare,
1245 1909 1583 1964 admittentes
1600 1910 1713 1965 sine
1729 1910 1986 1983 baptismo
2007 1926 2117 1980 608,
2147 1907 2232 1982 qui

312 2020 420 2059 non
448 2003 551 2058 nisi
580 2004 636 2057 in
654 2003 912 2075 baptismo
940 2015 1163 2075 possunt
1186 2005 1631 2078 blasphemiarum
1655 2026 1871 2063 suarum
1890 2013 2112 2081 peccata
2154 2007 2241 2063 de-

308 2107 617 2176 ponere!...
660 2102 828 2169 Quam
871 2102 1064 2159 vc'mum
1110 2112 1187 2160 est
1215 2123 1381 2178 porro
1437 2113 1485 2162 et
1524 2124 1865 2180 perversum,
1898 2115 1957 2162 ut
1991 2126 2106 2162 eum
2138 2109 2241 2180 ipsi.

314 2200 570 2270 haeretiee',
598 2201 878 2274 repudiato
905 2209 955 2257 et
987 2202 1170 2258 relicto
1201 2204 1283 2259 vel
1322 2222 1507 2259 errore
1533 2205 1614 2261 vel
1638 2206 1835 2265 scelere
1874 2209 1929 2261 in
1958 2224 2057 2279 quo
2081 2207 2232 2278 prius

310 2296 550 2368 fuerant,
577 2297 1139 2370 aquoscantEcclesiae
1156 2301 1455 2372 veritatem,
1483 2319 1580 2358 nos
1601 2303 1839 2359 veritatis
1865 2304 2099 2377 ejusdem
2115 2305 2239 2378 jura

314 2404 366 2453 et
396 2404 787 2453 sacramentum
812 2399 1132 2471 macilentum,
1172 2406 1224 2455 et
1247 2403 1578 2458 venientibus
1600 2421 1660 2459 ae
1687 2405 2058 2476 poenitentibus
2094 2405 2238 2461 dica-

314 2513 432 2551 mus
465 2513 554 2551 eos
586 2497 955 2552 remissionem
983 2504 1326 2570 peecatorum
1350 2508 1653 2557 consecutos
1676 2503 1896 2558 esse?...
1929 2501 2083 2558 Unde
2109 2501 2237 2559 nul-

315 2593 446 2651 litas
474 2595 741 2670 baptismi
769 2597 838 2651 ab
865 2597 1143 2655 haereticis
1164 2599 1374 2670 collati,
1401 2618 1513 2656 non
1533 2607 1925 2676 propugnatur
1946 2601 2237 2659 dumtaxat

314 2698 586 2767 tanquam
627 2694 816 2769 opinio
842 2697 1154 2768 probabilis,
1186 2699 1284 2755 sed
1314 2706 1589 2773 tanquam
1633 2701 1867 2757 omnino
1896 2708 2051 2758 certa
2081 2708 2134 2760 et
2160 2703 2243 2759 te?

316 2791 527 2859 nenda;
562 2791 637 2846 ita
659 2799 719 2847 ut
737 2793 1198 2866 peccaminosum
1218 2803 1273 2853 et
1291 2815 1620 2872 perversum
1646 2799 1717 2856 sit
1737 2801 2085 2858 eontrarium
2109 2793 2232 2858 seh-

314 2888 423 2945 tire
456 2906 519 2945 ac
555 2905 739 2962 agere.
775 2890 1013 2963 Legatur
1054 2892 1229 2948 totius
1260 2893 1508 2968 epistolae
1535 2902 1694 2953 tenor
1730 2899 1972 2970 (seclusa
2008 2898 2262 2956 conclw.

312 2989 490 3065 sione)
533 2995 586 3046 et
630 2995 858 3047 notetur
901 3010 1072 3066 quam
1112 2994 1406 3052 absolutus
1455 2996 1880 3074 intoleransque
1929 2998 2001 3055 sit
2044 2998 2223 3075 ipsius

314 3093 533 3159 auc‘tor,
574 3088 634 3144 in
675 3089 1026 3148 defendenda
1060 3092 1156 3149 illa
1202 3112 1306 3151 sua
1342 3094 1621 3152 doctrina.
2231 3154 2236 3159 .

383 3190 513 3246 Jarn
558 3208 689 3248 vero
722 3192 877 3250 hisee
913 3199 1030 3250 tarn
1064 3194 1329 3252 ardenter
1369 3202 1424 3252 et
1458 3197 1584 3254 fuse
1623 3196 1931 3273 disputatis
1972 3210 2224 3272 quaenam

314 3289 567 3347 assuitur
603 3292 923 3349 conclusio?
949 3293 1024 3349 Ea
1056 3311 1192 3350 sane
1226 3312 1399 3368 quam
1429 3296 1755 3371 suspicatus
1793 3313 1961 3353 nemo
1985 3295 2180 3352 fuisset
2206 3313 2222 3358 ;

312 3385 589 3443 nimirum
630 3410 642 3443 :
670 3389 980 3466 unicuique
1016 3390 1287 3468 Episcopo
1320 3392 1566 3449 liberum
1601 3411 1722 3450 esse
1756 3395 1866 3450 hac
1897 3394 1964 3449 de
1991 3410 2052 3448 re
2079 3385 2224 3464 quod

308 3481 536 3544 libuerit
565 3489 797 3560 sentire,
827 3496 881 3548 et
911 3491 1088 3549 dictos
1112 3493 1182 3550 ab
1210 3493 1412 3551 haeresi
1438 3511 1689 3551 reversos
1714 3494 1991 3568 baptizare
2005 3491 2091 3548 vel
2115 3503 2225 3545 non

310 3580 623 3656 baptizare:
658 3611 686 3643 «
714 3590 839 3648 Haec
879 3592 984 3650 tibi
1021 3593 1289 3666 breviter,
1327 3591 1429 3671 pro
1465 3601 1655 3653 nostra
1698 3592 2086 3652 mediocritate
2114 3603 2230 3645 res·
