2306 4010
817 239 940 285 PARS
970 231 1210 286 SECUNDA‘.
1867 236 1950 282 261

77 348 242 407 inerit
261 346 407 421 quod
428 345 588 402 initio
617 346 1044 419 antesignanum
1072 345 1368 404 habuerint
1392 346 1646 420 lugendae
1673 346 1956 403 memoriae

78 446 361 504 dominum
376 444 442 502 de
458 444 802 514 LamennaiS,
825 446 1060 520 ejusque
1078 447 1145 504 de
1169 447 1394 504 criterio
1422 446 1777 504 certitudinis
1807 463 1957 503 erro-

79 542 469 619 neosystemati
485 542 804 616 aliquandiu
822 543 1082 600 bonafide
1096 545 1456 615 adhaeserint,
1472 563 1579 620 qua
1594 551 1750 621 parte
1763 551 1951 601 tamen

81 641 362 699 veritatem
403 645 596 696 contra
632 637 1092 695 Gallicanismum
1122 642 1444 713 tuebantur,
1478 642 1547 698 de
1584 660 1644 699 re
1685 642 1957 699 catholica

84 740 287 814 optime
314 738 494 795 meriti
527 742 685 804 sunt3
713 755 813 794 nec
845 736 1100 793 incassus
1118 738 1285 794 cessit
1305 758 1499 795 corum
1526 742 1682 796 labor
1703 759 1765 797 ac
1788 760 1955 820 cona-

85 847 194 896 tus,
221 839 400 913 Coepta
437 836 699 912 paulatim
738 835 1056 910 praejudicia
1088 841 1309 892 nutare.
1333 837 1567 908 Agnitus
1598 839 1743 894 circa
1778 840 1871 913 jus
1898 839 1959 894 li-

85 937 416 1010 thurgicum,
457 935 668 1009 aliaque
701 933 905 1008 capita,
935 933 1203 990 Gallicani
1239 934 1557 1012 systematis
1591 953 1770 992 error.
1805 936 1868 993 Et
1892 955 1955 992 eo

85 1034 322 1103 tandem,
354 1033 564 1090 favente
589 1033 711 1099 Dee,
733 1032 1050 1101 deventum,
1081 1038 1140 1087 ut
1175 1031 1232 1087 in
1271 1031 1436 1087 dictis
1463 1031 1631 1088 etiam
1659 1051 1955 1107 congrega-

82 1130 343 1197 tionibuS‚
386 1148 506 1203 quae
556 1129 879 1186 reducendae
919 1147 1064 1184 sanae
1101 1129 1174 1202 (id
1210 1136 1312 1198 est,
1360 1130 1639 1200 Romanae)
1691 1130 1958 1186 doctrinae

80 1229 430 1304 pertinaciter
455 1228 865 1296 obnitebantur,
895 1227 1039 1282 haud
1064 1228 1223 1301 pauci
1251 1246 1398 1283 nunc
1418 1236 1658 1300 quatuor
1689 1228 1956 1284 articulos

79 1328 207 1383 anni
241 1327 383 1382 1682
419 1333 602 1400 aperte
633 1331 916 1399 respuant,
950 1325 1218 1379 laudabili
1259 1326 1372 1381 zelo
1409 1326 1717 1393 confutent,
1753 1334 1805 1382 et
1837 1327 1959 1383 abs-

88 1442 195 1495 que
223 1424 543 1497 ambagibus
569 1430 884 1479 contentam
917 1423 973 1478 in
1011 1423 1079 1478 iis
1113 1423 1447 1491 doctrinam,
1476 1441 1761 1478 erroneam
1794 1432 1961 1495 atque

94 1522 318 1575 omnino
358 1521 603 1576 illicitam
640 1523 1018 1594 pronuntient.

166 1612 254 1666 Ast
287 1628 350 1665 cx
381 1611 475 1666 illo
505 1611 640 1686 ipso,
671 1630 779 1667 non
805 1612 1076 1679 omnium,
1109 1613 1202 1668 scd
1231 1613 1439 1684 aliquot
1470 1614 1758 1669 dumtaxat
1784 1633 1957 1670 mem-

90 1708 314 1764 brorum
356 1710 422 1764 ad
468 1716 667 1765 rectam
715 1710 1017 1766 doctrinam
1068 1711 1271 1781 reditu,
1319 1711 1498 1767 oritur
1536 1711 1775 1784 practica
1814 1711 1957 1766 disti-

86 1804 278 1874 cultaS,
316 1822 477 1875 quam
508 1805 593 1859 hic
621 1806 1001 1878 expendimus,
1038 1806 1309 1878 Contingit
1344 1823 1543 1879 nempe
1574 1813 1634 1861 ut
1665 1823 1730 1861 ex
1759 1809 1950 1864 cadem

81 1897 493 1968 congregatione
531 1900 861 1971 professores
896 1900 987 1955 alii
1035 1899 1230 1955 licitam
1264 1901 1513 1969 doceant,
1562 1902 1714 1958 verbi
1750 1906 1951 1977 gratia,

78 1991 407 2047 Gallicanam
432 1993 496 2048 de
517 1994 668 2067 Papae
694 1995 1028 2052 fallibilitate
1055 1996 1395 2070 opinionem,
1422 1999 1515 2053 alii
1540 2018 1667 2055 vcro
1688 2002 1949 2067 illicitam,-

80 2088 238 2162 idque
280 2089 335 2144 in
365 2108 474 2146 uno
507 2090 671 2147 etiam
708 2092 1005 2166 eodemque
1040 2093 1358 2150 seminario.
1391 2095 1451 2150 Et
1481 2096 1562 2151 illi
1592 2098 1816 2169 quidem
1856 2102 1950 2173 qui

78 2202 355 2241 erroneam
394 2193 444 2241 et
478 2187 726 2243 illicitam
764 2206 883 2243 eam
926 2191 1315 2272 pronuntiant,
1354 2193 1487 2248 satis
1535 2212 1592 2249 sc
1626 2194 1805 2251 officio
1848 2215 1947 2252 suo

82 2282 268 2338 secisse
296 2284 648 2341 arbitrantur.
678 2289 757 2343 An
796 2294 981 2344 autem
1023 2289 1244 2362 merito,
1274 2310 1386 2346 non
1414 2292 1488 2346 ita
1529 2293 1690 2348 facile
1720 2297 1946 2368 probari

84 2396 237 2452 posse
275 2381 593 2439 existimem.
638 2384 769 2440 Nam
810 2387 998 2443 audita
1043 2387 1140 2443 illa
1187 2389 1619 2445 contradictoria
1666 2392 1940 2463 doctrina,

81 2475 211 2547 quid
234 2478 485 2552 colligent
523 2481 810 2556 discipuli?
852 2485 1004 2540 llaud
1044 2503 1175 2541 sane
1211 2486 1386 2556 aliud,
1417 2507 1584 2560 quam
1616 2494 1945 2547 controverti

80 2588 212 2641 rem,
239 2579 290 2628 et
316 2581 600 2649 utramque
621 2579 936 2653 opinionem
963 2581 1176 2636 licitam
1204 2583 1310 2638 sibi
1339 2602 1460 2641 csse
1490 2603 1552 2640 ac
1579 2585 1835 2654 liberam3
1871 2590 1946 2644 si-

78 2666 294 2738 quidem
321 2676 607 2746 utramque
632 2675 818 2733 vident
846 2678 914 2732 ab
936 2678 1183 2751 ejusdem
1210 2683 1652 2754 congregationis
1671 2686 1944 2758 professo-

77 2765 247 2836 ribus,
274 2769 454 2826 animo
483 2776 818 2849 caeteroquin
850 2777 1345 2851 conjunctissimiS,
1389 2783 1752 2855 propugnari.
1802 2784 1942 2840 Sanc

78 2863 406 2934 professores
446 2869 523 2924 illi
567 2873 660 2945 qui
705 2873 909 2929 dictam
952 2875 1287 2932 Gallicanam
1334 2879 1648 2952 opinionem
1695 2880 1938 2937 illicitam

76 2962 445 3034 pronuntiant,
480 2967 559 3022 vel
587 2971 731 3025 serio
759 2972 1085 3045 loquuntur,
1112 2974 1197 3029 vel
1232 2993 1362 3030 non.
1392 2976 1444 3029 Si
1480 2977 1780 3049 posteriuS,
1810 2995 1940 3049 ergo

73 3054 304 3115 illudunt
330 3080 392 3118 ac
420 3067 784 3124 mentiuntur.
821 3070 874 3124 Si
914 3071 1092 3142 priuS,
1138 3091 1266 3145 ergo
1301 3074 1538 3145 collegas
1580 3092 1732 3141 sum,
1771 3093 1939 3147 oppo-

68 3152 231 3210 situm
272 3157 546 3232 docentcS,
592 3166 794 3220 habere
839 3167 1038 3223 debent
1088 3177 1353 3242 tanquam
1415 3170 1624 3242 pcccati
1674 3173 1826 3225 reos¹
1874 3191 1935 3226 ac

68 3252 298 3322 pestiferi
334 3258 539 3313 erroris
576 3269 980 3332 propagatores,
1022 3265 1136 3327 Qua
1168 3272 1348 3321 stante
1387 3268 1771 3339 persuasione,
1807 3287 1934 3326 con-

66 3351 310 3420 sequitur
343 3353 603 3426 obligatio
629 3374 725 3428 pro
764 3376 923 3430 posse
948 3361 1252 3416 obsistendi
1290 3380 1358 3416 ne
1389 3363 1457 3417 ab
1483 3362 1679 3418 iisdem
1709 3366 1932 3439 collegis

3 3530 6 3531 V
68 3445 300 3504 ‘uniorcs
337 3451 522 3507 clerici
563 3453 908 3526 decipiantur
953 3465 1004 3511 et
1052 3458 1109 3512 in
1150 3465 1527 3516 transversum
1569 3470 1822 3535 agantur.
1870 3467 1927 3521 Id

116 3588 169 3641 (l)
200 3591 409 3634 Peccatum
434 3599 495 3634 est
520 3595 671 3635 illicita
691 3607 829 3646 agere.
860 3599 905 3638 Et
931 3600 1040 3651 quod
1066 3600 1170 3640 bona
1196 3601 1297 3643 fides
1320 3603 1581 3653 interveniat,
1609 3609 1774 3651 efficere
1797 3617 1928 3663 potest

69 3659 110 3694 ut
133 3664 336 3710 peccatum
357 3662 406 3701 sit
432 3662 639 3701 dumtaxat
664 3665 889 3711 materiale,
909 3678 989 3705 non
1011 3673 1145 3707 autem
1166 3674 1208 3709 ut
1229 3681 1310 3710 non
1337 3672 1439 3712 adsit
1462 3680 1688 3725 peccatum.
