2306 4010
876 219 1005 266 PARS
1036 219 1277 267 SECUNDA.
1930 219 2021 266 155

145 343 240 383 sur
259 324 552 399 lesquelles
574 342 771 400 reposc
800 325 1146 382 l'immuable
1174 324 1452 399 grandeur
1472 324 1547 381 du
1571 323 1931 397 Saint-Siege.
1958 323 2022 381 Et

145 421 190 478 si
212 410 432 495 l'Eglise
455 421 726 495 gallicane
740 431 782 497 'y
814 422 1044 496 indique
1063 423 1228 478 d’une
1249 421 1400 477 main
1426 421 1479 476 13
1501 421 1679 503 partie
1702 421 1770 477 de
1789 419 2023 477 l'edifice

141 538 248 595 que
270 520 381 576 l'on
423 527 553 594 peut
587 522 825 589 abattre,
866 521 972 576 elle
998 526 1217 576 montre
1257 520 1324 576 de
1367 519 1566 576 l'autre
1601 519 1738 575 celle
1774 520 1871 592 qui
1908 518 2022 575 doit

144 622 260 673 etre
286 620 313 672 a
335 617 536 690 jamais
563 619 754 676 sacree.
771 623 824 673 et
850 615 1166 672 inviolable.
1216 616 1285 672 Le
1310 608 1556 672 moment
1584 617 1724 672 n’est
1747 621 2025 691 peut-etre

68 713 75 718 ’
146 732 244 788 pas
271 713 490 786 eloigne
523 715 595 768 οὺ
624 712 736 767 l'on
761 712 1043 785 adoptera,
1092 710 1230 765 dans
1260 711 1342 767 les
1383 699 1534 768 Etats
1575 713 1920 786 catholiques
1959 713 2027 768 de

144 812 418 884 l'Europe,
450 828 551 866 nos
583 809 877 875 maximes;
927 813 980 864 et
1010 808 1062 864 la
1089 808 1303 863 crainte
1337 809 1503 880 qu'en
1546 817 1818 883 poussant
1849 810 2027 886 preci-

146 907 475 982 pitamment
499 906 551 960 la
573 903 927 976 jurisdiction
964 903 1038 958 du
1067 903 1231 977 Pape,
1262 921 1331 958 on
1356 921 1427 958 ne
1455 904 1507 958 13
1536 904 1683 960 fasse
1713 889 1930 962 reculer
1957 926 2025 962 33

146 1004 264 1060 dela
298 1003 363 1059 de
391 1020 478 1058 ses
502 1002 679 1075 justes
713 1001 938 1068 borneS‚
965 1017 1106 1056 nous
1134 1018 1163 1055 3
1194 999 1375 1055 donne
1407 999 1518 1054 lieu
1545 999 1610 1055 de
1637 1000 1775 1055 faire
1801 1001 2028 1057 l'obser-

148 1101 330 1159 vation
361 1100 707 1175 precedente.
748 1120 775 1151 5>

230 1200 307 1255 lta
360 1200 703 1273 'scriptorum
764 1215 995 1253 suorum
1048 1197 1249 1254 seriem
1302 1195 1700 1270 auspicabatur
1763 1196 2030 1252 dominus

149 1297 364 1371 Emery,
396 1315 570 1352 33303
600 1302 764 1351 natus
787 1294 1173 1367 quadraginta.
1203 1294 1350 1348 Hanc
1372 1294 1598 1365 quidem
1635 1293 1878 1348 effraenis
1911 1293 2031 1348 Gal·

149 1394 420 1450 licanismi
442 1393 837 1468 professionem
868 1390 1135 1465 expunxit
1162 1391 1218 1445 in
1243 1390 1491 1463 ejusdem
1512 1391 1700 1463 operis
1730 1391 2029 1446 subsecuta

154 1489 388 1545 editione
415 1506 557 1556 anno
585 1487 751 1557 1805,
797 1505 964 1558 quam
1004 1485 1289 1558 inscripsit
1323 1485 1546 1540 Pense'es
1579 1487 1639 1540 (16
1669 1485 1934 1550 Leibnitz3
1977 1491 2030 1540 at

157 1585 507 1658 pertinaciter
535 1589 746 1639 retenta
780 1583 940 1657 plena
983 1601 1081 1637 sua
1115 1588 1353 1654 quatuor
1399 1582 1649 1637 articulis
1688 1582 2028 1650 adhaesione,

157 1699 324 1753 quam
374 1680 582 1754 pluries
619 1680 822 1753 scripto
851 1686 1126 1735 exaratam
1172 1686 1223 1735 et
1265 1697 1364 1733 suo
1395 1678 1619 1733 nomine
1658 1678 2031 1751 subscriptam

153 1778 422 1850 gubernio
451 1776 697 1832 tradidit.

228 1873 512 1946 Lugendos
547 1873 757 1927 domini
807 1873 1000 1947 Emery
1034 1873 1223 1946 lapsus
1272 1873 1507 1945 longum
1550 1871 1687 1927 foret
1717 1876 2026 1946 pertexere.

154 1967 354 2023 Paucos
387 1967 966 2023 cemmemorabimuS.

226 2064 278 2119 1.
307 2064 550 2119 Jusserat
576 2063 954 2136 Lugdunensis
984 2065 1448 2140 Archiepiscopus
1478 2065 1545 2120 de
1570 2064 1838 2120 Montazet
1865 2066 1923 2119 in
1950 2084 2031 2121 se-

155 2160 391 2215 minario
423 2160 635 2215 edoceri
665 2161 1021 2233 theologiam,
1054 2180 1084 2216 a
1116 2162 1428 2218 Jansenista
1471 2163 1629 2216 Patre
1657 2161 1806 2216 Valla
1843 2168 2031 2217 orato-

155 2258 309 2311 riano
338 2256 727 2328 conscriptam,
768 2258 1052 2312 erroribus
1074 2265 1127 2313 et
1155 2258 1455 2312 haereticali
1489 2275 1701 2313 veneno
1742 2259 2026 2313 refertam.

158 2350 467 2406 Periculum
503 2359 618 2407 erat
649 2370 715 2406 ne
737 2352 1095 2425 Sulpitianos,
1129 2353 1176 2407 si
1202 2353 1340 2408 sorte
1366 2352 1598 2424 obsequi
1625 2353 1966 2422 renuissent,
2003 2371 2031 2406 a

157 2458 261 2501 ’330
289 2447 586 2502 seminario
615 2448 821 2503 Praesul
855 2455 1147 2505 amoveret.
1182 2450 1321 2513 Quid
1357 2449 1462 2505 sibi
1500 2449 1773 2522 agendum
1817 2448 2031 2521 Lugdu-

163 2541 346 2596 nensis
373 2543 656 2598 scminarii
692 2544 991 2600 directores
1031 2563 1060 2600 a
1101 2564 1200 2600 suo
1236 2546 1478 2617 generali
1507 2545 1790 2618 superiore
1838 2546 2034 2622 Emery

159 2638 525 2711 postularunt.
568 2640 866 2714 Respondit
895 2642 940 2697 is
982 2642 1469 2713 acquiescendum,
1503 2642 1559 2696 id
1599 2649 1678 2697 est
1726 2642 2037 2697 haereticale

157 2749 293 2805 opus
331 2733 618 2807 discipulis
660 2736 1103 2809 praelegendum;
1142 2736 1311 2792 simul
1357 2743 1546 2794 autem
1603 2737 1913 2793 cavendum
1970 2754 2039 2791 nc

161 2828 516 2886 lieterodoxas
542 2832 789 2905 ejusdem
817 2835 999 2908 operis
1021 2835 1427 2909 propositiones
1445 2835 1729 2891 ullomodo
1760 2835 2043 2907 qualifica-

122 2998 126 3001 ῃ
162 2934 298 2982 rent.
333 2929 503 2992 Quam
542 2932 733 3003 agendi
767 2933 1039 2989 rationem
1085 2933 1400 3007 Sulpitiani,
1428 2934 1523 3007 qui
1571 2950 1752 3007 nuper
1793 2933 1913 3004 ejus
1959 2932 2039 2985 vi-

166 3027 277 3076 tam
301 3023 613 3097 ediderunt,
663 3036 857 3084 vocant
900 3033 1166 3101 conforme
1192 3034 1223 3084 ὰ
1251 3031 1448 3105 l'esprit
1498 3031 1560 3085 (16
1589 3031 1915 3084 mocle'ration
1942 3045 2040 3098 que

163 3116 233 3172 M.
263 3106 444 3190 Emery
472 3124 604 3176 avait
639 3133 872 3179 coutmne
902 3127 965 3180 de
987 3136 1170 3198 portet·
1202 3127 1333 3181 dans
1361 3129 1412 3182 Ia
1437 3128 1677 3181 confluite
1703 3126 1792 3179 (163
1819 3124 2036 3195 affaires

165 3212 410 3267 de'licates
437 3214 544 3286 (Vie
566 3216 629 3270 de
653 3217 722 3272 M.
756 3208 963 3291 Emer-y,
996 3226 1145 3276 tome
1184 3220 1225 3287 Ι,
1253 3237 1389 3293 page
1419 3219 1548 3288 2110,
1579 3219 1728 3273 Paris
1760 3217 1955 3287 1862).

237 3310 289 3364 2.
322 3311 576 3367 Praestitit
588 3311 990 3384 juramentum,
1013 3317 1411 3373 abAssemblea
1436 3314 1729 3383 nationali,
1751 3315 1840 3370 die
1858 3315 1890 3370 5
1913 3333 2034 3390 sep-

166 3407 392 3462 tembris
427 3409 589 3480 1792,
629 3412 1039 3485 praescriptum,
1085 3414 1361 3477 videlicet,
1408 3416 1471 3468 (16
1502 3415 1785 3467 maintenir
1814 3414 1877 3468 (16
1922 3423 2034 3469 tout

163 3519 255 3557 son
280 3507 497 3575 pouvoir
528 3508 580 3561 la
611 3507 810 3576 liberte',
840 3508 1084 3579 l'e'901ite',
1119 3512 1172 3564 la
1201 3513 1376 3564 sarete'
1415 3511 1506 3564 des
1532 3527 1816 3582 personnes
1857 3521 1908 3567 et
1940 3513 2032 3568 cles

114 3608 122 3617 ·
161 3602 471 3671 proprie'tds,
495 3610 544 3655 et
567 3602 629 3657 (16
654 3606 871 3672 mour-ir,
891 3602 974 3658 s'il
1002 3604 1048 3659 16
1065 3605 1406 3677 fallait,pour
1428 3605 1735 3662 I-‘exdcution
1757 3607 1821 3662 (16
1840 3608 1892 3663 la
1927 3609 2018 3663 ἰοὶ.
