<?xml version="1.0" encoding="UTF-8"?>
<!DOCTYPE html PUBLIC "-//W3C//DTD XHTML 1.0 Transitional//EN"
    "http://www.w3.org/TR/xhtml1/DTD/xhtml1-transitional.dtd">
<html xmlns="http://www.w3.org/1999/xhtml" xml:lang="en" lang="en">
 <head>
  <title>
</title>
<meta http-equiv="Content-Type" content="text/html;charset=utf-8" />
  <meta name='ocr-system' content='tesseract 3.04.00' />
  <meta name='ocr-capabilities' content='ocr_page ocr_carea ocr_par ocr_line ocrx_word'/>
</head>
<body>
  <div class='ocr_page' id='page_1' title='image "a548470102bouiuoft_0087.png"; bbox 0 0 2306 4010; ppageno 0'>
   <div class='ocr_carea' id='block_1_1' title="bbox 0 0 53 3356">
    <p class='ocr_par' dir='ltr' id='par_1_1' title="bbox 0 0 53 3356">
     <span class='ocr_line' id='line_1_1' title="bbox 0 0 53 3356; baseline 0 0"><span class='ocrx_word' id='word_1_1' title='bbox 0 0 53 3356; x_wconf 95' lang='lat' dir='ltr'> </span> 
     </span>
    </p>
   </div>
   <div class='ocr_carea' id='block_1_2' title="bbox 873 187 2019 237">
    <p class='ocr_par' dir='ltr' id='par_1_2' title="bbox 873 187 2019 237">
     <span class='ocr_line' id='line_1_2' title="bbox 873 187 2019 237; baseline -0.003 -1"><span class='ocrx_word' id='word_1_2' title='bbox 873 189 1002 237; x_wconf 76' lang='lat' dir='ltr'>PARS</span> <span class='ocrx_word' id='word_1_3' title='bbox 1034 187 1272 237; x_wconf 72' lang='lat' dir='ltr'>SECUNDA.</span> <span class='ocrx_word' id='word_1_4' title='bbox 1963 187 2019 233; x_wconf 80' lang='lat'>79</span> 
     </span>
    </p>
   </div>
   <div class='ocr_carea' id='block_1_3' title="bbox 119 292 2030 3389">
    <p class='ocr_par' dir='ltr' id='par_1_3' title="bbox 119 292 2030 2204">
     <span class='ocr_line' id='line_1_3' title="bbox 137 292 2021 370; baseline -0.003 -13"><span class='ocrx_word' id='word_1_5' title='bbox 137 299 240 357; x_wconf 84' lang='lat' dir='ltr'>sibi</span> <span class='ocrx_word' id='word_1_6' title='bbox 277 297 542 356; x_wconf 90' lang='lat' dir='ltr'>constitui</span> <span class='ocrx_word' id='word_1_7' title='bbox 567 296 838 354; x_wconf 82' lang='lat' dir='ltr'>vicarium</span> <span class='ocrx_word' id='word_1_8' title='bbox 878 295 1217 370; x_wconf 86' lang='lat' dir='ltr'>generalem,</span> <span class='ocrx_word' id='word_1_9' title='bbox 1246 293 1342 368; x_wconf 90' lang='lat' dir='ltr'>qui</span> <span class='ocrx_word' id='word_1_10' title='bbox 1369 292 1611 350; x_wconf 87' lang='lat' dir='ltr'>Jesuitas</span> <span class='ocrx_word' id='word_1_11' title='bbox 1642 292 1832 350; x_wconf 88' lang='lat' dir='ltr'>Galliae</span> <span class='ocrx_word' id='word_1_12' title='bbox 1868 293 2021 351; x_wconf 92' lang='lat' dir='ltr'>inde-</span> 
     </span>
     <span class='ocr_line' id='line_1_4' title="bbox 128 392 2023 475; baseline -0.004 -19"><span class='ocrx_word' id='word_1_13' title='bbox 128 397 438 475; x_wconf 82' lang='lat' dir='ltr'>pendenter</span> <span class='ocrx_word' id='word_1_14' title='bbox 481 415 510 452; x_wconf 91' lang='lat' dir='ltr'>a</span> <span class='ocrx_word' id='word_1_15' title='bbox 551 395 797 469; x_wconf 88' lang='lat' dir='ltr'>generali</span> <span class='ocrx_word' id='word_1_16' title='bbox 840 394 1132 469; x_wconf 85' lang='lat' dir='ltr'>Praeposito</span> <span class='ocrx_word' id='word_1_17' title='bbox 1178 397 1406 466; x_wconf 87' lang='lat' dir='ltr'>regeret.</span> <span class='ocrx_word' id='word_1_18' title='bbox 1434 392 1843 450; x_wconf 83' lang='lat' dir='ltr'>Denuntiarunt</span> <span class='ocrx_word' id='word_1_19' title='bbox 1872 393 2023 466; x_wconf 79' lang='lat' dir='ltr'>jussu</span> 
     </span>
     <span class='ocr_line' id='line_1_5' title="bbox 131 491 2022 571; baseline -0.003 -18"><span class='ocrx_word' id='word_1_20' title='bbox 131 499 270 571; x_wconf 72' lang='lat' dir='ltr'>reyio</span> <span class='ocrx_word' id='word_1_21' title='bbox 309 515 435 569; x_wconf 84' lang='lat' dir='ltr'>mox</span> <span class='ocrx_word' id='word_1_22' title='bbox 460 495 770 551; x_wconf 83' lang='lat' dir='ltr'>habendam</span> <span class='ocrx_word' id='word_1_23' title='bbox 799 495 868 550; x_wconf 89' lang='lat' dir='ltr'>ab</span> <span class='ocrx_word' id='word_1_24' title='bbox 902 492 1040 567; x_wconf 90' lang='lat' dir='ltr'>ipsis</span> <span class='ocrx_word' id='word_1_25' title='bbox 1064 492 1364 566; x_wconf 80' lang='lat' dir='ltr'>synodum,</span> <span class='ocrx_word' id='word_1_26' title='bbox 1391 492 1450 547; x_wconf 90' lang='lat' dir='ltr'>in</span> <span class='ocrx_word' id='word_1_27' title='bbox 1476 510 1586 566; x_wconf 91' lang='lat' dir='ltr'>qua</span> <span class='ocrx_word' id='word_1_28' title='bbox 1617 494 1719 549; x_wconf 86' lang='lat' dir='ltr'>hac</span> <span class='ocrx_word' id='word_1_29' title='bbox 1746 492 1814 548; x_wconf 93' lang='lat' dir='ltr'>de</span> <span class='ocrx_word' id='word_1_30' title='bbox 1843 509 1904 548; x_wconf 89' lang='lat' dir='ltr'>re</span> <span class='ocrx_word' id='word_1_31' title='bbox 1929 491 2022 548; x_wconf 91' lang='lat' dir='ltr'>de-</span> 
     </span>
     <span class='ocr_line' id='line_1_6' title="bbox 131 589 2023 667; baseline -0.003 -18"><span class='ocrx_word' id='word_1_32' title='bbox 131 594 432 650; x_wconf 82' lang='lat' dir='ltr'>liberarent</span> <span class='ocrx_word' id='word_1_33' title='bbox 468 600 634 667; x_wconf 90' lang='lat' dir='ltr'>atque</span> <span class='ocrx_word' id='word_1_34' title='bbox 669 597 978 667; x_wconf 85' lang='lat' dir='ltr'>opportuna</span> <span class='ocrx_word' id='word_1_35' title='bbox 1003 593 1335 645; x_wconf 70' lang='lat' dir='ltr'><strong>statuerent.</strong></span> <span class='ocrx_word' id='word_1_36' title='bbox 1375 589 1634 646; x_wconf 83' lang='lat' dir='ltr'>Habitum</span> <span class='ocrx_word' id='word_1_37' title='bbox 1662 608 1849 646; x_wconf 86' lang='lat' dir='ltr'>revera</span> <span class='ocrx_word' id='word_1_38' title='bbox 1875 589 2023 646; x_wconf 89' lang='lat' dir='ltr'>Pari-</span> 
     </span>
     <span class='ocr_line' id='line_1_7' title="bbox 133 684 2023 763; baseline -0.002 -18"><span class='ocrx_word' id='word_1_39' title='bbox 133 691 252 758; x_wconf 83' lang='lat' dir='ltr'>siis,</span> <span class='ocrx_word' id='word_1_40' title='bbox 287 692 495 763; x_wconf 72' lang='lat' dir='ltr'>jubente</span> <span class='ocrx_word' id='word_1_41' title='bbox 527 707 667 761; x_wconf 61' lang='grc' dir='ltr'><em>φερε,</em></span> <span class='ocrx_word' id='word_1_42' title='bbox 701 686 841 742; x_wconf 94' lang='lat' dir='ltr'>illud</span> <span class='ocrx_word' id='word_1_43' title='bbox 875 684 1283 759; x_wconf 89' lang='lat' dir='ltr'>praecipuorum</span> <span class='ocrx_word' id='word_1_44' title='bbox 1313 686 1652 743; x_wconf 86' lang='lat' dir='ltr'>Jesuitarum</span> <span class='ocrx_word' id='word_1_45' title='bbox 1683 686 1869 742; x_wconf 87' lang='lat' dir='ltr'>Galliae</span> <span class='ocrx_word' id='word_1_46' title='bbox 1893 704 2023 742; x_wconf 91' lang='lat' dir='ltr'>con-</span> 
     </span>
     <span class='ocr_line' id='line_1_8' title="bbox 135 782 2026 858; baseline -0.001 -15"><span class='ocrx_word' id='word_1_47' title='bbox 135 788 484 844; x_wconf 85' lang='lat' dir='ltr'>ciliabulum.</span> <span class='ocrx_word' id='word_1_48' title='bbox 521 787 580 841; x_wconf 88' lang='lat' dir='ltr'>ln</span> <span class='ocrx_word' id='word_1_49' title='bbox 607 804 716 858; x_wconf 93' lang='lat' dir='ltr'>quo</span> <span class='ocrx_word' id='word_1_50' title='bbox 745 791 934 840; x_wconf 89' lang='lat' dir='ltr'>tamen</span> <span class='ocrx_word' id='word_1_51' title='bbox 963 800 1075 837; x_wconf 92' lang='lat' dir='ltr'>non</span> <span class='ocrx_word' id='word_1_52' title='bbox 1110 782 1231 838; x_wconf 85' lang='lat' dir='ltr'>ausi</span> <span class='ocrx_word' id='word_1_53' title='bbox 1277 788 1406 838; x_wconf 83' lang='lat' dir='ltr'>sunt</span> <span class='ocrx_word' id='word_1_54' title='bbox 1439 784 1660 858; x_wconf 84' lang='lat' dir='ltr'>propria</span> <span class='ocrx_word' id='word_1_55' title='bbox 1695 785 2026 841; x_wconf 85' lang='lat' dir='ltr'>auctoritate</span> 
     </span>
     <span class='ocr_line' id='line_1_9' title="bbox 132 879 2023 956; baseline -0.002 -17"><span class='ocrx_word' id='word_1_56' title='bbox 132 884 411 941; x_wconf 81' lang='lat' dir='ltr'>vicarium</span> <span class='ocrx_word' id='word_1_57' title='bbox 436 883 748 956; x_wconf 80' lang='lat' dir='ltr'>generalem</span> <span class='ocrx_word' id='word_1_58' title='bbox 775 880 879 936; x_wconf 91' lang='lat' dir='ltr'>sibi</span> <span class='ocrx_word' id='word_1_59' title='bbox 908 879 1112 955; x_wconf 83' lang='lat' dir='ltr'>eligere</span> <span class='ocrx_word' id='word_1_60' title='bbox 1136 897 1199 934; x_wconf 93' lang='lat' dir='ltr'>ac</span> <span class='ocrx_word' id='word_1_61' title='bbox 1219 879 1586 949; x_wconf 80' lang='lat' dir='ltr'>constituere,</span> <span class='ocrx_word' id='word_1_62' title='bbox 1606 882 1709 936; x_wconf 90' lang='lat' dir='ltr'>etsi</span> <span class='ocrx_word' id='word_1_63' title='bbox 1732 884 1833 938; x_wconf 89' lang='lat' dir='ltr'>hoc</span> <span class='ocrx_word' id='word_1_64' title='bbox 1857 882 2023 938; x_wconf 88' lang='lat' dir='ltr'>etiam</span> 
     </span>
     <span class='ocr_line' id='line_1_10' title="bbox 119 963 2022 1052; baseline -0.001 -17"><span class='ocrx_word' id='word_1_65' title='bbox 119 963 350 1038; x_wconf 49' lang='lat' dir='ltr'>&#39;licitum</span> <span class='ocrx_word' id='word_1_66' title='bbox 379 979 735 1036; x_wconf 84' lang='lat' dir='ltr'>affirmaverit</span> <span class='ocrx_word' id='word_1_67' title='bbox 763 985 921 1052; x_wconf 89' lang='lat' dir='ltr'>pater</span> <span class='ocrx_word' id='word_1_68' title='bbox 953 977 1235 1045; x_wconf 87' lang='lat' dir='ltr'>Fontaine‚</span> <span class='ocrx_word' id='word_1_69' title='bbox 1265 982 1326 1031; x_wconf 89' lang='lat' dir='ltr'>ut</span> <span class='ocrx_word' id='word_1_70' title='bbox 1370 976 1516 1031; x_wconf 88' lang='lat' dir='ltr'>infra</span> <span class='ocrx_word' id='word_1_71' title='bbox 1549 977 1849 1033; x_wconf 88' lang='lat' dir='ltr'>videbitur.</span> <span class='ocrx_word' id='word_1_72' title='bbox 1879 979 2022 1042; x_wconf 88' lang='lat' dir='ltr'>Qua-</span> 
     </span>
     <span class='ocr_line' id='line_1_11' title="bbox 134 1075 2024 1155; baseline -0.002 -21"><span class='ocrx_word' id='word_1_73' title='bbox 134 1087 358 1155; x_wconf 84' lang='lat' dir='ltr'>propter</span> <span class='ocrx_word' id='word_1_74' title='bbox 402 1079 614 1135; x_wconf 75' lang='lat' dir='ltr'>litteras</span> <span class='ocrx_word' id='word_1_75' title='bbox 664 1078 731 1134; x_wconf 89' lang='lat' dir='ltr'>ad</span> <span class='ocrx_word' id='word_1_76' title='bbox 785 1077 1079 1132; x_wconf 90' lang='lat' dir='ltr'>Summum</span> <span class='ocrx_word' id='word_1_77' title='bbox 1123 1075 1443 1131; x_wconf 78' lang='lat' dir='ltr'>Pontificem</span> <span class='ocrx_word' id='word_1_78' title='bbox 1505 1075 1851 1147; x_wconf 84' lang='lat' dir='ltr'>direxerunt,</span> <span class='ocrx_word' id='word_1_79' title='bbox 1899 1076 2024 1149; x_wconf 91' lang='lat' dir='ltr'>qui-</span> 
     </span>
     <span class='ocr_line' id='line_1_12' title="bbox 133 1175 2024 1252; baseline -0.001 -20"><span class='ocrx_word' id='word_1_80' title='bbox 133 1179 258 1249; x_wconf 70' lang='lat' dir='ltr'>bus,</span> <span class='ocrx_word' id='word_1_81' title='bbox 286 1177 567 1252; x_wconf 78' lang='lat' dir='ltr'>praemissa</span> <span class='ocrx_word' id='word_1_82' title='bbox 599 1175 954 1248; x_wconf 84' lang='lat' dir='ltr'>querelarum</span> <span class='ocrx_word' id='word_1_83' title='bbox 985 1193 1215 1230; x_wconf 89' lang='lat' dir='ltr'>suarum</span> <span class='ocrx_word' id='word_1_84' title='bbox 1244 1180 1433 1229; x_wconf 92' lang='lat' dir='ltr'>contra</span> <span class='ocrx_word' id='word_1_85' title='bbox 1467 1181 1680 1249; x_wconf 87' lang='lat' dir='ltr'>patrem</span> <span class='ocrx_word' id='word_1_86' title='bbox 1712 1175 2024 1247; x_wconf 82' lang='lat' dir='ltr'>generalem</span> 
     </span>
     <span class='ocr_line' id='line_1_13' title="bbox 133 1272 2024 1347; baseline -0.001 -17"><span class='ocrx_word' id='word_1_87' title='bbox 133 1293 374 1342; x_wconf 86' lang='lat' dir='ltr'>summa,</span> <span class='ocrx_word' id='word_1_88' title='bbox 401 1274 719 1347; x_wconf 85' lang='lat' dir='ltr'>flagitarunt</span> <span class='ocrx_word' id='word_1_89' title='bbox 744 1272 1044 1346; x_wconf 87' lang='lat' dir='ltr'>apostolica</span> <span class='ocrx_word' id='word_1_90' title='bbox 1077 1272 1410 1328; x_wconf 84' lang='lat' dir='ltr'>auctoritate</span> <span class='ocrx_word' id='word_1_91' title='bbox 1438 1272 1705 1327; x_wconf 89' lang='lat' dir='ltr'>constitui</span> <span class='ocrx_word' id='word_1_92' title='bbox 1730 1273 2024 1343; x_wconf 78' lang='lat' dir='ltr'>vicarium,</span> 
     </span>
     <span class='ocr_line' id='line_1_14' title="bbox 133 1370 2026 1445; baseline -0.002 -17"><span class='ocrx_word' id='word_1_93' title='bbox 133 1372 428 1430; x_wconf 79' lang='lat' dir='ltr'>alteriusve</span> <span class='ocrx_word' id='word_1_94' title='bbox 452 1372 693 1427; x_wconf 89' lang='lat' dir='ltr'>nominis</span> <span class='ocrx_word' id='word_1_95' title='bbox 716 1371 1131 1443; x_wconf 78' lang='lat' dir='ltr'>magistratum,</span> <span class='ocrx_word' id='word_1_96' title='bbox 1163 1370 1258 1442; x_wconf 91' lang='lat' dir='ltr'>qui</span> <span class='ocrx_word' id='word_1_97' title='bbox 1285 1371 1522 1426; x_wconf 86' lang='lat' dir='ltr'>Jesuitas</span> <span class='ocrx_word' id='word_1_98' title='bbox 1546 1370 1731 1425; x_wconf 83' lang='lat' dir='ltr'>Galliae</span> <span class='ocrx_word' id='word_1_99' title='bbox 1760 1370 2026 1445; x_wconf 88' lang='lat' dir='ltr'>indepen-</span> 
     </span>
     <span class='ocr_line' id='line_1_15' title="bbox 127 1468 2027 1542; baseline 0 -16"><span class='ocrx_word' id='word_1_100' title='bbox 127 1471 321 1526; x_wconf 81' lang='lat' dir='ltr'>denter</span> <span class='ocrx_word' id='word_1_101' title='bbox 363 1488 391 1524; x_wconf 90' lang='lat' dir='ltr'>a</span> <span class='ocrx_word' id='word_1_102' title='bbox 418 1469 660 1541; x_wconf 84' lang='lat' dir='ltr'>generali</span> <span class='ocrx_word' id='word_1_103' title='bbox 688 1469 982 1542; x_wconf 83' lang='lat' dir='ltr'>praeposito</span> <span class='ocrx_word' id='word_1_104' title='bbox 1010 1486 1197 1539; x_wconf 85' lang='lat' dir='ltr'>regere</span> <span class='ocrx_word' id='word_1_105' title='bbox 1226 1468 1451 1522; x_wconf 68' lang='lat' dir='ltr'>valeret.</span> <span class='ocrx_word' id='word_1_106' title='bbox 1483 1468 1694 1523; x_wconf 77' lang='lat' dir='ltr'>Interea</span> <span class='ocrx_word' id='word_1_107' title='bbox 1734 1474 1885 1524; x_wconf 88' lang='lat' dir='ltr'>totus</span> <span class='ocrx_word' id='word_1_108' title='bbox 1913 1477 2027 1526; x_wconf 89' lang='lat' dir='ltr'>erat</span> 
     </span>
     <span class='ocr_line' id='line_1_16' title="bbox 127 1563 2026 1639; baseline -0.001 -19"><span class='ocrx_word' id='word_1_109' title='bbox 127 1571 283 1639; x_wconf 88' lang='lat' dir='ltr'>pater</span> <span class='ocrx_word' id='word_1_110' title='bbox 317 1565 382 1619; x_wconf 90' lang='lat' dir='ltr'>de</span> <span class='ocrx_word' id='word_1_111' title='bbox 405 1565 456 1618; x_wconf 95' lang='lat' dir='ltr'>la</span> <span class='ocrx_word' id='word_1_112' title='bbox 491 1564 707 1631; x_wconf 85' lang='lat' dir='ltr'>Chaise,</span> <span class='ocrx_word' id='word_1_113' title='bbox 738 1571 799 1619; x_wconf 91' lang='lat' dir='ltr'>ut</span> <span class='ocrx_word' id='word_1_114' title='bbox 823 1581 919 1636; x_wconf 86' lang='lat' dir='ltr'>per</span> <span class='ocrx_word' id='word_1_115' title='bbox 953 1563 1170 1635; x_wconf 89' lang='lat' dir='ltr'>regium</span> <span class='ocrx_word' id='word_1_116' title='bbox 1208 1563 1465 1635; x_wconf 77' lang='lat' dir='ltr'>Legatum</span> <span class='ocrx_word' id='word_1_117' title='bbox 1494 1563 1679 1619; x_wconf 62' lang='lat' dir='ltr'>Romae</span> <span class='ocrx_word' id='word_1_118' title='bbox 1708 1564 2026 1637; x_wconf 88' lang='lat' dir='ltr'>degentem,</span> 
     </span>
     <span class='ocr_line' id='line_1_17' title="bbox 127 1660 2029 1734; baseline 0 -18"><span class='ocrx_word' id='word_1_119' title='bbox 127 1662 275 1734; x_wconf 88' lang='lat' dir='ltr'>regis</span> <span class='ocrx_word' id='word_1_120' title='bbox 315 1661 480 1731; x_wconf 87' lang='lat' dir='ltr'>iram,</span> <span class='ocrx_word' id='word_1_121' title='bbox 510 1661 708 1731; x_wconf 88' lang='lat' dir='ltr'>minas,</span> <span class='ocrx_word' id='word_1_122' title='bbox 741 1660 1096 1732; x_wconf 85' lang='lat' dir='ltr'>infaustaque</span> <span class='ocrx_word' id='word_1_123' title='bbox 1129 1660 1319 1715; x_wconf 88' lang='lat' dir='ltr'>omnia</span> <span class='ocrx_word' id='word_1_124' title='bbox 1349 1660 1699 1729; x_wconf 89' lang='lat' dir='ltr'>intentando,</span> <span class='ocrx_word' id='word_1_125' title='bbox 1733 1661 1910 1734; x_wconf 90' lang='lat' dir='ltr'>patris</span> <span class='ocrx_word' id='word_1_126' title='bbox 1939 1679 2029 1733; x_wconf 92' lang='lat' dir='ltr'>ge-</span> 
     </span>
     <span class='ocr_line' id='line_1_18' title="bbox 130 1758 2030 1834; baseline 0 -19"><span class='ocrx_word' id='word_1_127' title='bbox 130 1760 333 1815; x_wconf 90' lang='lat' dir='ltr'>neralis</span> <span class='ocrx_word' id='word_1_128' title='bbox 371 1778 432 1816; x_wconf 93' lang='lat' dir='ltr'>ac</span> <span class='ocrx_word' id='word_1_129' title='bbox 474 1759 702 1814; x_wconf 87' lang='lat' dir='ltr'>Romani</span> <span class='ocrx_word' id='word_1_130' title='bbox 745 1758 1022 1814; x_wconf 86' lang='lat' dir='ltr'>Pontificis</span> <span class='ocrx_word' id='word_1_131' title='bbox 1065 1758 1433 1814; x_wconf 85' lang='lat' dir='ltr'>constantiam</span> <span class='ocrx_word' id='word_1_132' title='bbox 1479 1758 1782 1830; x_wconf 82' lang='lat' dir='ltr'>frangeret,</span> <span class='ocrx_word' id='word_1_133' title='bbox 1817 1778 1878 1814; x_wconf 82' lang='lat' dir='ltr'>ac</span> <span class='ocrx_word' id='word_1_134' title='bbox 1909 1779 2030 1834; x_wconf 90' lang='lat' dir='ltr'>pos-</span> 
     </span>
     <span class='ocr_line' id='line_1_19' title="bbox 132 1855 2026 1914; baseline 0.001 -2"><span class='ocrx_word' id='word_1_135' title='bbox 132 1858 303 1914; x_wconf 90' lang='lat' dir='ltr'>tulata</span> <span class='ocrx_word' id='word_1_136' title='bbox 348 1857 642 1913; x_wconf 89' lang='lat' dir='ltr'>obtineret.</span> <span class='ocrx_word' id='word_1_137' title='bbox 684 1856 1019 1912; x_wconf 88' lang='lat' dir='ltr'>Jesuitarum</span> <span class='ocrx_word' id='word_1_138' title='bbox 1051 1855 1238 1911; x_wconf 73' lang='lat' dir='ltr'>Galliae</span> <span class='ocrx_word' id='word_1_139' title='bbox 1277 1855 1494 1912; x_wconf 86' lang='lat' dir='ltr'>litteras</span> <span class='ocrx_word' id='word_1_140' title='bbox 1534 1856 1755 1912; x_wconf 86' lang='lat' dir='ltr'>remisit</span> <span class='ocrx_word' id='word_1_141' title='bbox 1781 1857 2026 1913; x_wconf 79' lang='lat' dir='ltr'>Pontifex</span> 
     </span>
     <span class='ocr_line' id='line_1_20' title="bbox 134 1954 2027 2028; baseline 0.002 -20"><span class='ocrx_word' id='word_1_142' title='bbox 134 1954 202 2008; x_wconf 89' lang='lat' dir='ltr'>ad</span> <span class='ocrx_word' id='word_1_143' title='bbox 228 1960 438 2028; x_wconf 87' lang='lat' dir='ltr'>patrem</span> <span class='ocrx_word' id='word_1_144' title='bbox 477 1954 788 2026; x_wconf 84' lang='lat' dir='ltr'>generalem</span> <span class='ocrx_word' id='word_1_145' title='bbox 826 1954 1058 2027; x_wconf 66' lang='lat' dir='ltr'>Tyrsum</span> <span class='ocrx_word' id='word_1_146' title='bbox 1099 1954 1383 2009; x_wconf 87' lang='lat' dir='ltr'>Gonzalez.</span> <span class='ocrx_word' id='word_1_147' title='bbox 1428 1954 1622 2009; x_wconf 88' lang='lat' dir='ltr'>Debuit</span> <span class='ocrx_word' id='word_1_148' title='bbox 1652 1961 1786 2011; x_wconf 93' lang='lat' dir='ltr'>tunc</span> <span class='ocrx_word' id='word_1_149' title='bbox 1823 1955 1891 2027; x_wconf 82' lang='lat' dir='ltr'>is,</span> <span class='ocrx_word' id='word_1_150' title='bbox 1928 1975 2027 2012; x_wconf 89' lang='lat' dir='ltr'>suo</span> 
     </span>
     <span class='ocr_line' id='line_1_21' title="bbox 134 2050 2019 2125; baseline 0.002 -20"><span class='ocrx_word' id='word_1_151' title='bbox 134 2068 194 2105; x_wconf 92' lang='lat' dir='ltr'>ac</span> <span class='ocrx_word' id='word_1_152' title='bbox 234 2050 519 2106; x_wconf 89' lang='lat' dir='ltr'>Societatis</span> <span class='ocrx_word' id='word_1_153' title='bbox 571 2051 815 2120; x_wconf 86' lang='lat' dir='ltr'>nominc,</span> <span class='ocrx_word' id='word_1_154' title='bbox 878 2051 1186 2124; x_wconf 86' lang='lat' dir='ltr'>apologiam</span> <span class='ocrx_word' id='word_1_155' title='bbox 1229 2058 1420 2107; x_wconf 89' lang='lat' dir='ltr'>contra</span> <span class='ocrx_word' id='word_1_156' title='bbox 1463 2052 1721 2125; x_wconf 75' lang='lat' dir='ltr'>praefatos</span> <span class='ocrx_word' id='word_1_157' title='bbox 1776 2054 2019 2110; x_wconf 89' lang='lat' dir='ltr'>Jesuitas</span> 
     </span>
     <span class='ocr_line' id='line_1_22' title="bbox 134 2147 660 2204; baseline 0.002 -3"><span class='ocrx_word' id='word_1_158' title='bbox 134 2147 317 2202; x_wconf 82' lang='lat' dir='ltr'>Galliae</span> <span class='ocrx_word' id='word_1_159' title='bbox 347 2148 660 2204; x_wconf 85' lang='lat' dir='ltr'>instituere.</span> 
     </span>
    </p>

    <p class='ocr_par' dir='ltr' id='par_1_4' title="bbox 146 2245 2030 3389">
     <span class='ocr_line' id='line_1_23' title="bbox 221 2245 2024 2320; baseline 0.003 -23"><span class='ocrx_word' id='word_1_160' title='bbox 221 2245 278 2297; x_wconf 87' lang='lat' dir='ltr'>In</span> <span class='ocrx_word' id='word_1_161' title='bbox 314 2246 462 2299; x_wconf 88' lang='lat' dir='ltr'>hunc</span> <span class='ocrx_word' id='word_1_162' title='bbox 488 2263 649 2317; x_wconf 84' lang='lat' dir='ltr'>porro</span> <span class='ocrx_word' id='word_1_163' title='bbox 689 2245 855 2300; x_wconf 80' lang='lat' dir='ltr'>tinem</span> <span class='ocrx_word' id='word_1_164' title='bbox 889 2246 1235 2318; x_wconf 81' lang='lat' dir='ltr'>conscriptus</span> <span class='ocrx_word' id='word_1_165' title='bbox 1269 2252 1345 2301; x_wconf 88' lang='lat' dir='ltr'>est</span> <span class='ocrx_word' id='word_1_166' title='bbox 1381 2246 1542 2315; x_wconf 82' lang='lat' dir='ltr'>liber,</span> <span class='ocrx_word' id='word_1_167' title='bbox 1577 2265 1640 2301; x_wconf 89' lang='lat' dir='ltr'>ac</span> <span class='ocrx_word' id='word_1_168' title='bbox 1670 2248 2024 2320; x_wconf 85' lang='lat' dir='ltr'>paucissimis</span> 
     </span>
     <span class='ocr_line' id='line_1_24' title="bbox 154 2339 2025 2415; baseline 0.005 -24"><span class='ocrx_word' id='word_1_169' title='bbox 154 2341 234 2407; x_wconf 90' lang='lat' dir='ltr'>(ut</span> <span class='ocrx_word' id='word_1_170' title='bbox 263 2339 411 2409; x_wconf 85' lang='lat' dir='ltr'>reor)</span> <span class='ocrx_word' id='word_1_171' title='bbox 435 2341 844 2414; x_wconf 86' lang='lat' dir='ltr'>exemplaribus</span> <span class='ocrx_word' id='word_1_172' title='bbox 865 2342 1067 2409; x_wconf 86' lang='lat' dir='ltr'>editus,</span> <span class='ocrx_word' id='word_1_173' title='bbox 1094 2361 1156 2396; x_wconf 83' lang='lat' dir='ltr'>ex</span> <span class='ocrx_word' id='word_1_174' title='bbox 1183 2361 1293 2414; x_wconf 91' lang='lat' dir='ltr'>quo</span> <span class='ocrx_word' id='word_1_175' title='bbox 1316 2343 1671 2415; x_wconf 86' lang='lat' dir='ltr'>potissimum</span> <span class='ocrx_word' id='word_1_176' title='bbox 1695 2344 2025 2400; x_wconf 88' lang='lat' dir='ltr'>documenta</span> 
     </span>
     <span class='ocr_line' id='line_1_25' title="bbox 151 2433 2027 2514; baseline 0.004 -27"><span class='ocrx_word' id='word_1_177' title='bbox 151 2433 533 2508; x_wconf 88' lang='lat' dir='ltr'>deprompturi</span> <span class='ocrx_word' id='word_1_178' title='bbox 573 2454 790 2492; x_wconf 88' lang='lat' dir='ltr'>sumus.</span> <span class='ocrx_word' id='word_1_179' title='bbox 836 2436 937 2500; x_wconf 87' lang='lat' dir='ltr'>Qui</span> <span class='ocrx_word' id='word_1_180' title='bbox 974 2436 1205 2509; x_wconf 85' lang='lat' dir='ltr'>proinde</span> <span class='ocrx_word' id='word_1_181' title='bbox 1247 2437 1386 2492; x_wconf 88' lang='lat' dir='ltr'>liber</span> <span class='ocrx_word' id='word_1_182' title='bbox 1422 2446 1531 2494; x_wconf 86' lang='lat' dir='ltr'>tola</span> <span class='ocrx_word' id='word_1_183' title='bbox 1564 2445 1772 2511; x_wconf 92' lang='lat' dir='ltr'>quanta</span> <span class='ocrx_word' id='word_1_184' title='bbox 1816 2441 2027 2514; x_wconf 88' lang='lat' dir='ltr'>potitur</span> 
     </span>
     <span class='ocr_line' id='line_1_26' title="bbox 153 2531 2027 2604; baseline 0.003 -18"><span class='ocrx_word' id='word_1_185' title='bbox 153 2531 446 2604; x_wconf 90' lang='lat' dir='ltr'>ipsiusmet</span> <span class='ocrx_word' id='word_1_186' title='bbox 488 2534 771 2589; x_wconf 82' lang='lat' dir='ltr'>Societatis</span> <span class='ocrx_word' id='word_1_187' title='bbox 815 2536 938 2589; x_wconf 81' lang='lat' dir='ltr'>Jesu</span> <span class='ocrx_word' id='word_1_188' title='bbox 974 2535 1286 2590; x_wconf 86' lang='lat' dir='ltr'>authentica</span> <span class='ocrx_word' id='word_1_189' title='bbox 1318 2537 1697 2593; x_wconf 83' lang='lat' dir='ltr'>auctoritate¹.</span> <span class='ocrx_word' id='word_1_190' title='bbox 1734 2537 2027 2594; x_wconf 88' lang='lat' dir='ltr'>Continen-</span> 
     </span>
     <span class='ocr_line' id='line_1_27' title="bbox 148 2630 2021 2707; baseline 0.003 -25"><span class='ocrx_word' id='word_1_191' title='bbox 148 2633 241 2683; x_wconf 89' lang='lat' dir='ltr'>tur</span> <span class='ocrx_word' id='word_1_192' title='bbox 267 2637 448 2684; x_wconf 89' lang='lat' dir='ltr'>autem</span> <span class='ocrx_word' id='word_1_193' title='bbox 480 2630 534 2684; x_wconf 89' lang='lat' dir='ltr'>in</span> <span class='ocrx_word' id='word_1_194' title='bbox 565 2630 764 2685; x_wconf 85' lang='lat' dir='ltr'>eximio</span> <span class='ocrx_word' id='word_1_195' title='bbox 788 2631 883 2686; x_wconf 94' lang='lat' dir='ltr'>illo</span> <span class='ocrx_word' id='word_1_196' title='bbox 911 2631 1051 2686; x_wconf 89' lang='lat' dir='ltr'>libro</span> <span class='ocrx_word' id='word_1_197' title='bbox 1089 2631 1323 2704; x_wconf 88' lang='lat' dir='ltr'>(paginis</span> <span class='ocrx_word' id='word_1_198' title='bbox 1346 2633 1475 2701; x_wconf 73' lang='lat'>222,</span> <span class='ocrx_word' id='word_1_199' title='bbox 1508 2634 1649 2703; x_wconf 83' lang='lat' dir='ltr'>in-8,</span> <span class='ocrx_word' id='word_1_200' title='bbox 1674 2635 2021 2707; x_wconf 88' lang='lat' dir='ltr'>Constante):</span> 
     </span>
     <span class='ocr_line' id='line_1_28' title="bbox 152 2724 2028 2800; baseline 0.004 -21"><span class='ocrx_word' id='word_1_201' title='bbox 152 2724 205 2779; x_wconf 82' lang='lat'>1⁰</span> <span class='ocrx_word' id='word_1_202' title='bbox 259 2726 523 2799; x_wconf 81' lang='lat' dir='ltr'>expositio</span> <span class='ocrx_word' id='word_1_203' title='bbox 562 2727 827 2782; x_wconf 87' lang='lat' dir='ltr'>historica</span> <span class='ocrx_word' id='word_1_204' title='bbox 870 2727 1039 2783; x_wconf 91' lang='lat' dir='ltr'>totius</span> <span class='ocrx_word' id='word_1_205' title='bbox 1082 2728 1310 2800; x_wconf 89' lang='lat' dir='ltr'>negotii,</span> <span class='ocrx_word' id='word_1_206' title='bbox 1352 2731 1454 2786; x_wconf 88' lang='lat' dir='ltr'>sub</span> <span class='ocrx_word' id='word_1_207' title='bbox 1499 2732 1601 2786; x_wconf 88' lang='lat' dir='ltr'>hoc</span> <span class='ocrx_word' id='word_1_208' title='bbox 1637 2732 1834 2787; x_wconf 82' lang='lat' dir='ltr'>titulo:</span> <span class='ocrx_word' id='word_1_209' title='bbox 1878 2733 2028 2789; x_wconf 83' lang='lat' dir='ltr'>Com-</span> 
     </span>
     <span class='ocr_line' id='line_1_29' title="bbox 147 2825 2029 2902; baseline 0.005 -26"><span class='ocrx_word' id='word_1_210' title='bbox 147 2826 389 2878; x_wconf 79' lang='lat' dir='ltr'>mentarii</span> <span class='ocrx_word' id='word_1_211' title='bbox 414 2825 644 2880; x_wconf 82' lang='lat' dir='ltr'>derebus</span> <span class='ocrx_word' id='word_1_212' title='bbox 671 2829 827 2898; x_wconf 70' lang='lat' dir='ltr'>yestis</span> <span class='ocrx_word' id='word_1_213' title='bbox 856 2829 911 2882; x_wconf 86' lang='lat' dir='ltr'>in</span> <span class='ocrx_word' id='word_1_214' title='bbox 935 2829 1146 2898; x_wconf 68' lang='lat' dir='ltr'>neyotw</span> <span class='ocrx_word' id='word_1_215' title='bbox 1168 2829 1542 2900; x_wconf 71' lang='lat' dir='ltr'>aqqreyationis</span> <span class='ocrx_word' id='word_1_216' title='bbox 1559 2832 1842 2902; x_wconf 71' lang='lat' dir='ltr'>provinciae</span> <span class='ocrx_word' id='word_1_217' title='bbox 1859 2830 2029 2887; x_wconf 84' lang='lat' dir='ltr'>Gallo-</span> 
     </span>
     <span class='ocr_line' id='line_1_30' title="bbox 146 2919 2030 2998; baseline 0.005 -24"><span class='ocrx_word' id='word_1_218' title='bbox 146 2919 368 2992; x_wconf 76' lang='lat' dir='ltr'>Belqicae</span> <span class='ocrx_word' id='word_1_219' title='bbox 395 2923 668 2978; x_wconf 76' lang='lat' dir='ltr'>Societatz&#39;s</span> <span class='ocrx_word' id='word_1_220' title='bbox 704 2925 852 2993; x_wconf 80' lang='lat' dir='ltr'>Jesu,</span> <span class='ocrx_word' id='word_1_221' title='bbox 883 2928 1063 2997; x_wconf 71' lang='lat' dir='ltr'>petitae</span> <span class='ocrx_word' id='word_1_222' title='bbox 1103 2944 1134 2980; x_wconf 87' lang='lat' dir='ltr'>a</span> <span class='ocrx_word' id='word_1_223' title='bbox 1175 2944 1291 2998; x_wconf 67' lang='lat' dir='ltr'>resse</span> <span class='ocrx_word' id='word_1_224' title='bbox 1329 2928 1755 2984; x_wconf 75' lang='lat' dir='ltr'>christianissimo</span> <span class='ocrx_word' id='word_1_225' title='bbox 1795 2931 1855 2984; x_wconf 85' lang='lat' dir='ltr'>ab</span> <span class='ocrx_word' id='word_1_226' title='bbox 1894 2947 2030 2984; x_wconf 79' lang='lat' dir='ltr'>anno</span> 
     </span>
     <span class='ocr_line' id='line_1_31' title="bbox 148 3016 2027 3097; baseline 0.005 -26"><span class='ocrx_word' id='word_1_227' title='bbox 148 3016 311 3085; x_wconf 70' lang='lat'><strong>16823</strong></span> <span class='ocrx_word' id='word_1_228' title='bbox 337 3020 541 3091; x_wconf 92' lang='lat' dir='ltr'>quibus</span> <span class='ocrx_word' id='word_1_229' title='bbox 560 3022 977 3077; x_wconf 83' lang='lat' dir='ltr'>commentariis</span> <span class='ocrx_word' id='word_1_230' title='bbox 1003 3023 1412 3078; x_wconf 89' lang='lat' dir='ltr'>subnectuntur</span> <span class='ocrx_word' id='word_1_231' title='bbox 1434 3028 1799 3080; x_wconf 79' lang='lat' dir='ltr'>annotationes</span> <span class='ocrx_word' id='word_1_232' title='bbox 1821 3028 1871 3080; x_wconf 80' lang='lat' dir='ltr'>in</span> <span class='ocrx_word' id='word_1_233' title='bbox 1893 3027 2027 3097; x_wconf 78' lang='lat' dir='ltr'>epis-</span> 
     </span>
     <span class='ocr_line' id='line_1_32' title="bbox 149 3116 2028 3195; baseline 0.005 -28"><span class='ocrx_word' id='word_1_234' title='bbox 149 3116 308 3169; x_wconf 83' lang='lat' dir='ltr'>tolam</span> <span class='ocrx_word' id='word_1_235' title='bbox 342 3118 639 3187; x_wconf 89' lang='lat' dir='ltr'>quamdam</span> <span class='ocrx_word' id='word_1_236' title='bbox 683 3120 858 3192; x_wconf 86' lang='lat' dir='ltr'>patris</span> <span class='ocrx_word' id='word_1_237' title='bbox 893 3120 1162 3187; x_wconf 84' lang='lat' dir='ltr'>Fontani3</span> <span class='ocrx_word' id='word_1_238' title='bbox 1208 3122 1263 3175; x_wconf 74' lang='lat'>2⁰</span> <span class='ocrx_word' id='word_1_239' title='bbox 1305 3121 1424 3195; x_wconf 89' lang='lat' dir='ltr'>ipsa</span> <span class='ocrx_word' id='word_1_240' title='bbox 1459 3122 1707 3177; x_wconf 88' lang='lat' dir='ltr'>defensio</span> <span class='ocrx_word' id='word_1_241' title='bbox 1747 3141 1871 3178; x_wconf 87' lang='lat' dir='ltr'>cum</span> <span class='ocrx_word' id='word_1_242' title='bbox 1915 3121 2028 3177; x_wconf 90' lang='lat' dir='ltr'>suis</span> 
     </span>
     <span class='ocr_line' id='line_1_33' title="bbox 150 3212 2024 3291; baseline 0.004 -24"><span class='ocrx_word' id='word_1_243' title='bbox 150 3212 600 3268; x_wconf 84' lang='lat' dir='ltr'>conclusionibus</span> <span class='ocrx_word' id='word_1_244' title='bbox 633 3222 823 3271; x_wconf 84' lang='lat' dir='ltr'>contra</span> <span class='ocrx_word' id='word_1_245' title='bbox 848 3217 1086 3272; x_wconf 84' lang='lat' dir='ltr'>Jesuitas</span> <span class='ocrx_word' id='word_1_246' title='bbox 1113 3217 1301 3272; x_wconf 84' lang='lat' dir='ltr'>Galliae</span> <span class='ocrx_word' id='word_1_247' title='bbox 1327 3218 1691 3291; x_wconf 89' lang='lat' dir='ltr'>ipsorumque</span> <span class='ocrx_word' id='word_1_248' title='bbox 1713 3218 2024 3290; x_wconf 85' lang='lat' dir='ltr'>molimina,</span> 
     </span>
     <span class='ocr_line' id='line_1_34' title="bbox 151 3310 2025 3389; baseline 0.005 -24"><span class='ocrx_word' id='word_1_249' title='bbox 151 3311 253 3365; x_wconf 90' lang='lat' dir='ltr'>sub</span> <span class='ocrx_word' id='word_1_250' title='bbox 291 3312 390 3365; x_wconf 91' lang='lat' dir='ltr'>hoc</span> <span class='ocrx_word' id='word_1_251' title='bbox 415 3310 576 3366; x_wconf 87' lang='lat' dir='ltr'>titulo</span> <span class='ocrx_word' id='word_1_252' title='bbox 604 3332 615 3364; x_wconf 93' lang='lat'>:</span> <span class='ocrx_word' id='word_1_253' title='bbox 648 3312 816 3368; x_wconf 80' lang='lat' dir='ltr'>Causa</span> <span class='ocrx_word' id='word_1_254' title='bbox 849 3317 1112 3369; x_wconf 74' lang='lat' dir='ltr'>societatis</span> <span class='ocrx_word' id='word_1_255' title='bbox 1139 3315 1287 3384; x_wconf 82' lang='lat' dir='ltr'>Jesu,</span> <span class='ocrx_word' id='word_1_256' title='bbox 1317 3323 1498 3370; x_wconf 82' lang='lat' dir='ltr'>contra</span> <span class='ocrx_word' id='word_1_257' title='bbox 1536 3334 1722 3370; x_wconf 80' lang='lat' dir='ltr'>novum</span> <span class='ocrx_word' id='word_1_258' title='bbox 1748 3319 2025 3389; x_wconf 64' lang='lat' dir='ltr'>magistra-</span> 
     </span>
    </p>
   </div>
   <div class='ocr_carea' id='block_1_4' title="bbox 152 3492 2030 3671">
    <p class='ocr_par' dir='ltr' id='par_1_5' title="bbox 152 3492 2030 3671">
     <span class='ocr_line' id='line_1_35' title="bbox 206 3492 2028 3548; baseline 0.005 -16"><span class='ocrx_word' id='word_1_259' title='bbox 206 3492 261 3545; x_wconf 37' lang='lat'>(¹1)</span> <span class='ocrx_word' id='word_1_260' title='bbox 292 3492 411 3534; x_wconf 83' lang='lat' dir='ltr'>Deest</span> <span class='ocrx_word' id='word_1_261' title='bbox 433 3493 476 3533; x_wconf 89' lang='lat' dir='ltr'>in</span> <span class='ocrx_word' id='word_1_262' title='bbox 500 3493 725 3543; x_wconf 86' lang='lat' dir='ltr'>exemplari</span> <span class='ocrx_word' id='word_1_263' title='bbox 750 3505 844 3534; x_wconf 90' lang='lat' dir='ltr'>meo</span> <span class='ocrx_word' id='word_1_264' title='bbox 873 3495 1025 3547; x_wconf 86' lang='lat' dir='ltr'>pagina</span> <span class='ocrx_word' id='word_1_265' title='bbox 1049 3493 1216 3546; x_wconf 63' lang='lat' dir='ltr'>praevia,</span> <span class='ocrx_word' id='word_1_266' title='bbox 1243 3493 1286 3533; x_wconf 89' lang='lat' dir='ltr'>in</span> <span class='ocrx_word' id='word_1_267' title='bbox 1315 3505 1398 3545; x_wconf 86' lang='lat' dir='ltr'>qua</span> <span class='ocrx_word' id='word_1_268' title='bbox 1421 3494 1602 3535; x_wconf 86' lang='lat' dir='ltr'>describi</span> <span class='ocrx_word' id='word_1_269' title='bbox 1634 3497 1736 3538; x_wconf 88' lang='lat' dir='ltr'>solet</span> <span class='ocrx_word' id='word_1_270' title='bbox 1757 3498 1932 3548; x_wconf 79' lang='lat' dir='ltr'>titulus3</span> <span class='ocrx_word' id='word_1_271' title='bbox 1958 3501 2028 3541; x_wconf 89' lang='lat' dir='ltr'>sed</span> 
     </span>
     <span class='ocr_line' id='line_1_36' title="bbox 154 3560 2030 3618; baseline 0.004 -17"><span class='ocrx_word' id='word_1_272' title='bbox 154 3560 409 3601; x_wconf 76' lang='lat' dir='ltr'>extrinsecus</span> <span class='ocrx_word' id='word_1_273' title='bbox 435 3573 561 3613; x_wconf 87' lang='lat' dir='ltr'>super</span> <span class='ocrx_word' id='word_1_274' title='bbox 594 3566 791 3611; x_wconf 87' lang='lat' dir='ltr'>opertura</span> <span class='ocrx_word' id='word_1_275' title='bbox 815 3560 981 3612; x_wconf 83' lang='lat' dir='ltr'>positus</span> <span class='ocrx_word' id='word_1_276' title='bbox 1005 3565 1067 3601; x_wconf 86' lang='lat' dir='ltr'>est</span> <span class='ocrx_word' id='word_1_277' title='bbox 1090 3561 1166 3600; x_wconf 86' lang='lat' dir='ltr'>hoc</span> <span class='ocrx_word' id='word_1_278' title='bbox 1189 3561 1338 3601; x_wconf 85' lang='lat' dir='ltr'>modo:</span> <span class='ocrx_word' id='word_1_279' title='bbox 1365 3562 1423 3601; x_wconf 87' lang='lat' dir='ltr'>De</span> <span class='ocrx_word' id='word_1_280' title='bbox 1451 3561 1573 3603; x_wconf 75' lang='lat' dir='ltr'>rebus</span> <span class='ocrx_word' id='word_1_281' title='bbox 1604 3562 1932 3618; x_wconf 73' lang='lat' dir='ltr'>Gallo-Belqicis</span> <span class='ocrx_word' id='word_1_282' title='bbox 1956 3567 2030 3609; x_wconf 89' lang='lat' dir='ltr'>So-</span> 
     </span>
     <span class='ocr_line' id='line_1_37' title="bbox 152 3627 581 3671; baseline 0.002 -2"><span class='ocrx_word' id='word_1_283' title='bbox 152 3629 317 3671; x_wconf 74' lang='lat' dir='ltr'>cietatis</span> <span class='ocrx_word' id='word_1_284' title='bbox 335 3628 435 3671; x_wconf 76' lang='lat' dir='ltr'>Iesu</span> <span class='ocrx_word' id='word_1_285' title='bbox 462 3627 581 3670; x_wconf 80' lang='lat'><strong>1682.</strong></span> 
     </span>
    </p>
   </div>
  </div>
 </body>
</html>
