2262 3990
373 220 503 269 Non
532 218 596 267 nl:
626 212 1012 265 Ancnmmsooro
1040 208 1317 259 PARISIENSI
1346 206 1412 254 DE
1440 203 1657 254 manu.
1862 200 1946 247 ‘109
1985 209 1999 223 ⁹

90 345 211 405 poni,
238 348 373 391 testes
391 340 568 403 appello
590 342 809 401 quotquot
826 341 842 370 ¹
867 337 915 383 in
946 331 1249 382 illustrissimo
1270 327 1533 376 Parisiensis
1554 324 1851 388 metropoleos
1869 335 1950 370 ca-

91 420 232 481 pitulo
255 422 426 465 exstant
460 414 680 468 canonici,
723 413 780 459 de
808 410 991 458 veritate
1032 406 1218 472 hujusce
1258 403 1381 459 sacti,
1415 401 1656 450 videliceb:
1682 414 1764 462 per
1792 400 1952 460 viginti

91 496 231 541 ferme
252 505 407 545 annos,
431 490 595 551 quibus
616 488 911 535 Parisiensem
933 484 1086 533 sedem
1105 483 1354 542 oocupavit,
1382 479 1512 529 toties
1530 479 1705 540 quoties
1720 476 1955 539 pontifica-

91 570 193 616 liter
213 581 392 615 sacrum
416 566 532 619 fecit,
558 578 617 612 ne
634 577 725 611 una
746 562 927 624 quidem
945 565 1127 620 excepta
1149 560 1259 613 vice,
1287 558 1484 605 adfuisse
1507 558 1609 617 (suo
1640 566 1829 615 quaeque
1848 557 1952 599 tem·

6 684 18 692 .
92 644 217 705 pore)
257 648 507 689 matronam
531 641 587 687 de
623 638 967 692 Bretonvilliers,
998 642 1097 683 tum
1119 649 1229 694 supr
1259 635 1425 685 dictam
1449 634 1490 679 la
1515 631 1756 686 Varennes,
1775 643 1828 675 ac
1849 628 1955 675 dein

91 719 314 765 ducissam
337 717 412 776 (de
430 714 748 774 Lesdiguieres)
782 714 899 759 inter
923 711 1049 771 cujus
1071 710 1250 757 brachia
1275 714 1483 755 mortuus
1507 712 1598 762 est;
1627 707 1687 752 ita
1721 709 1773 751 ut
1794 717 1958 764 nempe

90 799 227 839 staret
249 792 414 839 amasia
439 791 495 837 ad
513 803 654 837 cornu
678 788 905 848 Evangelii
929 787 1041 833 facie
1064 787 1120 832 ad
1146 785 1328 838 faciem,
1357 783 1547 843 praelato
1568 781 1822 828 celebrante
1843 779 1958 826 acin

90 868 339 914 faldistorio
362 867 545 912 sedente
565 884 577 920 ;
607 869 764 911 mutuo
787 863 897 922 ipsis
916 875 968 907 ac
992 862 1090 908 sine
1123 860 1451 918 interruptione
1474 871 1574 904 sese
1592 855 1956 916 respicientibus,

92 947 134 988 et
159 942 374 988 amatoria
398 942 522 998 signa
562 939 647 985 sibi
680 938 867 984 invicem
887 934 1213 981 exhibentibus.
1251 932 1448 978 J'atteste
1474 932 1531 978 ici
1555 931 1608 978 M.
1629 930 1777 977 l'abbe
1797 930 1854 976 de
1872 928 1960 975 Vil-

92 1016 342 1070 leinarueil,
369 1015 589 1060 chanoine
619 1014 675 1059 de
696 1010 999 1063 Notre-Dame,
1034 1011 1103 1055 s'il
1144 1009 1214 1055 n’a
1245 1022 1323 1067 pas
1344 1007 1408 1053 dit
1427 1007 1568 1067 qu’un
1586 1005 1706 1066 jour,
1737 1004 1958 1051 servantia

92 1093 242 1138 l'autel
263 1092 313 1136 M.
340 1091 654 1149 l'Archeveque
689 1087 766 1147 qui
804 1087 1002 1139 osticiait,
1035 1086 1066 1131 il
1100 1085 1260 1143 baigna
1294 1084 1350 1129 de
1376 1097 1447 1129 ses
1468 1085 1635 1129 larmes
1661 1083 1701 1128 le
1726 1080 1958 1141 manipule

91 1167 197 1229 qu'il
221 1166 390 1212 mettait
405 1179 461 1210 au
483 1165 586 1210 bras
602 1164 664 1209 du
690 1163 831 1222 prelat
852 1162 1064 1214 officiant,
1091 1160 1274 1220 penetre
1300 1160 1356 1205 de
1379 1160 1570 1205 douleur
1594 1161 1649 1205 de
1670 1159 1765 1204 voir
1780 1172 1855 1205 ces
1877 1158 1963 1204 ob-

85 1243 173 1302 jets
209 1243 265 1287 de
291 1240 516 1292 scandale,
557 1253 662 1285 sans
702 1252 786 1297 que
827 1238 920 1284 l‘un
950 1238 997 1283 ni
1039 1238 1194 1283 l‘autre
1226 1236 1478 1293 rougisseut
1509 1235 1565 1280 de
1596 1234 1697 1280 leur
1729 1234 1912 1294 impie'te
1939 1252 1958 1278 ι

92 1318 283 1379 (Mache,
311 1317 557 1368 Memoires,
581 1321 613 1360 t.
639 1315 671 1369 1,
699 1330 741 1374 p.
769 1314 892 1373 168).

165 1409 183 1435 α
210 1391 340 1443 Obiit,
364 1392 482 1436 haud
514 1391 628 1437 sacta
653 1390 966 1436 sacramentali
991 1389 1285 1443 consessione,
1312 1387 1520 1434 monialis
1547 1387 1603 1432 de
1625 1387 1666 1432 la
1690 1385 1836 1440 Croix,
1862 1401 1965 1448 quae

103 1466 268 1511 scilicet
298 1480 460 1511 munus
499 1465 648 1511 obibat
688 1464 947 1522 invigilandi
986 1478 1042 1509 ne
1080 1464 1198 1509 dicta
1222 1463 1266 1508 la
1307 1462 1531 1508 Varennes
1555 1462 1741 1520 praelato
1772 1462 1969 1508 infidelis

100 1545 231 1585 esset.
258 1540 310 1585 At
344 1540 590 1598 procuravit
614 1540 980 1598 Archiepiscopus
1005 1539 1253 1597 prudenter
1277 1538 1426 1597 spargi
1448 1537 1690 1596 quamdam
1714 1537 1964 1596 epistolam,

101 1627 187 1673 qua
213 1627 478 1671 persuasum
499 1614 680 1667 faceret,
714 1615 785 1673 pie
807 1614 1067 1667 monialem,
1099 1613 1307 1659 exhibitis
1325 1626 1502 1673 magnae
1536 1613 1784 1659 sanctitatis
1811 1613 1965 1672 signis,

102 1689 280 1734 obiisse.
303 1688 408 1740 Qum
427 1689 552 1736 fraus
571 1705 660 1736 non
681 1691 728 1736 in
757 1692 881 1736 aliud
901 1692 1034 1737 cessit
1073 1704 1207 1749 quam
1229 1695 1279 1735 ut
1314 1689 1651 1735 recrudesceret
1687 1689 1965 1734 scandalum.

102 1765 197 1823 lpsa
222 1766 263 1809 la
283 1764 502 1810 Varennes
534 1765 715 1810 famulis
746 1766 838 1811 suis
857 1766 982 1819 dixit,
1016 1766 1172 1811 mirari
1197 1779 1260 1818 se,
1281 1764 1398 1824 quod
1426 1765 1637 1810 dominus
1661 1765 1971 1824 Archiepisco-

102 1854 184 1898 pus
209 1842 472 1900 religionem
507 1843 617 1887 adeo
647 1842 885 1887 ridiculam
918 1841 1149 1894 redderet;
1179 1841 1385 1900 quodque
1407 1844 1629 1898 sperasset
1657 1838 1808 1894 ingeri'
1837 1851 1969 1897 posse

100 1917 436 1973 persuasionem
459 1916 515 1962 de
551 1918 785 1962 sanctitate
818 1916 1012 1961 dominae
1036 1916 1091 1960 de
1117 1916 1159 1960 la
1181 1914 1324 1966 Croix,
1358 1927 1461 1973 quae
1488 1926 1568 1958 sua
1602 1911 1803 1971 pejorem
1829 1912 1966 1958 vitam

99 1994 278 2046 egerat»
295 1987 484 2047 (Blache,
502 1989 752 2042 Me'moires,
771 1994 803 2033 t.
832 1987 883 2041 11,
911 2003 955 2046 p.
981 1987 1104 2047 185).

161 2081 181 2102 α
210 2061 264 2107 Le
285 2063 539 2108 lendemain
561 2063 811 2118 dimanehe,
838 2064 966 2108 aune
991 2063 1132 2108 heure
1157 2064 1288 2122 apres
1304 2062 1434 2115 midi,
1463 2075 1640 2108 comme
1660 2060 1706 2120 je
1730 2062 1874 2107 tenais
1891 2061 1970 2107 l'a·

98 2134 228 2195 brege
251 2138 491 2182 manuscrit
512 2138 567 2183 de
593 2152 695 2183 mon
722 2139 923 2190 histoire,
949 2138 1058 2183 dans
1082 2139 1125 2183 la
1160 2138 1324 2196 pensee
1351 2138 1406 2182 de
1430 2138 1471 2182 le
1490 2150 1688 2195 rompre‚
1710 2151 1767 2182 ne
1784 2144 1967 2197 croyant

101 2223 180 2267 pas
203 2212 310 2269 qu’il
332 2225 403 2256 me
427 2212 491 2256 sut
512 2212 727 2257 d'aucune
749 2212 913 2264 utilite,
944 2211 1170 2269 j’entends
1192 2212 1345 2258 ouvrir
1368 2212 1410 2257 le
1432 2225 1596 2257 verrou
1643 2212 1700 2256 de
1725 2225 1799 2257 ma
1821 2218 1967 2271 porte.

102 2283 149 2329 Je
170 2285 234 2330 vis
253 2291 404 2330 entrer
423 2285 474 2329 M.
501 2284 751 2338 Thieulin²‚
778 2286 855 2344 qui
879 2300 951 2331 me
971 2286 1035 2331 dit
1058 2286 1168 2345 qu'il
1192 2287 1478 2345 m’apportait
1492 2300 1581 2331 une
1603 2287 1839 2333 mechante
1857 2302 1975 2334 nou-

103 2359 226 2403 velle.
247 2357 301 2402 La
328 2359 557 2404 mechante
582 2360 783 2404 nouvelle
806 2360 910 2406 e'tait
931 2361 1163 2406 subitanea
1184 2375 1306 2407 mors
1327 2362 1680 2421 Archiepiscopi,
1700 2362 1778 2421 qui
1806 2363 1974 2422 absque

104 2433 410 2485 sacramentis,
434 2434 550 2479 inter
573 2433 765 2479 ducissae
789 2447 883 2478 suae
903 2435 976 2493 (de
991 2434 1318 2494 Lesdiguieres)
1339 2435 1517 2480 brachia
1530 2436 1850 2494 expiraverat³.
1865 2436 1976 2481 Sub-

97 2508 244 2567 junxit
268 2509 450 2568 posthac
475 2508 623 2554 Patres
647 2509 883 2554 Lazaristas
908 2523 989 2567 pro
1024 2523 1096 2554 me
1117 2515 1310 2563 acturos,
1337 2511 1420 2555 etsi
1453 2516 1707 2569 superesset
1740 2511 1869 2556 Pater
1891 2509 1973 2555 La-

101 2583 264 2635 eliaise,
305 2583 633 2629 infensissimus
674 2584 718 2630 in
763 2598 834 2629 me
860 2598 1212 2644 pe1·mansurus;
1250 2585 1327 2631 sed
1364 2599 1456 2630 non
1504 2590 1674 2630 tantam
1717 2600 1813 2632 esse
1842 2600 1970 2632 suam

101 2659 245 2717 quoad
270 2659 390 2703 hunc
414 2673 548 2717 quam
582 2659 722 2718 quoad
758 2659 951 2705 alterum
971 2660 1335 2719 dependentiam.
1364 2662 1416 2707 At
1440 2662 1768 2720 expectandum
1792 2662 1964 2709 domini

99 2732 190 2792 Joly
207 2733 399 2779 reditum
418 2750 436 2776 n
460 2733 651 2792 (Blache‚
677 2733 922 2788 Me'moires,
946 2740 979 2780 t.
1013 2735 1082 2789 111,
1108 2750 1153 2794 p.
1183 2735 1305 2795 562).

160 2806 224 2851 lv,
250 2806 487 2852 Excnnrruu
522 2823 571 2852 nx
612 2822 738 2853 orani:
762 2809 929 2855 Lettres
954 2809 1007 2855 de
1041 2808 1252 2856 madame
1287 2809 1340 2857 de
1374 2811 1582 2871 Se'viyne'.
1612 2838 1667 2845 —
1689 2832 1709 2852 «
1740 2813 1855 2858 Vous
1895 2828 1968 2860 me

102 2882 226 2927 saites
245 2884 456 2928 souvenir
479 2884 533 2928 de
564 2889 677 2930 cette
705 2884 858 2930 sottise
882 2899 966 2945 que
981 2885 1027 2945 je
1051 2886 1260 2944 repondis
1285 2900 1401 2945 pour
1436 2900 1492 2932 ne
1512 2901 1591 2945 pas
1616 2888 1725 2933 aller
1747 2889 1852 2934 chez
1877 2903 1969 2934 ma-

101 2957 231 3002 dame
255 2957 311 3002 (le
335 2956 675 3012 Bretonvilliers,
703 2972 782 3020 que
811 2959 853 3014 ie
892 2959 1068 3006 n’avais
1101 2961 1237 3021 qu‘un
1272 2961 1388 3019 fils⁴.
1427 2961 1523 3007 Cela
1561 2964 1610 3008 fit
1651 2964 1867 3010 trembler
1894 2979 1968 3012 vos

145 3125 194 3170 (¹)
218 3124 348 3160 Fidem
365 3135 455 3162 sane
476 3129 648 3161 meretur
665 3127 831 3172 scriptor
846 3127 913 3172 qui
928 3127 974 3163 ad
995 3128 1165 3166 viventes
1182 3134 1220 3166 et
1238 3129 1328 3166 talis
1351 3129 1555 3174 gravitatis
1575 3133 1691 3167 testes
1708 3134 1899 3176 provocat.

145 3180 194 3227 (2)
219 3182 361 3226 Nempe
385 3192 483 3217 unus
498 3192 519 3218 e
540 3182 755 3228 Lazaristis,
774 3182 813 3219 in
832 3193 1001 3228 quorum
1024 3185 1141 3221 domo
1162 3187 1342 3223 reclusus
1365 3186 1505 3223 ruerat.

147 3239 198 3284 (5)
223 3239 346 3274 Annos
373 3243 484 3274 natus
507 3240 566 3274 Ἡ.

148 3294 197 3339 (4)
222 3294 268 3329 De
287 3295 401 3330 hocce
420 3294 525 3330 dicto
548 3299 732 3332 matronae
756 3298 804 3333 de
824 3297 984 3342 Sex-igne
1000 3298 1055 3334 sic
1077 3298 1191 3335 habet
1212 3300 1449 3336 Taschereau
1469 3301 1549 3346 (Vie
1565 3301 1608 3338 de
1628 3301 1789 3345 Μοιίὲνε,
1808 3313 1846 3349 p.
1862 3302 1966 3350 260):

104 3363 122 3382 ι
142 3349 241 3384 Nous
260 3359 376 3384 avons
397 3350 454 3385 dit
474 3352 559 3395 plus
579 3350 674 3387 haut
698 3353 825 3396 quelle
846 3353 981 3398 espece
1001 3349 1048 3390 de
1071 3355 1219 3392 service
1244 3355 1423 3392 madame
1444 3357 1490 3392 de
1506 3356 1798 3394 Bretonvilliers
1815 3359 1968 3396 rendait

102 3404 408 3440 ossscieusement
429 3406 449 3440 a
478 3405 741 3451 l'archeveque
766 3410 919 3453 (nempe
943 3409 1038 3445 alias
1062 3411 1263 3455 quaerendi
1297 3421 1383 3456 qua>
1407 3421 1538 3448 secum
1570 3413 1806 3450 amasim-um
1839 3414 1967 3451 archi-

102 3457 271 3504 episcopi
298 3469 437 3495 munus
458 3460 637 3505 obirent).
663 3461 740 3497 Elle
761 3463 957 3499 sollicitait
981 3475 1032 3499 un
1050 3464 1140 3509 jour
1159 3466 1456 3502 tres-vivement
1484 3466 1663 3502 madame
1683 3469 1729 3504 de
1745 3468 1903 3515 sevigne
1919 3471 1967 3506 de

103 3514 213 3549 venir
232 3515 324 3551 chez
340 3516 426 3551 elle.
447 3516 601 3552 celle-ci
624 3517 678 3553 lui
705 3518 882 3563 repondit
901 3521 1037 3565 qu'elle
1068 3521 1207 3558 n’avait
1236 3523 1357 3567 qu’un
1379 3523 1455 3559 tils.
1475 3537 1492 3556 ι
1509 3541 1555 3552 -
1580 3523 1685 3561 Idem
1708 3525 1962 3569 Taschereau,

104 3571 211 3606 citati
245 3572 370 3617 operis
394 3573 532 3618 pagina
552 3573 632 3618 259,
666 3575 905 3611 mentionem
943 3578 1033 3613 facit
1065 3578 1113 3614 de
1135 3580 1259 3615 altera
1283 3578 1460 3615 Praesulis
1493 3580 1653 3621 amasia.
1682 3592 1821 3630 nempe
1857 3593 1963 3620 mar-

103 3627 293 3665 chionissa
314 3629 361 3665 de
377 3629 589 3674 Gourvine,
612 3632 649 3666 et
670 3630 763 3668 citat
779 3642 950 3677 sparsam
972 3633 1010 3669 in
1028 3634 1167 3680 vulgus
1186 3635 1234 3672 de
1252 3636 1324 3673 isto
1344 3637 1526 3674 scandalo
1549 3639 1782 3676 cantionem.
