2262 3990
219 144 308 194 668
890 136 1198 186 TRACTATUS
1227 137 1296 186 DE
1324 138 1476 189 ΡΑΡΑ.

293 254 582 310 Pnoposmo
611 247 722 303 111⁸.
754 277 824 287 —
846 245 1008 313 Dato,
1040 264 1148 302 non
1182 263 1444 322 concesso,
1473 248 1698 323 Papam,
1730 257 1978 325 tanquam
2008 272 2128 327 per·
2157 308 2167 326 ι

221 367 407 408 sonam
447 348 732 420 privatam,
772 344 874 401 labi
904 363 1064 418 posse
1091 346 1148 400 in
1184 345 1417 401 haerestm
1450 353 1726 403 externam
1772 354 1823 404 et
1850 332 2153 427 publicam

224 462 555 519 nequaquam
593 444 654 500 ob
697 443 856 500 talem
890 443 1128 499 haeresim
1163 443 1378 518 papalis
1421 446 1707 500 auotoritas
1744 447 1946 502 concilii
1983 466 2130 520 qene-
2178 459 2183 478 ·’

209 546 344 602 ralis
357 544 722 617 jurisdictioni
747 544 1005 600 subesset.
1023 542 1250 600 —Nam
1275 543 1420 619 Papa
1447 544 1518 600 ob
1542 543 1822 618 ejusmodi
1849 546 2124 616 haeresim,
2159 591 2161 593 .
2188 527 2193 530 ‚

209 643 298 701 vel
326 645 440 718 ipso
477 645 620 716 facto
664 648 748 699 est
793 642 1105 718 depositus,
1146 642 1234 699 vel
1276 660 1410 698 non.
1443 643 1608 718 Atqui
1648 643 1707 698 in
1750 649 1952 700 neutro
1996 664 2154 707 casu:

211 742 534 817 contingere
570 747 755 818 potest
789 746 851 798 ut
885 741 1030 817 Papa
1067 740 1404 822 subjiciatur
1438 741 1822 816 jurisdictioni
1859 746 2149 815 generalis,

210 842 460 901 concilii.
511 845 566 898 1⁰
615 842 670 898 Si
714 842 786 899 sit
826 841 948 917 ipso
987 841 1131 898 sacto
1176 841 1486 917 deposituS,
1528 842 1647 916 jam
1688 860 1801 899 non
1840 850 1922 899 est
1961 844 2119 920 Papa.

209 942 447 999 Proinde
482 941 809 1015 jurisdictio
846 940 1074 997 concilii
1109 941 1169 996 in
1199 941 1410 1016 ipsum,
1454 959 1569 998 non
1609 947 1692 998 est
1721 941 2040 1016 jurisdictio
2070 919 2157 1003 ind

206 1043 435 1119 Papam,
464 1043 562 1100 sed
592 1043 875 1100 dumtaxat
905 1042 1228 1118 jurisdictio
1261 1042 1318 1098 in
1346 1042 1532 1099 virum
1564 1042 1661 1116 qui
1700 1041 1844 1117 Papa
1873 1042 2001 1114 fuit,
2033 1045 2123 1102 sed
2184 1087 2187 1089 Δ
2259 1062 2262 1091 ³

207 1141 307 1215 qui
341 1142 433 1198 hic
463 1148 516 1198 et
545 1160 700 1199 nunc
740 1142 885 1217 Papa
918 1161 1030 1197 non
1062 1147 1165 1198 est.
1199 1140 1379 1215 Igitur
1415 1141 1474 1196 in
1500 1141 1606 1197 ista
1638 1141 1927 1217 hypothesi
1960 1150 2124 1200 meta-

205 1242 438 1319 physice
484 1243 857 1319 impossibilis
909 1250 992 1300 est
1032 1242 1357 1317 jurisdictio
1409 1261 1508 1299 seu
1558 1242 1861 1299 auctoritas
1907 1232 2142 1301 concilii*

202 1361 374 1416 supra
401 1343 628 1419 Papam.
661 1377 730 1385 —
756 1343 811 1398 2⁰
851 1343 905 1399 Si
938 1343 1008 1399 ob
1043 1343 1250 1399 dictam
1292 1342 1552 1399 haeresim
1582 1343 1719 1418 Papa
1762 1361 1873 1398 non
1904 1343 1971 1399 sit
2012 1344 2123 1418 ipso

201 1442 346 1498 facto
386 1442 705 1518 deposituS,
744 1444 1005 1519 papalem
1050 1443 1440 1500 auctoritatem
1485 1462 1583 1500 seu
1626 1442 1935 1518 primatum
1963 1443 2124 1518 juris-

205 1539 475 1598 dictionis
507 1542 693 1598 adhuc
713 1543 937 1600 retinet.
965 1544 1134 1599 Porro
1158 1542 1414 1617 quandiu
1445 1541 1703 1617 papalem
1735 1541 2124 1598 auctoritatem

202 1640 429 1712 retinet,
476 1641 833 1717 impossibile
883 1649 967 1699 est
1018 1642 1205 1717 ipsum
1252 1641 1428 1697 ullius
1469 1640 1854 1715 jurisdictioni
1901 1638 2120 1712 subjici.
2171 1688 2173 1691 ,

202 1738 340 1793 Nam
376 1739 445 1795 ad
490 1740 750 1816 papalem
789 1741 1182 1798 auctoritatem
1217 1739 1459 1815 pertinet
1495 1745 1559 1796 ut
1601 1739 1673 1795 sit
1704 1741 1866 1813 plena
1894 1744 2126 1811 potestas

202 1835 472 1894 divinitus
512 1846 737 1915 accepta
778 1841 1131 1896 universalem
1169 1841 1461 1896 Ecclesiam
1499 1839 1771 1913 pascendi,
1811 1837 2030 1910 reqendi
2067 1853 2127 1892 ao
2190 1892 2193 1902 s

198 1938 551 2009 yubernandi,
586 1945 758 2013 prout
784 1939 1035 1995 definivit
1063 1939 1380 1995 Florentina
1408 1938 1683 2012 generalis
1718 1937 1984 2012 synodus.
2012 1934 2124 1991 Sta·

199 2037 302 2094 tim
335 2045 521 2094 autem
561 2056 623 2094 ac
667 2040 812 2114 Papa
850 2040 1204 2115 superiorem
1243 2040 1472 2095 haberet
1509 2018 1672 2111 eique
1715 2038 1988 2106 subesset,
2020 2037 2126 2091 hoc
2190 2055 2191 2058 ¹

198 2137 318 2213 ipso
354 2138 637 2195 amitteret
672 2140 890 2211 plenam
923 2139 1082 2194 illam
1115 2139 1410 2212 regiminis
1439 2143 1795 2214 potestatem.
1826 2136 2124 2191 Enimvero

193 2237 546 2292 mendaciter
593 2236 762 2293 alicui
800 2238 1150 2294 tribueretur
1181 2240 1343 2313 plena
1383 2244 1614 2311 potestas
1655 2241 1831 2292 totam
1873 2234 2120 2306 aliquam

195 2335 527 2392 societatem
556 2335 787 2409 regendi
827 2354 888 2392 ac
915 2336 1294 2410 gubernandi,
1330 2335 1375 2391 si
1411 2334 1679 2390 existeret
1713 2332 1769 2387 in
1804 2332 1906 2388 hac
1933 2331 2120 2388 eadem

196 2435 460 2492 societate
487 2436 794 2492 auctoritas
820 2437 1100 2512 superior,
1127 2437 1220 2493 cui
1254 2437 1374 2512 ipse
1406 2436 1694 2509 subjectus
1721 2435 1880 2489 soret.
1908 2432 2057 2488 Unde
2079 2431 2123 2488 si

197 2536 370 2610 Papa,
424 2554 538 2592 non
586 2537 843 2594 obstante
898 2537 1122 2608 haeresi,
1166 2537 1427 2612 papalem
1469 2534 1858 2591 auctoritatem
1906 2532 2121 2603 retinet,

201 2637 308 2692 1100
351 2635 475 2711 ipso
520 2637 878 2712 impossibile
917 2645 1000 2695 est
1042 2657 1173 2695 eum
1210 2636 1459 2710 generali
1504 2635 1745 2692 concilio
1794 2633 2017 2709 subjici.
2055 2663 2119 2673 —

196 2735 334 2791 Item
368 2734 437 2790 ad
469 2736 726 2810 papalem
754 2737 1149 2794 auctoritatem
1179 2737 1421 2812 pertinet
1449 2740 1512 2792 ut.
1538 2737 1631 2811 jus
1671 2735 1871 2791 habeat
1917 2750 2043 2789 oves
2069 2734 2119 2787 et

202 2852 398 2908 agnos,
427 2834 484 2889 id
511 2840 616 2900 est,
646 2834 837 2893 fideles
873 2855 1068 2893 omnes
1102 2836 1389 2910 pascendi3
1423 2836 1582 2910 juxta
1619 2835 1786 2891 verba
1823 2831 2027 2889 Christi
2053 2829 2116 2886 ad

196 2934 424 2991 Petrum
462 2935 675 2993 directa
706 2960 716 2991 :
751 2937 919 2994 Pasce
947 2957 1131 3012 equos,
1167 2956 1323 3011 pasce
1362 2956 1503 2993 oves.
1535 2937 1705 2992 Porro
1740 2935 1810 3004 si,
1848 2935 1915 2990 ob
1951 2935 2118 2988 111010-

199 3033 331 3099 sim,
375 3034 519 3110 Papa
550 3036 788 3093 concilio
824 3037 1098 3110 subesset,
1132 3056 1245 3093 11011
1286 3037 1405 3111 ipse
1443 3041 1697 3111 pasceret
1727 3052 1878 3104 oveS,
1925 3032 2018 3088 sed
2053 3027 2116 3085 ah

198 3134 395 3191 ovibus
429 3143 757 3211 pasceretur
795 3143 846 3194 et
882 3145 1190 3212 regeretur3
1229 3138 1287 3194 id
1321 3142 1426 3209 est,
1470 3137 1614 3211 Papa
1655 3153 1778 3192 esse
1818 3133 2110 3190 desine‘ret.
2195 3209 2202 3215 .

196 3233 372 3308 Igitur
404 3237 476 3308 si,
522 3238 592 3294 ob
633 3257 798 3295 suam
835 3239 1098 3295 haeresim
1128 3240 1395 3314 Papatum
1436 3256 1550 3294 non
1578 3235 1819 3306 amittat,
1858 3235 1961 3288 hoe
1999 3230 2113 3304 ipso
2195 3245 2209 3320 s

199 3333 551 3410 impossibile
592 3344 675 3396 est
716 3357 846 3395 eum
887 3339 1126 3396 concilio
1174 3338 1397 3413 subjici.
1442 3370 1516 3379 —-
1543 3338 1702 3405 Item,
1751 3333 1804 3390 vi
1839 3332 2111 3407 primatus
2194 3328 2219 3414 35]

199 3429 501 3504 Pontificii,
546 3436 797 3493 Romano
842 3438 1095 3494 Pontifici
1119 3436 1371 3510 ‚obedire
1405 3440 1670 3492 tenentur
1709 3429 1963 3507 Episcopi
2002 3426 2110 3483 sin·

202 3527 344 3599 guli.
384 3531 623 3591 Aliunde
663 3540 851 3592 autem
888 3541 1166 3610 repugnat
1208 3533 1510 3607 Episcopos
1543 3547 1738 3586 omnes
1767 3532 1832 3583 ut
1866 3522 2111 3597 singulos
2200 3511 2206 3546 s

205 3621 276 3678 ad
302 3623 382 3680 sic
406 3626 782 3687 obediendum
810 3632 1011 3703 teneri,
1035 3631 1147 3688 nisi
1172 3630 1342 3687 etiam
1371 3632 1672 3691 teneantur
1689 3622 1992 3691 collective,
2015 3634 2110 3676 seu
