2306 4010
308 114 312 118 Δ
338 146 425 195 252
1008 139 1308 188 TRAc'rATus
1337 138 1404 184 DE
1434 139 1580 189 ΡΑΡΑ.

345 261 480 326 tate,
510 254 732 310 inustas
760 250 936 306 fuisse
974 245 1315 319 theologicas
1351 252 1514 304 notas
1550 266 1581 304 a
1613 247 1938 308 doctoribus
1971 215 2252 326 plurimis.
2303 240 2306 286 i

2296 302 2306 375 1

349 353 537 427 Neque
574 365 831 421 unquam
877 363 970 403 eos
1022 345 1094 401 ob
1133 345 1191 400 id
1233 344 1401 403 Sedes
1435 347 1739 422 apostoliea
1782 348 2118 423 objurgavit,
2159 359 2294 411 aut«

338 450 528 504 minus
565 443 922 502 considerate
948 442 1169 500 locutos
1202 443 1558 518 significavit.
2288 518 2289 524 ἵ

414 546 670 601 Senomon.
693 575 765 584 —-
796 541 938 610 Quas
969 561 1062 617 eqo
1095 550 1249 602 notas
1292 545 1581 630 itt-urendas
1607 562 1869 618 censeam,
1909 554 1959 602 et
1987 565 2144 620 quam
2176 567 2256 606 se·
2289 576 2292 578 ·

341 662 496 701 curus
539 643 874 698 adversarios
909 660 1191 716 provocem
1221 644 1290 698 acl
1317 643 1740 700 denuntiandam
1775 644 1910 700 hanc
1944 663 2114 701 meam
2141 663 2256 704 cen-

334 759 510 797 suram
535 758 704 796 sacrae
731 743 1122 815 conqreqotioni
1156 742 1364 797 indici&
1382 774 1442 782 —
1459 740 1639 798 Flocei
1660 748 1925 818 reputent
1952 743 2256 802 adversarii

339 859 524 897 meam
552 840 755 916 privati
793 841 1036 898 doctoris
1075 839 1491 912 auctoritatem,
1524 859 1625 917 per
1651 859 1743 898 me
1769 842 2001 898 omnino
2036 843 2167 900 lieet
2195 862 2257 902 ae

338 942 541 999 lubens
568 942 880 999 consentio.
918 941 1082 999 Dictae
1103 941 1481 999 nihilominus
1506 941 1802 999 Gallicanae
1828 942 2086 1018 opinioni
2108 945 2260 1013 theo->

338 1042 547 1116 logicas
574 1048 629 1099 et
651 1060 752 1116 ego
780 1048 942 1099 notas
969 1043 1528 1116 quantuluscumque
1550 1042 1799 1113 inuram;
1828 1049 1953 1099 tum
1976 1062 2047 1100 ne
2074 1043 2270 1102 officio.

340 1159 468 1198 meo
509 1140 687 1198 desim
734 1145 955 1217 partem
1003 1141 1254 1215 aliquam
1298 1142 1548 1198 veritatis
1586 1142 1842 1216 celando,
1891 1149 2012 1199 tum
2055 1148 2117 1199 ut
2156 1144 2258 1202 hae

335 1256 576 1294 censura
611 1257 735 1295 mea
771 1240 1095 1312 (postquam
1139 1257 1262 1295 eam
1295 1238 1600 1295 adversarii
1626 1238 1803 1295 Sacra}
1833 1239 2256 1316 Congregationi

338 1337 542 1393 indicis
600 1337 1061 1393 denuntiaverint
1112 1342 1164 1392 et
1210 1336 1488 1411 proscribi
1546 1337 1834 1394 ineassum
1885 1338 2254 1414 tentaverint)

329 1454 471 1492 novo
497 1436 677 1492 veluti
705 1440 1040 1510 argumento
1068 1436 1383 1506 evincatur,
1414 1435 1586 1492 lieere
1611 1455 1849 1511 prorsus
1874 1438 2106 1513 privatis
2133 1438 2256 1495 doe-

332 1522 553 1593 toribus
582 1535 861 1610 ejusmodi
898 1534 1049 1592 notis
1085 1534 1404 1610 pestiferam
1442 1535 1598 1590 illam
1635 1534 1957 1610 opinionem
1992 1537 2274 1610 perstrin-·

334 1654 482 1711 gere.
521 1635 840 1706 Enimvero,
884 1653 1014 1691 eum
1053 1653 1081 1690 a
1118 1640 1271 1691 tanto
1305 1636 1422 1709 jam
1458 1642 1715 1710 tempore
1758 1635 1930 1692 soleat
1975 1635 2031 1690 in
2073 1635 2258 1692 Galliae

332 1733 653 1790 seminariis
691 1733 1041 1789 contrarium
1084 1732 1283 1801 asseri,
1325 1733 1635 1808 stupebunt
1673 1732 1824 1789 haud
1865 1732 2031 1809 pauci
2071 1750 2136 1789 eo
2171 1751 2254 1801 m¹

328 1850 713 1907 progressum.
757 1832 864 1888 Hos
908 1850 1060 1906 erg0,
1109 1833 1356 1889 audaciae
1401 1851 1492 1888 me
1532 1832 1953 1902 insimulantes,
2000 1833 2082 1888 sic
2129 1851 2267 1907 pro-·

330 1918 498 1989 voco:
548 1932 596 1988 si
643 1932 859 1988 nimius
895 1932 1050 1988 vobis
1091 1932 1304 2003 videar,
1355 1935 1499 1988 hanc
1528 1951 1711 1990 meam
1752 1952 2052 1990 censuram
2078 1932 2256 1990 Sacrae

335 2030 755 2104 Congregationi
803 2027 1010 2086 Indicis
1060 2029 1400 2103 significate,
1469 2039 1635 2105 atque
1689 2034 1750 2087 ob
1806 2051 1922 2087 eam
1981 2031 2253 2108 proscribi

328 2137 662 2206 praesentem
698 2149 893 2187 meum
937 2136 1244 2186 tractatum
1294 2129 1549 2204 satagite.
1592 2130 1650 2186 Id
1693 2118 1739 2186 si
1783 2131 2056 2205 denegent
2099 2131 2279 2186 Emi-¹

326 2230 651 2287 nentissimi
675 2231 906 2301 'PatreS,
955 2230 1093 2285 licite
1127 2247 1217 2285 me
1244 2229 1574 2302 theologicis
1616 2229 1786 2301 notis,
1825 2237 1951 2305 post
1996 2236 2078 2285 tot
2113 2229 2248 2287 alios

329 2329 582 2386 doctores
619 2347 791 2386 usum
839 2329 1018 2386 tuisse
1060 2327 1367 2402 agnoscite,
1411 2334 1464 2383 et
1503 2328 1870 2384 inveteratam
1907 2328 2248 2384 contrariam

328 2427 757 2500 persuasionem
796 2426 1027 2483 tandem
1056 2424 1383 2498 aliquando,
1411 2430 1475 2481 ut
1500 2443 1600 2500 par
1631 2421 1738 2497 est',
1770 2425 2015 2500 abjicite.
2049 2426 2248 2483 Censu-

332 2542 455 2580 ram
485 2525 664 2600 ipsam
700 2526 1016 2600 subjungo:

410 2624 464 2678 1Ο
508 2623 563 2679 Si
600 2623 790 2697 opinio
832 2624 900 2679 de
942 2623 1177 2679 Romani
1208 2623 1492 2679 Pontitieis
1518 2623 1874 2697 [fallibilitate
1899 2624 2247 2698 exprimatur

333 2741 434 2798 per
458 2722 605 2778 hane
640 2722 968 2793 formulam,
1005 2744 1032 2774 «
1056 2722 1300 2779 Ecclesia
1338 2721 1497 2778 urbis
1530 2721 1719 2778 Romae
1758 2740 1948 2780 errare
1990 2730 2194 2798 potest,
2219 2745 2244 2778 n

335 2821 490 2877 illam
520 2820 779 2876 existimo
803 2822 1103 2892 formaliter
1145 2820 1462 2892 haereticam,
1490 2825 1687 2896 utpote
1725 2840 1895 2895 quam
1923 2822 1982 2877 in
2016 2822 2085 2878 iis
2116 2822 2220 2899 ipsi

331 2920 593 2976 terminis
619 2937 943 2995 expressam
968 2919 1157 2975 Sixtus
1182 2920 1246 2975 lV
1269 2921 1571 2976 haereticam
1597 2921 2005 2995 pronuntiavit.

407 3019 462 3075 2⁰
506 3019 950 3095 Propositionem
999 3019 1162 3090 hane,
1222 3018 1337 3074 «in
1391 3018 1520 3075 fidei
1564 3019 1974 3092 quaestionibus
2017 3020 2187 3077 Roma

285 3101 287 3103 ’
334 3119 612 3180 Pontificis
637 3118 920 3194 judicium
958 3118 1374 3175 irreformabile
1409 3137 1522 3175 non
1553 3125 1659 3189 est,
1699 3119 1809 3175 nisi
1840 3119 2097 3176 Ecclesiae
2117 3135 2220 3176 eon

336 3237 534 3276 sensus
563 3219 894 3276 accesserit1
925 3238 952 3272 »
984 3218 1245 3274 existimo
1276 3218 1667 3287 scandalosam,
1700 3218 1995 3274 schismatis
2022 3217 2217 3274 induct‘

335 3336 473 3387 vam,
505 3337 804 3393 erroneam,
835 3319 1017 3375 haeresi
1044 3320 1368 3392 proximam,
1406 3323 1459 3373 et
1485 3317 1712 3375 tandem
1741 3319 2047 3394 haereticam
2075 3334 2173 3390 quo
2227 3310 2230 3311 ⁷
2295 3358 2306 3367 v

331 3433 407 3484 se,
460 3417 537 3473 ita
577 3435 781 3495 nempe
817 3423 883 3474 ut
922 3417 1099 3493 possit
1147 3435 1247 3493 per
1285 3416 1671 3474 definitionem
1711 3416 1969 3473 Ecclesiae
2006 3417 2180 3472 haereti
2222 3483 2227 3494 μ
2293 3420 2306 3465 ’.

342 3598 345 3600 -
389 3573 444 3625 (1)
489 3574 558 3615 Est
596 3578 742 3618 eadem
781 3578 918 3631 quoad
952 3577 1227 3620 substantiam
1267 3589 1316 3618 ae
1354 3581 1534 3630 quartus
1570 3575 1774 3618 articulus
1807 3573 2100 3616 declarationis
2137 3562 2207 3613 ele'
2232 3616 2239 3630 ,Ἰ

336 3641 534 3682 Gallicani
556 3645 653 3699 anni
671 3645 792 3687 1682.
