2262 3990
792 266 916 318 PARS
943 264 1161 314 TERTIA:
1813 258 1903 311 597

38 380 231 439 habeat
265 386 522 454 tanquam
547 374 885 454 ipsissimam
916 373 1012 431 Dei
1034 371 1359 442 sententiam,
1395 366 1671 443 quomodo
1697 365 1905 442 potuis-

36 485 115 536 set
141 496 263 535 eam
285 483 347 534 ut
383 475 818 534 irretractabilem
844 490 956 529 non
990 470 1235 528 habere?
1259 501 1331 510 —
1379 467 1434 523 5⁰
1457 463 1692 523 Admisit
1718 469 1903 521 tamen

37 582 261 634 sanctus
300 575 399 631 Leo
442 573 652 631 licitam
683 578 736 629 et
782 569 1119 628 laudabilem
1154 567 1414 643 aliquam·
1445 565 1511 622 de
1560 582 1657 622 suo
1696 562 1906 637 judicio

37 670 341 745 dogmatico
368 669 838 746 disceptationem.
862 667 954 725 Ast
988 684 1098 722 non
1133 665 1286 721 illam
1317 682 1421 738 qua
1447 662 1682 719 nonnulli
1710 661 1776 718 de
1802 661 1907 719 isto

29 766 236 843 judicio
267 773 529 840 tanquam
556 766 709 822 dubio
736 769 790 820 et
813 765 1006 818 incerto
1035 761 1342 835 disceptare
1369 758 1490 815 ausi
1526 758 1774 826 fuerant3
1812 757 1907 815 sed

37 885 142 941 qua
171 868 258 923 usi
299 872 426 922 sunt
464 864 646 922 caeteri
691 865 897 930 Patres,
929 860 997 917 ad
1019 860 1168 915 hunc
1198 859 1408 915 scilicet
1443 859 1625 915 solum
1653 858 1820 915 finem
1844 865 1906 916 ut

32 966 316 1022 vinceretur
343 963 651 1028 aclversitas,
678 959 733 1016 id
766 963 869 1026 est,
907 963 969 1014 ut
1002 956 1482 1013 confunderentur
1524 957 1808 1012 adversarii
1854 961 1908 1012 et

32 1078 225 1117 corum
253 1058 587 1134 sophismata
624 1055 1068 1131 exploderentur.
1110 1053 1382 1109 Nimirum
1413 1053 1737 1109 oecumenici
1774 1071 1903 1110 con-

31 1159 142 1216 cilii
170 1160 375 1228 Patres,
403 1155 702 1213 dummodo
728 1153 1067 1230 pontificiam
1093 1151 1471 1209 definitionem
1495 1154 1720 1225 firmiter
1738 1158 1902 1227 prout

32 1263 309 1326 tenentur,
338 1272 513 1311 veram
540 1254 775 1323 credant,
805 1269 904 1308 nec
938 1251 1044 1307 sibi
1073 1251 1351 1306 ullatenus
1372 1250 1438 1305 ab
1461 1267 1521 1306 ea
1540 1248 1901 1304 dissentiendi

33 1355 343 1411 facultatem
372 1353 642 1422 tribuant,
671 1350 822 1407 licite
849 1369 909 1406 ac
938 1350 1109 1406 libere
1146 1355 1376 1424 possunt
1404 1366 1523 1405 eam
1559 1347 1897 1417 examinare,

33 1450 302 1505 discutere
331 1466 740 1521 consonamque
765 1447 878 1520 jam
915 1450 1069 1502 antea
1102 1444 1342 1501 definitis
1367 1445 1618 1501 articulis
1644 1444 1899 1501 demons-

34 1552 199 1614 trare,
240 1553 298 1603 ut
335 1546 412 1602 sic
463 1545 810 1602 adversantes
851 1544 1136 1600 confutent
1167 1542 1315 1599 etad
1359 1560 1551 1598 sanam
1593 1541 1899 1598 doctrinam

29 1642 313 1699 reducant.
360 1643 479 1699 llaec
508 1648 589 1699 est
616 1644 826 1700 libertas
861 1645 1112 1699 examinis
1136 1643 1414 1712 minorum,
1453 1659 1620 1714 quam
1654 1640 1899 1714 agnoscit

29 1747 250 1798 sanctus
280 1742 400 1807 Leo,
449 1748 501 1797 et
547 1760 807 1816 quacum,
840 1747 900 1798 ut
931 1742 1044 1816 ipse
1074 1741 1167 1810 ait,
1203 1741 1373 1798 illaesa
1396 1748 1635 1797 servatur
1660 1741 1898 1797 Sammo-

26 1855 138 1892 rani
186 1839 546 1909 (Pontificum)
591 1842 892 1895 auctoritas,
947 1839 1009 1895 Et
1039 1838 1169 1894 dicit
1215 1857 1275 1893 ea
1321 1838 1534 1892 utiliter
1562 1855 1691 1893 usos
1722 1838 1896 1893 fuisse

24 1932 483 1991 Chalcedonenses
520 1936 723 2006 PatreS,
763 1936 890 2007 quia
936 1934 1013 1991 sic
1062 1936 1252 1991 clarius
1310 1936 1571 1990 renitescit
1620 1941 1670 1990 et
1706 1935 1897 2006 fortius

23 2034 270 2088 retinetur
299 2037 508 2102 veritas,
541 2038 592 2088 et
619 2032 832 2089 multam
856 2020 1171 2106 splendescit
1205 2033 1548 2089 sacerdotalis
1588 2033 1749 2104 officii
1787 2051 1894 2088 me-

23 2131 198 2199 ritum,
229 2136 280 2186 et
309 2132 377 2185 acl
401 2131 647 2202 majorem
692 2130 787 2185 Dei
817 2131 1039 2202 ylariani
1073 2133 1282 2203 proficit
1324 2128 1601 2202 ejusmodi
1635 2147 1889 2196 examen,
1974 2188 1980 2194 ³

22 2228 222 2298 qnando
253 2228 439 2282 adhoc
469 2244 586 2282 sese
638 2226 1004 2282 determinant
1050 2228 1235 2281 Patres
1268 2245 1333 2281 ex
1374 2228 1564 2297 fiducia
1609 2225 1755 2296 quod
1816 2226 1894 2281 sic

52 2325 246 2378 incetar
293 2324 712 2378 adversariorum
751 2323 1078 2396 pertinacia.
1113 2323 1176 2378 At
1208 2323 1435 2379 libertas
1483 2322 1577 2377 illa
1621 2321 1891 2378 examinis

58 2436 183 2473 uam
211 2417 449 2473 admittit
481 2423 706 2473 sanetus
730 2418 853 2486 LcO,
892 2437 1002 2474 non
1048 2424 1129 2490 est
1174 2419 1403 2474 libertas
1439 2418 1779 2492 disceptandi
1827 2418 1892 2474 de

57 2515 295 2571 ontificia
336 2515 650 2572 definitione
682 2521 948 2590 tanquam
978 2513 1296 2572 incerta'ant
1329 2519 1505 2586 (lubia,
1544 2535 1722 2589 neque
1749 2518 1892 2573 Iiber-

40 2633 96 2668 as
129 2615 481 2670 dissentiendi.
516 2614 664 2691 Hanc
698 2615 1056 2689 posteriorem
1096 2616 1348 2690 reprobat
1388 2615 1440 2671 S.
1470 2615 1605 2682 Leo;
1644 2615 1755 2671 imo
1797 2633 1889 2671 eos

58 2727 219 2765 aucos
254 2710 348 2783 qui
388 2728 507 2766 eam
546 2711 602 2766 in
640 2712 846 2789 synodo
876 2712 1300 2769 Chalcedonensi
1334 2720 1701 2788 usurparunt,
1740 2732 1887 2770 asse-

54 2803 94 2856 it
127 2821 155 2858 a
184 2803 398 2859 diabolo
434 2804 686 2862 incitatos
731 2806 923 2863 fuisse.
969 2841 1035 2848 —
1059 2808 1112 2864 5⁰
1137 2807 1454 2865 Bossuetius
1485 2815 1537 2865 et
1588 2809 1682 2864 alii
1721 2809 1886 2865 Galli-

42 2897 142 2952 ani
173 2899 407 2971 theologi
445 2920 607 2958 suum
639 2904 860 2976 ipsimet
892 2911 1129 2980 systema
1156 2907 1508 2978 subvertunt,
1538 2907 1670 2962 dum
1709 2909 1886 2964 sancti

44 2994 210 3050 „conis
245 2995 640 3070 definitionem,
668 3019 732 3056 ex
757 3020 819 3057 eo
846 3004 990 3075 quod
1033 3004 1198 3061 suerit
1222 3005 1279 3061 in
1311 3005 1546 3061 concilio
1573 3007 1885 3063 examinata

56 3099 72 3147 t
114 3091 451 3162 confirmata,
489 3094 821 3153 contendunt
862 3117 970 3154 non
1009 3102 1243 3159 evasisse
1281 3104 1741 3174 irretractabilem,
1775 3105 1884 3159 nisi

58 3197 311 3262 ostquam
357 3192 584 3247 accessit
610 3194 801 3267 synodi
834 3214 1153 3254 consensus.
1177 3201 1368 3272 Agitur
1389 3200 1539 3255 enim
1567 3199 1631 3255 de
1649 3200 1883 3257 Romani

57 3288 291 3345 ontificis
318 3289 630 3346 definitione
656 3292 745 3347 cui
765 3292 1026 3350 Occidens
1052 3315 1339 3352 assensum
1367 3299 1698 3372 praebuerat,
1720 3306 1771 3355 et
1791 3300 1880 3357 cui

41 3404 73 3439 n
100 3392 213 3441 toto
246 3386 459 3443 Oriente
492 3387 739 3464 Episcopi
781 3390 895 3463 jam
929 3394 1388 3469 subscripserant.
1441 3395 1636 3452 Aderat
1684 3415 1881 3473 nempe

65 3483 271 3551 eclesiae,
322 3491 380 3539 ut
414 3485 591 3555 aiunt,
648 3487 898 3560 dispersae
933 3508 1229 3547 consensus.
1275 3493 1438 3548 Porro
1467 3493 1878 3554 fundamentale

60 3580 276 3639 allieani
319 3585 629 3657 systematis
655 3586 992 3662 principium
1039 3595 1142 3660 est,
1183 3591 1613 3651 irretractabiles
1652 3596 1877 3652 evadere

64 3680 244 3734 omani
283 3680 556 3739 Pontificis
606 3683 971 3756 definitiones,
1020 3688 1240 3760 quando
1276 3689 1454 3748 dictus
1495 3692 1572 3750 eis
1625 3693 1877 3751 Ecclesia}
