2306 4010
225 127 281 175 70
898 106 1182 162 TRACTATUS
1213 104 1280 150 DE
1310 103 1457 150 PAPA.

226 250 325 288 cus
351 231 620 302 Pontifex,
659 223 996 303 postulavit?
1026 218 1088 272 Ut
1131 230 1451 284 erroneam,
1483 219 1548 270 ut
1582 211 2030 284 schismaticam,
2069 218 2133 270 ut
2179 239 2182 242 ·

225 331 425 388 falsam
463 328 774 384 doctrinam
810 316 1126 395 ejurarent?
1166 312 1346 369 Absit!
1386 311 1598 387 Nempe
1630 311 1886 386 Episcopi
1925 311 1986 366 in
2019 312 2134 368 haec

225 429 391 486 verba
418 426 760 500 scripserunt
790 441 802 474 ε
836 415 978 472 Nihil
1002 416 1141 470 enim
1181 413 1464 469 decernere
1493 413 1700 467 animus
1726 411 1849 483 fuit.
1879 410 1960 466 En
1985 412 2132 485 quod

227 527 612 600 deprecantur,
644 537 708 574 en
735 515 872 588 quod
911 513 1164 585 Pontifex
1197 512 1468 567 adversari
1500 510 1673 583 jubet,
1720 510 1986 566 decretum
2024 529 2136 566 esse

223 624 502 686 eonditum,
541 618 715 672 latum
755 611 1072 688 episcopale
1099 610 1405 685 judicium,
1442 627 1604 683 eoque
1641 609 1817 663 animo
1852 627 1952 681 quo
1995 609 2135 665 dixi-

219 736 375 774 mus»
409 713 597 790 (ibid.,
622 731 680 769 n.
707 712 787 784 x).

290 813 464 886 Igitur
489 811 917 876 satisfactoriam
946 810 1236 884 epistolam
1259 826 1450 865 revera
1469 806 1874 881 interpretatus
1899 812 1980 863 est
2005 805 2134 863 Bos-

218 912 431 970 suetius
453 915 618 986 prout
649 910 708 965 in
745 909 894 967 thesi
933 909 1200 978 diximUS,
1228 907 1518 964 videlicet:
1550 906 1605 962 1⁰
1641 923 1871 962 erronee
1902 907 2135 981 putabat

219 1029 476 1068 summus
499 1009 750 1066 Pontifex
781 1008 1099 1085 Gallicanos
1120 1006 1392 1064 Praesules
1421 1005 1582 1062 edere
1605 1004 1850 1061 voluisse
1871 1005 2135 1061 decretum

221 1111 283 1165 de
322 1109 425 1181 side
463 1110 665 1163 animas
718 1109 1079 1179 constrinqens
1118 1112 1172 1161 et
1218 1123 1283 1161 ex
1329 1106 1432 1160 hac
1484 1119 1717 1159 erronea
1773 1101 2138 1177 persuasione

221 1225 440 1265 summe
472 1207 753 1272 doluerat3
790 1206 847 1262 2⁰
877 1207 981 1261 hoc
1011 1205 1196 1262 solum
1233 1203 1487 1277 exigebat
1512 1221 1540 1258 a
1566 1202 1873 1258 nominatis
1905 1208 1968 1258 ut
1994 1202 2139 1275 ejus-

219 1307 370 1364 modi
395 1309 655 1362 clecremm
683 1307 889 1361 animas
917 1307 1287 1378 constringens
1313 1309 1642 1377 respuerent
1666 1327 1676 1369 ;
1713 1302 1766 1357 5⁰
1795 1301 1928 1356 dicti
1955 1301 2137 1356 nomi—

219 1406 332 1461 nati
363 1405 430 1462 de
457 1407 564 1461 hoc
594 1405 711 1461 solo
737 1404 1059 1461 doluerunt·
1072 1409 1123 1459 et
1153 1403 1341 1458 dolere
1372 1420 1431 1458 se
1458 1402 1516 1456 in
1547 1401 1906 1463 litteriS,suis
1949 1400 2138 1456 testati

222 1511 375 1572 sunt,
402 1503 551 1576 quod
585 1504 854 1559 Summus
874 1500 1126 1557 Pontifex
1153 1517 1389 1556 erronee
1418 1503 1674 1572 putasset
1707 1497 1922 1552 editum
1959 1515 1989 1551 a
2017 1496 2138 1551 Gal—

222 1602 423 1657 licanis
459 1602 798 1676 praesulibus
831 1600 1106 1674 ejusmodi
1136 1602 1401 1656 decretum
1438 1599 1501 1652 de
1527 1598 1632 1669 fide
1654 1599 1859 1652 animas
1883 1597 2139 1651 constrin-

223 1717 368 1770 9enS,
417 1704 471 1753 et
514 1700 664 1770 quod
699 1699 767 1754 ob
811 1699 966 1754 illam
1006 1693 1299 1753 erroneam
1343 1694 1769 1770 persuasionem
1820 1692 2137 1764 angustiam

228 1814 424 1870 passus
447 1802 610 1852 esset.

299 1894 421 1949 Jam
463 1893 840 1968 expendamus
886 1912 1056 1967 quam
1085 1892 1324 1948 mendax
1363 1896 1413 1947 et
1454 1890 1645 1946 dolosa
1681 1889 1751 1946 sit
1779 1887 2138 1945 Bossuetiana

227 1992 320 2047 illa
342 1991 656 2066 explic-tiO.
1924 2048 1931 2055 ,

305 2089 359 2144 ‘1⁰
399 2089 623 2145 Falsum
647 2096 730 2146 est
778 2089 855 2144 ita
898 2089 1098 2145 stolide
1122 2089 1402 2144 Romanos
1432 2087 1722 2143 Pontifices
1752 2103 1968 2142 errasse
1991 2084 2137 2141 circa

226 2187 635 2243 Gallicanorum
664 2188 971 2243 Praesulum
1001 2186 1437 2243 declarationem
1461 2193 1512 2242 et
1532 2192 1707 2259 gesta,
1732 2178 1795 2239 ut'
1822 2183 2141 2258 putaverint

226 2304 319 2341 eos
340 2286 582 2341 voluisse
607 2285 735 2340 fidei
761 2285 1048 2341 decretum
1077 2286 1241 2342 edere
1263 2304 1373 2358 quo
1400 2285 1653 2342 fidelium
1690 2282 2046 2340 conscientiae
2072 2281 2141 2338 ad

223 2384 568 2441 credendum
604 2385 674 2441 iis
709 2385 960 2441 articulis
995 2386 1398 2458 obligarentur.
1446 2385 1505 2439 Id
1540 2386 1657 2459 jam
1690 2383 2072 2460 propositione
2102 2384 2142 2438 Ia

225 2483 527 2557 probatum
552 2488 654 2539 est.
679 2483 951 2538 Putarunt
969 2484 1196 2556 quidem
1219 2484 1458 2539 Romani
1476 2483 1768 2540 Pontifices
1790 2501 1819 2538 a
1840 2479 2140 2555 Gallicanis

221 2579 509 2653 Episcopis
535 2579 747 2635 editum
774 2581 1037 2636 decretum
1061 2599 1123 2636 eo
1152 2581 1338 2636 animo
1364 2588 1426 2637 ut
1454 2581 1908 2655 constringerent
1939 2579 2143 2652 magis-

220 2683 337 2733 tros
363 2677 430 2731 ad
459 2677 790 2748 docendam,
822 2678 1132 2753 discipulos
1169 2681 1586 2755 scriptoresque
1620 2681 1690 2736 ad
1727 2678 2139 2737 defendendam

227 2782 472 2847 quatuor
495 2776 861 2833 articulorum
881 2778 1217 2849 doctrinam,
1235 2781 1515 2854 prohibita
1534 2782 1639 2837 suh
1664 2780 1847 2856 poenis
1867 2778 2142 2836 sententia

224 2875 525 2943 contraria3
552 2877 648 2933 sed
682 2878 735 2933 in
768 2879 871 2934 hoc
887 2879 1211 2959 nullatenus
1241 2887 1522 2949 errarunt,
1554 2881 1835 2954 siquidem
1871 2879 2141 2935 Gallicani

222 2975 493 3033 Praesules
513 2995 643 3033 suos
671 2983 918 3050 quatuor
939 2979 1232 3047 articulos,
1254 2998 1366 3034 non
1394 2986 1615 3036 tantum
1637 2979 2019 3047 declararunt,
2048 2978 2143 3034 sed

225 3075 469 3132 edictum
503 3077 722 3149 regium
747 3079 1107 3152 postularunt
1132 3085 1183 3135 et
1209 3079 1600 3150 obtinuerunt,
1628 3081 1770 3134 hanc
1806 3079 1981 3134 solam
2011 3079 2140 3134 doc-

226 3176 431 3232 trinam
454 3176 512 3232 in
535 3177 740 3233 scholis
767 3183 820 3234 et
849 3178 1071 3251 scriptis
1096 3179 1444 3254 permittens.
1473 3178 1627 3242 Quod
1658 3185 1845 3235 autern
1871 3178 2142 3234 Gallicani

225 3273 488 3331 Praesules
516 3275 750 3351 insuper
773 3277 1051 3333 voluerint
1075 3277 1445 3334 conscientias
1478 3277 1775 3351 attingere,
1807 3283 1859 3333 et
1885 3295 1977 3332 eas
2002 3275 2142 3330 obli-

226 3390 358 3445 gare
401 3373 469 3428 ad
514 3376 857 3432 credendum
894 3377 1111 3433 interno
1152 3396 1385 3434 assensu
1429 3385 1672 3452 quatuor
1699 3375 1977 3446 articulis,
2016 3381 2139 3430 tan-

226 3491 397 3545 quam
431 3472 557 3529 fidei
591 3475 865 3549 articulis,
896 3495 996 3534 nec
1028 3470 1184 3534 ullus
1208 3478 1495 3535 Romanus
1525 3477 1796 3544 Pontifex,
1827 3493 1929 3531 nec
1965 3475 2134 3544 aliuS,

226 3571 375 3644 quod
421 3571 616 3641 sciam,
661 3575 746 3630 vel
783 3595 882 3651 per
927 3578 1214 3634 somnium
1251 3597 1505 3652 unquam
1549 3574 1830 3651 cogitavit.
1864 3574 2134 3647 Equidem
2193 3560 2199 3565 ’
