2306 4010
312 185 401 231 282
710 246 718 252 ¹
983 171 1277 222 TRAGTATUS
1309 170 1374 217 DE
1405 170 1548 242 ΡᾼΡΑ.

310 300 435 352 rent
474 311 574 371 pro
616 285 1060 366 praevaricatore,
1100 286 1153 338 et
1184 278 1587 336 communione
1623 296 1756 336 cum
1782 279 2003 338 Arianis
2035 298 2224 338 macu-

309 395 444 461 lato,
477 395 572 447 aut
599 387 811 461 injusta
853 382 908 439 S.
941 379 1237 438 Athanasii
1275 378 1671 436 damnatione?
1702 378 1940 435 Romani
1981 396 2012 435 a
2049 378 2228 437 Felice

222 511 227 516 ·
311 487 724 555 abhorrebant,
779 481 879 557 qui
925 480 991 538 ab
1034 479 1259 536 Arianis
1315 477 1608 557 ordinatus
1654 485 1804 550 erat,
1864 482 1920 535 et
1976 494 2107 533 cum
2146 477 2226 535 cis

310 580 803 643 communicabat?
840 580 1131 647 Quomodo
1166 579 1338 654 igitur
1366 577 1653 635 Liberium
1687 582 1982 652 tantopere
2018 593 2225 647 amare,

312 691 579 758 tantoque
629 700 762 739 cum
811 681 1017 756 gaudio
1068 679 1324 756 excipere
1371 682 1655 755 poterant,
1707 676 1754 734 si
1807 675 1878 733 iis
1924 674 2228 732 obnoxium

309 789 581 842 noverant
637 781 1224 860 praevaricationibuS,
1287 798 1428 855 quas
1491 779 1773 836 finxerunt
1835 775 2082 834 haeretici
2135 781 2229 832 aut
2275 795 2279 799 ·

309 885 682 958 schismatici,
715 903 969 961 quasque
1011 883 1242 941 credula
1285 881 1458 939 nimis
1494 879 1794 958 posteritas
1827 897 1926 956 pro
1967 877 2115 936 veris
2143 895 2230 936 re-

307 987 486 1064 cepit?
508 1010 535 1042 »

383 1084 659 1142 Fabulam
696 1103 818 1142 esse
844 1089 1187 1162 praetensum
1226 1082 1434 1140 Liberii
1465 1082 1717 1158 lapsum,
1757 1085 1962 1156 praeter
1995 1077 2229 1135 citatum

304 1187 711 1246 Bollandistam
742 1187 1091 1261 Stiltingum,
1134 1184 1508 1263 propugnavit
1545 1184 1742 1242 Petrus
1775 1178 2114 1238 Ballerinius
2141 1179 2228 1248 (cle

307 1285 363 1343 Vi
393 1304 456 1343 ac
483 1286 712 1343 Ratione
735 1289 1026 1360 primatus,
1061 1304 1186 1361 cap.
1216 1305 1301 1357 xv,
1341 1287 1366 1357 ἓ
1399 1285 1479 1358 8),
1515 1288 1570 1340 et
1597 1283 1810 1356 Corgne
1849 1279 2231 1356 (Dissertation

306 1386 526 1456 critique
556 1403 649 1440 sar
687 1385 734 1440 Ie
771 1385 920 1458 Pape
948 1384 1152 1454 Libere,
1185 1381 1364 1454 Paris,
1395 1380 1714 1456 1756).11is
1749 1380 1917 1456 plane
1958 1376 2223 1435 assentiO.

303 1483 462 1540 Notct
487 1491 675 1542 autem
710 1486 884 1542 lector
915 1484 1176 1542 sufficere
1203 1484 1290 1541 vel
1322 1483 1496 1540 unius
1521 1480 1731 1539 eruditi
1765 1479 2010 1553 Stiltingi
2038 1483 2226 1536 aucto·
2292 1461 2297 1554 ,Ἴ

303 1581 551 1653 ritatem,
601 1590 662 1640 ut
693 1584 813 1658 jam
853 1589 1094 1658 nequeat
1133 1583 1201 1640 ab
1249 1581 1586 1639 adversariis
1626 1579 1828 1637 Liberii
1869 1579 2063 1655 lapsus
2105 1583 2230 1635 tan-
2297 1587 2306 1617 ¹-

305 1702 475 1756 quam
524 1694 697 1742 certus
730 1686 995 1763 supponi.
1043 1686 1119 1741 Ex
1145 1704 1257 1759 quo
1285 1684 1400 1742 ruit
1442 1689 1558 1741 tota
1593 1701 1792 1740 eorum
1833 1679 2092 1754 objectio·
2133 1678 2228 1739 Ast

301 1791 493 1840 rueret
531 1785 745 1859 pariter
781 1786 949 1842 etiam
996 1785 1041 1842 si
1084 1792 1272 1842 certus
1308 1785 1503 1860 lapsus
1538 1782 1635 1840 ille
1673 1774 2033 1858 probaretur,
2062 1782 2227 1853 prout
2301 1772 2306 1792 ³

300 1884 620 1943 ostenditur
650 1885 707 1942 in
739 1887 998 1961 sequenti
1032 1887 1405 1963 paragrapho.

297 2134 380 2187 82.
409 2159 462 2166 —
484 2135 655 2178 Etiamsi
691 2141 833 2179 certus
872 2138 980 2180 soret
1018 2144 1258 2192 praetensus
1299 2138 1454 2180 Liberii
1481 2138 1603 2189 Papae
1628 2136 1787 2188 lapsus,
1835 2132 1944 2174 nihil
1974 2142 2152 2185 prorsus
2179 2142 2229 2171 cx
2304 2179 2306 2183 Ι

349 2217 398 2245 co
422 2206 572 2258 collegi
606 2212 748 2260 posset
784 2214 930 2250 contra
963 2208 1310 2251 insallibilitatem
1335 2207 1509 2250 Romani
1536 2205 1752 2248 Pontificis
1787 2216 1837 2245 ex
1871 2201 2072 2244 cathedra
2102 2199 2229 2241 fidem

350 2274 603 2318 definientis.

373 2470 493 2527 Jam
540 2490 711 2547 supra
763 2470 1492 2549 monuimus'praetensum
1541 2468 1747 2526 Liberii
1804 2467 2029 2543 lapsum
2074 2464 2227 2522 hisce

301 2571 486 2627 tribus
525 2580 783 2630 constare
816 2594 826 2627 :
867 2576 921 2631 1⁰
952 2574 1100 2650 quod
1134 2572 1458 2630 Sirmiensis
1495 2570 1719 2629 concilii
1765 2569 2023 2626 formulae
2063 2566 2226 2623 subs-

301 2671 591 2746 cripserit;
638 2674 694 2728 2⁰
737 2674 886 2748 quod
931 2681 1191 2731 sanctum
1220 2672 1593 2730 Athanasium
1645 2669 1922 2744 rejecerit3
1974 2668 2029 2724 5⁰
2076 2665 2223 2742 quod
2290 2702 2294 2709 -

300 2769 537 2856 Arianos
557 2771 799 2829 Orientis
826 2773 1126 2849 Episcopos
1157 2773 1214 2829 in
1243 2772 1706 2830 communionem
1736 2767 2034 2844 receperit.
2056 2768 2223 2823 Porro
2255 2742 2271 2763 ⁴

303 2867 523 2925 etiamsi
555 2868 663 2925 tria
703 2870 820 2925 haec
850 2870 1082 2926 omnino
1117 2875 1267 2927 certa
1312 2869 1515 2940 forent,
1563 2869 1707 2924 nihil
1750 2868 1982 2925 omnino
2028 2871 2222 2923 contra

299 2967 501 3041 dogma
542 2968 969 3027 infallibilitatis
1014 2971 1192 3047 Papae,
1240 2969 1406 3027 fidem
1450 2988 1517 3026 ex
1564 2969 1833 3026 cathedra
1880 2965 2219 3035 definientiS,
2291 2998 2294 3002 ι

302 3069 641 3127 evincerent.
681 3069 836 3136 Quod
865 3071 1050 3147 palam
1085 3071 1146 3128 fit
1170 3055 1429 3146 sequenti
1458 3070 1911 3147 propositionum
1941 3067 2106 3125 serie.

373 3168 667 3226 Pnoposmo
715 3170 778 3229 1².
816 3205 886 3212 —
922 3171 1147 3228 Etiamsi
1189 3170 1428 3228 Liberius
1475 3166 1626 3245 Papa
1667 3169 1973 3226 Sirmiensis
2017 3165 2222 3224 concilii

299 3269 541 3340 formu-lae
579 3272 975 3346 subscripserit,
1011 3290 1121 3328 non
1161 3273 1400 3345 sequitur
1439 3273 1612 3345 ipsum
1656 3289 1864 3327 errasse
1902 3270 2058 3338 fidem
2095 3268 2221 3340 defi-
2299 3282 2303 3286 ’

300 3369 491 3424 aiendo
521 3389 586 3426 ea:
632 3371 901 3428 cathedra.
933 3404 1004 3412 —
1030 3371 1162 3428 Tres
1205 3370 1521 3428 successive
1559 3369 1800 3427 conditae
1846 3375 1980 3426 sunt
2021 3367 2079 3422 in
2116 3364 2223 3420 Sir·

305 3464 510 3522 miensi
537 3470 778 3528 concilio
804 3470 935 3528 fidei
960 3465 1252 3541 formulae,
1274 3489 1519 3545 quarum
1546 3475 1764 3527 textum
1786 3467 1912 3526 vide
1938 3466 1997 3522 in
2026 3464 2220 3522 collec-

306 3563 458 3620 tione
498 3567 872 3630 Conciliorum
908 3571 1081 3629 Mansi
1120 3579 1291 3641 (tomo
1320 3572 1410 3642 ΙΙΙ,
1462 3571 1569 3628 col.
1621 3570 1728 3627 257
1771 3574 1824 3625 et
1863 3585 2006 3640 seq.,
2050 3564 2218 3621 editio

306 3660 618 3734 Florentiae,
651 3669 845 3744 1759).
877 3672 1146 3745 Equidem
1183 3673 1307 3728 duae
1339 3669 1678 3746 posteriores
1710 3666 2034 3723 haereticum
2062 3663 2216 3719 virus
