2262 3990
279 169 368 216 412
922 142 1252 207 ‘maurus
1281 157 1349 206 DE
1378 157 1525 206 PAPA,
2091 231 2099 241 .

354 275 644 346 Pnoposmo
685 269 770 324 11².
794 270 863 310 “-
891 267 1099 342 Scripta
1129 273 1211 323 est
1252 267 1320 341 (si
1345 268 1571 340 qenuina
1599 266 1689 340 sit)
1729 265 2026 328 Firmiliani
2060 277 2199 348 epis
2232 316 2234 318 v

281 371 388 426 tola
430 371 659 423 instante
699 365 868 422 hieme
905 367 1032 422 anni
1071 365 1206 436 256,
1247 351 1305 422 td
1344 374 1448 438 est,
1485 383 1593 423 non
1636 366 1839 423 tardius
1881 367 2073 426 saltem
2125 354 2201 426 af*
2248 375 2262 411 ἲ

273 469 453 541 prima
482 465 768 521 decembris
794 467 919 522 dicti
950 467 1098 522 anni.
1126 498 1197 506 —
1233 463 1456 522 Etenim
1489 465 1548 521 in
1582 465 1704 540 ipsa
1729 465 1966 541 epistola
1995 468 2130 528 dicit
2184 464 2203 527 :52
2244 484 2262 542 [j

281 562 350 618 de
382 560 565 635 legato
602 561 701 635 qui
735 580 860 619 eam
895 561 964 618 ad
993 561 1334 638 Cyprianum
1370 561 1699 637 perlaturus
1735 569 1895 620 erat:
1939 564 2143 632 Quonia
2251 555 2253 558 Α

277 677 398 715 vero
443 660 649 732 leqatus
690 663 790 716 iste
831 679 864 716 a
904 662 1048 718 vobis
1095 663 1286 717 missas
1329 662 1542 734 reyredi
1586 661 1657 717 acl
1698 679 1789 717 vos
1825 664 2111 736 festinabat
2161 679 2245 715 ὲ

279 759 555 814 hibeinum
584 760 788 833 tempus
819 759 1058 832 uryebat.
1093 759 1283 816 Noluit
1315 777 1444 833 ergo
1474 742 1842 817 Firmilianus
1869 762 2089 821 diutius
2111 782 2197 820 r
2237 752 2241 755 ⁷

274 855 459 912 tine1e
485 856 732 930 legatum
755 857 944 928 illum,
975 875 1046 915 ne
1069 858 1332 914 saeviente
1359 858 1546 914 hieme
1570 858 1877 932 navigaret3
1908 878 2031 926 seu,
2049 867 2199 936 quod
2247 854 2257 860 '⁴

272 954 426 1011 idem
468 962 572 1026 est,
623 962 686 1012 ut
727 974 981 1014 remeare
1018 963 1208 1033 posset
1250 958 1586 1033 priusquam
1622 958 1926 1016 hibernum
1970 967 2205 1038 tempu
2253 952 2257 956 ’

279 1055 546 1114 desaevire
579 1057 862 1132 coepisset.
891 1057 948 1113 Id
974 1075 1102 1114 vero
1134 1057 1243 1113 dici
1266 1059 1447 1132 potuit
1477 1058 1524 1114 si
1557 1058 1827 1116 dimissus
1853 1059 2026 1116 fuerit
2050 1061 2195 1135 lega-

273 1162 367 1212 tus
424 1174 619 1213 mense
661 1156 973 1226 novembri,
1011 1156 1100 1212 vel
1140 1157 1389 1228 octobri„
1419 1158 1508 1214 vel
1541 1157 1709 1215 etiam
1757 1160 2087 1234 septembri.
2129 1151 2205 1234 ΑΞΙ
2251 1151 2254 1210 Ᾰ

275 1271 640 1328 nequaquam
684 1255 794 1311 dici
836 1254 1138 1330 potuisset,
1185 1255 1232 1310 si
1275 1254 1551 1312 dimissus
1593 1255 1792 1312 fuisset
1834 1256 2055 1312 tardius
2105 1257 2197 1317 die

272 1353 456 1427 prima
486 1353 822 1409 decembris
859 1354 998 1409 Nam
1042 1361 1178 1410 tunc
1220 1354 1482 1428 navigare
1522 1354 1811 1412 debuisset
1850 1360 1966 1412 toto
2005 1373 2209 1415 mense
2254 1357 2262 1364 “

267 1451 558 1508 decembri
594 1459 643 1509 et
685 1454 974 1528 janualiO,
1008 1474 1139 1512 cum
1178 1454 1246 1511 ad
1281 1454 1637 1512 redeundum
1672 1454 2064 1529 Calthaginem
2097 1474 2191 1514 ne-
2244 1435 2251 1486 .'

266 1550 499 1606 cessarii
546 1550 756 1608 fuerint
804 1552 922 1609 dies
965 1553 1059 1624 60,
1105 1560 1167 1611 ut
1210 1554 1432 1610 dicetur
1479 1553 1647 1610 infra.
1695 1553 1935 1610 Proinde
1984 1553 2201 1634 hiemisj
2248 1587 2249 1590 ¹

268 1648 535 1706 saevitiem
578 1669 694 1706 non
722 1651 1047 1723 devitasset,
1087 1652 1184 1708 sed
1219 1659 1445 1709 econtra
1487 1653 1712 1728 plenam
1756 1652 2051 1720 subiisset;
2088 1669 2191 1710 nec
2248 1669 2249 1673 ’

265 1747 470 1804 hiemis
502 1750 761 1808 vicinitas
789 1752 932 1808 ratio
967 1752 1168 1809 fuisset
1198 1752 1303 1808 iter
1329 1751 1704 1809 accelerandi.
1734 1751 1911 1825 Igitur
1940 1770 2053 1808 non
2079 1757 2186 1808 tar·
2250 1734 2253 1754 ³

267 1846 396 1904 dius
441 1849 642 1906 saltem
684 1852 775 1908 die
811 1853 998 1926 prima
1036 1853 1352 1909 decembris
1393 1853 1665 1910 dimissus
1701 1859 1784 1910 cst
1831 1853 2047 1926 legatus
2091 1839 2214 1927 qui]
2256 1835 2258 1839 Ι

258 1945 296 2000 F
302 1946 581 2006 iriniliani
616 1952 912 2025 epistolam
944 1953 1216 2030 Cypriano
1249 1954 1473 2010 detulit.
2242 2022 2244 2027 7

337 2049 581 2106 Aliunde
608 2055 797 2107 autem
833 2058 948 2108 tota
979 2053 1096 2108 lucc
1127 2053 1161 2106 F
1167 2052 1439 2107 irmiliani
1469 2053 1702 2126 epistola
1739 2052 2019 2108 viventem
2056 2071 2183 2128 sup·
2247 2102 2262 2106 Α

262 2148 422 2222 ponit
455 2147 805 2223 Stephanum
828 2150 1052 2224 Papam.
1085 2150 1326 2205 Proinde
1359 2150 1566 2224 scripta
1602 2155 1685 2205 est
1712 2149 1960 2205 instante
2002 2150 2198 2209 hieme.
2256 2195 2258 2197 »

259 2246 393 2300 anni
430 2246 562 2315 256,
594 2265 706 2302 non
738 2253 929 2302 autem
973 2247 1220 2303 instante
1254 2247 1438 2303 hieme
1471 2247 1603 2302 anni
1645 2247 1778 2317 257,
1803 2262 1941 2303 ‘cum
1987 2235 2215 2304 obierit*

257 2344 578 2419 Stephanus
613 2346 703 2403 die
735 2347 767 2402 2
801 2347 1024 2420 augusti
1055 2347 1185 2403 257.
1213 2347 1428 2422 Scripta
1455 2364 1588 2420 crgo
1615 2346 1722 2403 suit
1748 2364 1895 2403 anno
1925 2347 2057 2418 256,
2085 2365 2186 2413 nec
2236 2390 2245 2419 ·.

260 2443 483 2502 tardius
515 2446 701 2520 prima
733 2445 822 2503 die
853 2446 1168 2504 decembris
1204 2447 1361 2504 illius
1390 2447 1541 2504 anni.
2194 2429 2198 2447 ²

332 2543 623 2601 Pnoposmo
666 2545 775 2603 Illa.
806 2579 875 2586 —
896 2546 1082 2617 Defuit
1110 2555 1313 2621 tempas
1338 2548 1694 2604 necessarium
1715 2554 1774 2603 ut
1799 2547 2181 2622 complerentur
2227 2548 2239 2598 J

258 2658 320 2695 ca
359 2660 474 2713 [μιᾶς
501 2652 650 2715 qesta
684 2646 930 2701 dicantur
954 2647 1015 2701 ab
1060 2648 1304 2703 inchoato
1343 2647 1562 2703 concilio
1588 2649 1743 2702 tertio
1782 2646 2179 2718 Carthayinenst
2228 2691 2230 2710 2

255 2757 422 2812 nsque
463 2741 532 2795 acl
571 2745 931 2814 consiynatam
967 2745 1262 2817 Royatiano
1301 2744 1346 2800 F
1349 2747 1602 2801 irmilicmi
1645 2745 1940 2818 epistolam.
1982 2776 2051 2783 —
2093 2743 2190 2804 ln-

262 2839 465 2894 choata
500 2846 581 2896 est
624 2840 773 2897 dicta
815 2843 1065 2917 synodus
1101 2843 1189 2898 dic
1221 2843 1403 2918 prima
1445 2844 1776 2919 septembris
1808 2844 1950 2912 2563
1994 2841 2173 2899 consi·
2227 2834 2229 2838 ’

256 2942 427 3009 gnata
458 2956 595 2995 vero.
614 2939 928 2997 Firmiliani
956 2941 1193 3016 epistola
1214 2986 1228 3012 ,
1253 2960 1369 2997 non
1395 2941 1612 2999 tardius
1643 2943 1844 2999 saltem
1877 2942 1966 2999 die
1994 2941 2182 3017 prim
2203 2920 2222 3003 ,¹

254 3034 572 3094 decembris
603 3038 858 3113 ejusdem
893 3039 1048 3097 anni.
1092 3040 1458 3098 Interssuxere
1489 3042 1700 3098 scilicet
1740 3049 1856 3098 tres
1885 3021 2221 3097 dumtaxat*¹¹

261 3152 508 3192 menseS.
551 3137 673 3194 Jam
700 3156 830 3196 vero
864 3141 970 3196 hoc
1008 3139 1184 3196 trium
1222 3141 1508 3198 mensium
1537 3141 1716 3216 spatio
1756 3139 2027 3215 compleri
2062 3140 2216 3217 non„[¹

253 3240 488 3308 potuere
515 3255 642 3310 quae
685 3238 743 3295 in
777 3238 1033 3314 allegatis
1070 3240 1426 3297 documentis
1455 3246 1612 3314 gesta
1651 3246 1977 3297 narrantur.
2017 3224 2221 3305 Quod‘ssg..

254 3341 318 3390 ut
357 3335 519 3394 facile
565 3344 749 3413 pateat
791 3340 1078 3415 duplicem
1128 3342 1516 3416 expendemus
1562 3340 1890 3417 opinionem
1933 3337 2167 3396 erudito-
2195 3359 2210 3378 v

255 3448 406 3503 rum,
454 3435 792 3495 documenta
829 3440 946 3496 haec
985 3439 1230 3513 genuina
1261 3439 1678 3515 reputantium;
1725 3456 1923 3495 eorum
1957 3434 2166 3492 scilicet

255 3530 348 3599 qui
374 3535 664 3609 pauciora,
707 3545 762 3596 et
792 3556 992 3596 eorum
1026 3539 1126 3614 qui
1158 3539 1323 3615 plura
1356 3538 1636 3615 ejusmodi
1660 3543 1817 3613 gesta
1854 3537 2002 3592 intra
2036 3532 2180 3589 illos¹

250 3630 364 3682 tres
389 3647 612 3692 menses
643 3638 1012 3699 concludunt.
1047 3640 1187 3698 Tum
1223 3639 1585 3698 ostendemus
1615 3637 1676 3695 in
1717 3641 1956 3708 utraque
1990 3633 2162 3708 hypo·
