2306 4010
798 215 920 262 1³.st
952 211 1188 260 SECUNDA.
1405 174 1410 179 ’
1616 263 1619 266 ,
1848 209 1933 254 549

67 326 358 383 execranda
383 333 431 380 et
463 323 808 380 abominanda
841 323 1046 378 liaeresis
1072 317 1447 394 pullulavit,...
1479 332 1634 388 quam
1665 331 1936 370 successor

62 425 171 496 ejus
204 423 508 495 Pyrrhus...
546 423 600 476 in
635 421 862 476 deterius
888 419 1053 474 auxit.
1091 416 1195 472 Pro
1223 433 1324 488 qua
1347 431 1406 470 re
1433 414 1617 487 saepius
1650 411 1940 486 apostolica

64 521 223 576 Sedes
275 519 707 592 persuasionibus,
759 514 1239 583 contestationibus,
1301 520 1455 585 atque
1506 509 1937 584 increpationibus

61 619 299 692 plurimis
337 616 601 671 admonuit
650 633 807 671 eos...
853 613 1024 687 (apud
1063 613 1261 682 Labbc‚
1294 616 1457 693 ¹tomo
1500 610 1582 678 vl,
1626 608 1732 665 col.
1780 607 1934 678 584).

0 710 5 784 l
65 709 185 764 lam
206 723 370 781 supra
396 703 636 759 vidimus
669 701 1012 758 commoneri
1039 719 1149 756 non
1182 700 1434 774 potuisse
1459 699 1711 771 Sergium
1740 698 1807 754 ab
1831 697 1939 754 alio

0 788 2 859 ζ
69 806 307 861 Romano
357 799 613 855 Pontifice
666 817 833 871 quam
878 797 1137 854 Honorio.
1191 797 1334 854 Obiit
1394 797 1675 870 siquidem
1723 798 1941 854 duobus

69 904 351 960 dumtaxat
388 896 673 953 mensibus
726 901 850 970 post
885 895 1212 976 Honorium,
1251 900 1304 950 et
1337 901 1632 968 antequam
1669 872 1942 951 Honorius

71 1011 434 1056 successorem
496 991 769 1047 habuerit.
825 991 1099 1047 Honorius
1157 1008 1286 1063 ergo
1331 989 1584 1063 Sergium
1650 992 1942 1048 admonuit

77 1092 509 1154 contestationibus
539 1099 589 1146 et
618 1091 1055 1163 increpationibus
1077 1089 1337 1162 plurimis.

136 1193 387 1248 Probatur
419 1189 474 1244 5⁰
505 1222 568 1238 -.-
594 1206 658 1244 ea:
695 1195 876 1244 sancto
922 1188 1148 1245 Maximo
1172 1194 1421 1260 martyre.
1451 1219 1519 1227 —
1547 1187 1775 1243 Summa
1817 1188 1943 1242 dili·

64 1285 242 1360 gentia
263 1292 314 1341 et
330 1292 444 1363 toto
480 1285 609 1341 nisu
638 1285 706 1341 ad
733 1284 1212 1359 comprimendam
1237 1282 1654 1339 monothelismi
1685 1283 1941 1339 haeresim

65 1384 407 1441 adlaborasse
427 1385 702 1440 Romanos
726 1383 1039 1454 PontificeS,
1063 1383 1487 1458 praesertimque
1512 1382 1841 1451 Honorium,
1866 1382 1940 1438 ita

0 1458 4 1550 l
65 1486 292 1539 testatur
311 1488 537 1538 sanctus
563 1481 832 1538 Maximus
861 1504 871 1535 ε
896 1481 1029 1548 Quid
1057 1491 1231 1538 autem
1257 1482 1460 1536 divinus
1493 1481 1788 1536 Honorius?
1822 1481 1944 1552 quid

61 1585 175 1652 post
209 1579 354 1634 illum
387 1580 661 1636 Severinus
701 1581 893 1635 senex?
930 1580 1052 1652 quid
1099 1581 1315 1651 (lenique
1349 1587 1398 1634 et
1430 1580 1471 1634 is
1518 1580 1603 1651 qui
1646 1586 1766 1652 post
1812 1579 1944 1633 hunc

67 1677 230 1731 extitit
255 1694 404 1731 sacer
436 1678 707 1732 Joannes?
734 1677 902 1732 Porro
944 1679 986 1731 is
1035 1679 1119 1748 qui
1158 1694 1290 1731 nunc
1319 1676 1570 1749 praesidet
1614 1677 1943 1730 beatissimus

68 1770 209 1846 Papa
237 1773 592 1846 (Theodorus)
621 1776 859 1830 omisitne
894 1774 1177 1847 quidquam
1202 1773 1574 1846 supplicationi
1607 1774 1942 1827 conveniens?

0 1863 3 1924 ὲ
72 1866 207 1937 (vide
239 1886 430 1943 supra,
458 1871 540 1940 32
566 1870 901 1925 documento
948 1870 1035 1941 V).
1080 1869 1219 1924 Dum
1264 1869 1338 1923 ibi
1373 1867 1674 1924 Honorium
1718 1871 1943 1923 sanctus

68 1963 324 2023 Maximus
363 1968 608 2023 divinum
655 1973 832 2038 vocat,
880 1974 1119 2024 testatur
1145 1985 1272 2023 eum
1317 1967 1663 2041 praecipuum
1689 1966 1859 2023 fuisse
1889 1966 1943 2022 in

70 2061 359 2122 coercenda
379 2066 627 2122 nascenti
648 2066 1145 2122 monothelitarum
1165 2066 1380 2122 haeresi.
1410 2067 1515 2122 Nec
1543 2066 1778 2123 dubium
1805 2066 1942 2140 quin

72 2177 186 2216 eam
216 2163 631 2220 condemnasset
658 2163 765 2219 nisi
798 2169 975 2220 morte
1008 2171 1319 2238 praeventus
1344 2163 1560 2220 suisset.

148 2258 281 2332 Ergo
313 2267 417 2318 stat
449 2261 754 2326 conclusi0‚
793 2262 940 2334 quod
971 2262 1247 2317 Honorius
1290 2262 1503 2317 nullam
1537 2262 1592 2317 in
1626 2280 1789 2318 causa
1829 2282 1943 2318 mo—

82 2355 462 2415 nothelitarum
503 2361 724 2435 culpam
768 2361 1126 2424 contraxerit,
1160 2359 1611 2432 chimericusque
1642 2361 1714 2415 sit
1745 2361 1948 2434 qualis-

82 2469 314 2526 cumque
338 2454 511 2530 ipsius
539 2459 752 2534 lapsus.

151 2548 283 2606 Huic
325 2555 663 2613 conclusioni
704 2555 1004 2630 opponitur
1058 2555 1280 2612 llonorii
1314 2556 1704 2613 condemnatio
1730 2577 1759 2614 a
1797 2565 1942 2616 sexta

75 2647 309 2716 generali
352 2652 555 2724 synodo
598 2647 1220 2727 pronuntiata‚'necnon
1246 2653 1493 2726 ejusdem
1522 2655 1716 2729 synodi
1745 2656 1944 2711 contir-

79 2744 242 2800 matio
272 2764 302 2801 a
327 2747 498 2805 Leone
520 2751 565 2804 ll
593 2750 822 2807 Summo
860 2752 1151 2822 Pontifice;
1190 2770 1251 2808 ac
1295 2753 1524 2828 insuper
1548 2754 1788 2811 formula
1819 2774 1944 2830 pro—

82 2838 331 2897 fessionis
373 2844 497 2901 fidei
549 2866 670 2920 quae
715 2851 949 2906 habetur
1006 2850 1062 2905 in
1109 2850 1252 2906 libro
1304 2852 1408 2907 suh
1470 2853 1660 2907 Diumi
1720 2854 1946 2909 nomine

84 2936 332 3006 cognit03
378 2942 472 2996 sed
512 2943 805 3002 diluuntur
851 2948 968 3004 ista]
998 2948 1335 3022 objectiones
1361 2950 1727 3021 sequentibus
1754 2967 1949 3023 propo—

83 3028 394 3088 sitionibuS.

157 3130 429 3186 Pnoposmo
450 3133 552 3188 lv·.
579 3169 653 3178 —
683 3137 1062 3196 Condemnatus
1091 3143 1294 3214 quidem
1322 3145 1423 3214 fuit
1451 3142 1709 3198 Honorius
1728 3145 1779 3197 in
1802 3151 1950 3200 sexta

81 3229 305 3298 qenerali
335 3229 552 3299 synod0,
582 3233 642 3286 ab
675 3231 1018 3291 Orientalibus
1047 3237 1314 3311 Episcopis
1336 3261 1352 3302 ‚·
1385 3240 1477 3294 sed
1513 3241 1615 3294 ista
1642 3241 1949 3298 condemna—

84 3327 151 3379 tio
181 3327 281 3379 vim
305 3343 407 3380 non
433 3327 608 3381 habuit
643 3328 824 3398 judicii
852 3335 1156 3387 oecumenice
1183 3337 1530 3405 pronuntiati.
1557 3336 1701 3393 —Ut
1725 3338 1947 3413 aliquod

81 3422 338 3495 synodale
373 3421 643 3494 judicium
693 3425 1029 3480 censendum
1080 3426 1152 3481 sit
1198 3431 1712 3502 oecumenicmn‚non
1742 3435 1943 3494 sufficit

84 3516 219 3573 illud
265 3519 686 3592 pronuntiatum
727 3519 902 3575 fuisse
943 3519 999 3574 in
1041 3522 1381 3579 oecumenica
1413 3527 1638 3599 synodo,
1675 3548 1703 3585 a
1747 3533 1944 3606 majori

84 3612 247 3669 etiam
274 3615 667 3689 Episcoporum
697 3633 959 3679 numer0;
1002 3615 1096 3672 sed
1128 3616 1357 3693 insuper
1398 3638 1620 3681 necesse
1657 3633 1738 3683 est
1782 3635 1842 3685 ut
1865 3629 1944 3685 sit
