2262 3990
233 172 324 220 500
916 162 1211 233 TRACTATUS
1241 163 1307 210 DE
1337 163 1483 210 PAPA.
2095 235 2118 257 .

234 280 568 351 rioritatem3
601 278 655 329 et
685 270 976 328 definitam
1007 271 1263 344 absolute,
1291 289 1409 330 non
1442 277 1633 329 autem
1659 271 1950 331 dumtaxat
1977 279 2161 349 quoad

231 394 428 436 casum
461 390 576 446 quo
600 371 864 447 pluribus
889 370 958 428 de
982 376 1193 447 papatu
1221 371 1723 442 contendentibuS‚
1750 373 2006 430 nescitur
2031 377 2158 450 quis

239 491 435 531 eorum
469 472 540 529 sit
569 490 737 530 verus
768 477 823 530 et
855 471 1143 547 legitimus
1168 473 1455 532 Pontifex..

302 570 360 625 5⁰
390 570 458 626 At
479 571 678 644 primo,
708 569 916 626 falsum
940 574 1023 626 est
1050 568 1542 627 Constantiensem
1566 569 1847 648 synodum
1874 570 1933 627 in
1962 579 2160 646 quarta

229 675 283 726 et
309 664 508 743 quinta
541 667 793 726 sessione
820 667 1229 741 oecumenicam
1262 668 1462 735 fuisse3
1505 675 1559 726 et
1595 670 1803 725 harum
1843 670 2171 732 sessionum.

236 770 460 827 decreta
502 786 862 843 nequaquam
902 767 1255 825 confirmavit
1299 767 1572 825 Martinus
1613 767 1675 824 V.
1726 768 1786 824 Id
1821 769 1940 843 jam
1990 788 2159 847 supra

227 868 597 945 probavimus
644 871 825 944 (parte
867 868 1149 939 secunda,
1204 874 1341 926 sect.
1394 867 1460 941 ΙΙ,
1513 886 1563 925 c.
1609 887 1680 940 v1,
1725 869 1862 943 25).
1917 869 2071 928 Unde
2115 871 2160 929 si

235 987 430 1026 revera
462 968 670 1024 dictam
703 967 1163 1043 superioritatem
1201 946 1434 1026 absolute
1477 967 1860 1026 definivissent
1901 969 2161 1027 Constan-

222 1069 430 1126 tienses
466 1069 658 1126 Patres
700 1073 981 1141 tanquam
1025 1068 1215 1142 cloyma
1254 1069 1401 1141 fidei,
1446 1074 1778 1144 sequeretur
1814 1074 2040 1125 tantum
2069 1088 2161 1128 eos

224 1186 465 1227 errasse.
500 1202 570 1211 —
609 1168 877 1239 Secunde,
915 1186 980 1223 ex
1024 1173 1290 1224 contextu
1338 1168 1530 1243 potius
1572 1169 2031 1225 concludendum
2077 1177 2160 1226 est

220 1267 373 1324 dicta
390 1286 446 1323 m
485 1266 946 1342 superioritatem
988 1283 1102 1322 non
1143 1265 1320 1324 fuisse
1367 1268 1639 1340 definitam
1678 1273 1742 1323 ut
1781 1269 1970 1342 doqma
2011 1269 2157 1342 fidei,
2192 1251 2206 1261 ”

220 1368 317 1424 sed
369 1367 664 1423 dumtaxat
712 1371 989 1423 assertam
1030 1384 1128 1441 per
1176 1368 1388 1423 modum
1448 1369 1887 1424 constitutiommz
1930 1368 2157 1441 synoda·
2229 1441 2237 1446 Ι

220 1467 375 1537 lium,
405 1471 467 1522 ut
496 1484 761 1540 expresse
787 1466 1026 1523 hahetur
1051 1466 1108 1522 in
1138 1466 1280 1523 actis
1307 1465 1574 1523 sessionis
1602 1466 1835 1540 quintae.
1861 1499 1931 1507 —
1957 1468 2152 1541 Tert2'0‚

220 1566 356 1622 item
394 1584 458 1622 ex
499 1574 763 1624 contextu
805 1566 1030 1622 videtur
1061 1566 1230 1622 citata
1274 1565 1500 1622 concilii
1547 1565 1715 1623 verba
1755 1583 1868 1622 non
1908 1565 2156 1623 absolute

224 1667 601 1741 pronuntiata
629 1667 808 1723 fuisse
843 1666 1029 1740 quoad
1063 1685 1258 1723 omnes
1289 1666 1552 1722 Summos
1588 1666 1905 1736 Pontifices,
1941 1665 2039 1722 sed
2072 1684 2156 1724 So·

214 1764 517 1820 lumniodo
539 1764 771 1820 relative
797 1764 865 1820 ad
894 1783 1094 1821 casum
1117 1752 1462 1835 schismatiS,
1485 1763 1711 1837 quando
1738 1781 1942 1838 nempe
1968 1763 2154 1839 plures

223 1864 290 1919 de
320 1871 528 1938 papatu
563 1864 937 1935 contendunt,
968 1872 1023 1922 et
1048 1865 1300 1921 nescitur
1328 1865 1457 1939 quis
1492 1864 1562 1921 sit
1592 1882 1758 1921 verus
1784 1864 2049 1920 Pontifex.
2083 1897 2148 1905 —

221 1962 461 2033 Qnarm,
498 1963 718 2018 decreta
747 1963 1020 2019 sessionis
1061 1971 1275 2036 quartae
1312 1970 1361 2020 et
1402 1964 1615 2037 quintae
1653 1982 1819 2038 posse
1862 1963 1936 2019 ita
1981 1960 2150 2036 expli-

214 2061 336 2117 cari
374 2068 425 2118 et
470 2061 713 2134 intelligi
749 2068 812 2117 ut
846 2061 996 2117 salva
1045 2060 1117 2117 sit
1165 2060 1537 2136 superioritas
1577 2061 1814 2116 Romani
1848 2057 2150 2127 Pontificis,

217 2165 270 2214 te
286 2165 404 2230 net,
437 2158 586 2214 inter
613 2158 776 2227 alios,
813 2159 1007 2215 Petrus
1034 2159 1299 2216 Ballerini
1340 2161 1427 2234 ((16
1462 2159 1736 2215 Potestate
1774 2157 2150 2226 ecclesiastica,

220 2275 346 2332 cap.
379 2277 485 2329 vlu,
516 2277 572 2313 n.
605 2258 684 2329 8).

299 2358 499 2431 Igitur,
530 2359 680 2431 quod
706 2358 955 2434 synodus
982 2357 1426 2416 Constantiensis
1450 2357 1675 2415 concilii
1697 2355 2150 2432 superioritatem

219 2459 449 2533 proprie
491 2458 807 2516 definiverit
854 2477 1049 2516 revera
1097 2459 1553 2516 controvertitur.
1605 2459 1877 2516 Caeterum
1931 2455 2150 2515 etiamsi

219 2558 586 2630 definivisset,
633 2558 753 2632 ejus
799 2559 1112 2616 auctoritas
1144 2560 1248 2615 hac
1300 2559 1359 2614 in
1402 2577 1463 2615 re
1507 2559 1665 2615 nulla
1717 2576 1953 2634 prorsus
1988 2557 2148 2623 foret,
2231 2567 2262 2594 ‘³

220 2676 351 2714 eum
383 2658 439 2711 in
467 2657 634 2714 dictis
668 2658 1015 2715 sessionibus
1044 2658 1393 2715 oecumenica
1420 2677 1533 2715 non
1564 2658 1755 2715 fuerit.

298 2757 588 2812 Pnorosmo
629 2756 736 2813 111³.
781 2791 857 2798 —
884 2757 1177 2814 Concilium
1211 2761 1324 2814 sine
1364 2758 1534 2832 Papa,
1577 2777 1692 2814 esse
1726 2776 1891 2832 supra¹
1924 2757 2149 2831 Papam,

224 2856 327 2927 fuit
388 2872 543 2910 error
606 2856 795 2928 synodi
852 2855 1205 2927 BctsileevzsiS,
1265 2865 1311 2912 et
1375 2864 1654 2912 conventus
1714 2857 1839 2912 cleri
1896 2843 2151 2912 Gallicani

226 2952 349 3010 mini
397 2954 568 3010 1682.
604 2989 675 2995 —
713 2977 740 3008 «
770 2955 823 3010 1Ο
850 2955 1199 3012 Basileenses
1245 2955 1458 3028 Patres,
1503 2955 1599 3030 qui
1639 2955 1981 3012 definierunt
2026 2972 2152 3011 con·
2205 2957 2210 2963 '

225 3051 418 3109 cilium
448 3071 572 3109 esse
608 3071 782 3128 supra
830 3054 1056 3129 Papam,
1104 3073 1273 3110 suum
1310 3053 1616 3116 concilium
1643 3053 1962 3109 Basileense
2008 3066 2152 3108 asse-

225 3151 423 3207 rebant
465 3169 586 3208 esse
642 3170 815 3228 supra
871 3152 1188 3226 Eugenium
1244 3153 1476 3229 Papam,
1528 3171 1592 3209 eo
1638 3158 1894 3227 tempore
1943 3168 2055 3223 quo
2093 3146 2151 3204 in

226 3250 466 3307 concilio
505 3269 689 3324 neque
724 3252 867 3328 Papa
911 3268 1094 3327 neque
1133 3253 1256 3328 ejus
1295 3254 1514 3327 legatus
1549 3252 1763 3308 aderat.
1802 3250 1946 3316 Quin
1983 3247 2150 3306 etiam

224 3348 430 3423 Papam
451 3351 717 3408 omnibus
741 3352 924 3409 modis
952 3358 1363 3429 repugnantem
1389 3352 1670 3428 deponere
1697 3348 1947 3425 aggressi
1973 3348 2145 3403 sunt»

232 3446 652 3522 (Bellarminus,
685 3454 750 3508 cle
784 3445 1144 3511 Conciliorum
1173 3451 1654 3529 auctoritateslib.
1688 3451 1756 3521 ll,
1786 3468 1909 3524 cap.
1942 3445 2070 3518 xm).

309 3547 362 3600 2⁰
392 3550 552 3607 Hunc
579 3552 749 3609 etiam
781 3571 1033 3611 errorem
1066 3560 1260 3630 aperte
1291 3554 1578 3628 professus
1609 3555 1692 3607 est
1721 3545 1990 3605 Gallicani
2017 3538 2147 3600 cleri

229 3653 541 3703 conventus
575 3651 706 3706 anni
743 3652 913 3722 1682,
952 3653 1010 3708 in
1039 3654 1287 3711 secundo
1325 3652 1541 3709 scilicet
1581 3668 1612 3706 e
1641 3654 1888 3722 quatuor
1916 3638 2146 3701 famosis
