2306 4010
299 157 391 203 556
977 148 1276 197 TRACTATUS
1307 148 1372 196 DE
1405 148 1549 196 PAPA.

299 271 453 344 ptam
493 264 550 320 in
581 258 864 317 decembri
899 257 1210 314 indictione
1253 255 1608 327 duodecima,
1637 256 1760 332 ipse
1797 260 2073 336 acceperit
2115 264 2184 321 de

301 364 447 422 cima
490 356 832 416 indictione?
869 355 1018 414 Adeo
1056 355 1247 415 omnia
1300 362 1524 428 nutant,
1576 375 1702 432 quae
1754 357 1930 416 solido
1978 360 2224 421 veritatis

297 459 667 518 fundamento
708 461 919 514 carent.
1747 462 1750 465 ·

372 554 476 612 Sed
503 554 736 612 demum
753 558 982 611 sanctus
996 553 1101 611 Leo
1123 552 1182 610 in
1202 553 1438 630 epistola
1460 555 1568 612 hac
1592 553 1668 611 ita
1691 553 1988 630 scripsisse
2003 555 2182 614 fertur
2207 579 2218 613 :

299 677 326 709 «
363 653 924 712 Anathematizamus
955 653 1082 710 novi
1121 652 1330 712 erroris
1371 652 1720 724 inventoreS‚
1759 653 2221 725 Theodorum-..3

298 773 514 815 necnon
562 762 615 814 et
640 755 954 812 Honorium
980 799 995 826 ,
1040 755 1137 832 qui
1182 757 1326 812 hanc
1360 754 1728 832 apostolicam
1762 754 2068 813 Ecclesiam
2114 773 2227 815 non

294 855 616 934 apostolicae
661 854 988 914 traditionis
1021 855 1280 913 doctrina
1317 854 1645 929 illustravit,
1691 854 1787 912 sed
1828 854 2064 930 profana
2101 872 2226 930 pro-

294 955 510 1013 ditione
546 955 977 1013 immaculatam
1016 955 1185 1012 tidem
1213 955 1544 1013 subvertere
1576 959 1815 1011 conatus
1853 960 1974 1021 est;
2034 961 2084 1011 et
2116 972 2225 1011 om-
2267 1009 2270 1011 ,

294 1075 388 1116 nes
423 1058 591 1131 quiin
625 1075 720 1114 suo
756 1075 939 1113 errore
973 1055 1209 1130 defuncti
1251 1065 1395 1113 sunt.
1435 1078 1462 1109 »
1496 1055 1604 1112 Sed
1641 1053 1919 1111 Honorius
1953 1054 2013 1111 in
2040 1073 2222 1112 errore
2296 1106 2297 1111 ,

295 1157 597 1215 defunctus
628 1175 744 1214 non
771 1162 878 1228 est,
907 1175 1076 1231 quem
1112 1155 1337 1232 publico
1366 1156 1564 1214 sunere
1581 1155 1833 1212 Romana
1860 1154 2105 1212 Ecclesia
2139 1154 2223 1213 in·
2296 1158 2297 1162 ’

299 1265 383 1316 tcr
409 1263 635 1316 sanctos
658 1256 951 1315 Pontifices
978 1256 1038 1313 in
1065 1256 1310 1314 Ecclesia
1352 1255 1533 1314 sancti
1558 1256 1704 1314 Petri
1737 1255 2011 1332 reposuit,
2041 1260 2097 1312 et
2129 1253 2221 1312 cui

297 1364 360 1415 ut
387 1355 663 1414 catholico
689 1354 942 1411 Pontifici
978 1354 1034 1410 in
1069 1353 1336 1411 omnibus
1373 1353 1710 1428 parentavit.
1749 1353 1886 1410 Male
1915 1352 2090 1428 igitur
2131 1352 2219 1408 in-

294 1462 381 1513 ter
412 1474 508 1512 eos
551 1454 802 1511 insertus
829 1451 1108 1510 llonorius
1136 1451 1234 1526 qui
1264 1451 1321 1507 in
1354 1469 1548 1508 errore
1573 1450 1824 1509 defuncti
1853 1458 2013 1520 sunt;
2048 1457 2222 1527 utque

297 1556 570 1613 subsistat
594 1554 882 1630 periOduS,
926 1553 1058 1610 inde
1101 1551 1377 1609 delendus
1405 1558 1508 1609 cst.
1539 1574 1566 1607 »

369 1656 611 1713 Secunda
637 1654 851 1731 pariter
882 1653 1144 1730 epistola,
1175 1652 1230 1708 id
1257 1658 1360 1722 est,
1389 1653 1458 1709 ad
1484 1652 1770 1727 Ervigium
1807 1652 2040 1724 directa,
2071 1652 2222 1711 haud
2296 1735 2297 1738 Ἴ

293 1756 463 1812 dubia
493 1775 607 1831 prae
654 1775 711 1812 sc
761 1756 869 1812 sert
896 1753 1350 1831 interpolationis
1386 1753 1568 1827 signa.
1598 1754 1658 1809 In
1689 1771 1753 1810 ea
1785 1752 1996 1811 dicitur
2032 1755 2222 1830 (prout

295 1856 353 1912 in
393 1859 573 1928 tertia,
604 1856 673 1912 ad
701 1855 983 1930 Hispania}
1014 1854 1338 1930 Episcopos)
1379 1853 1696 1910 absolutam
1726 1852 1905 1910 fuisse
1941 1853 2219 1928 synodum

295 1962 511 2014 sextam
543 1955 853 2013 indictione
879 1974 1042 2011 nona.
1073 1955 1261 2012 Posset
1289 1955 1654 2028 aliquatenus
1677 1954 1734 2010 id
1765 1953 1941 2011 tribui
1971 1954 2221 2012 librario-

292 2075 421 2113 rum
449 2055 778 2124 oscitantiae,
818 2054 917 2128 qui
945 2054 1067 2111 loco
1101 2055 1317 2110 (lecimae
1345 2053 1666 2128 posuissent
1707 2071 1924 2125 nonam,
1954 2053 2002 2110 si
2039 2053 2216 2111 semel

294 2156 587 2213 dumtaxat
624 2154 891 2211 mendum
921 2160 1268 2210 occurreret.
1304 2154 1368 2210 At
1397 2153 1455 2209 in
1494 2153 1644 2209 binis
1673 2152 1928 2228 epistolis
1959 2152 2219 2224 habetur,

293 2274 405 2311 non
433 2255 635 2322 obiter,
656 2253 752 2310 sed
775 2252 979 2328 saepius
1007 2252 1379 2308 inculcatum.
1401 2251 1568 2307 Error
1591 2269 1728 2308 sane
1752 2251 2089 2308 tribuendus
2106 2269 2219 2308 non

294 2362 374 2412 est
413 2354 578 2411 Leoni
616 2354 681 2425 ll,
729 2353 825 2428 qui
859 2370 948 2410 ros
982 2351 1150 2426 hujus
1187 2351 1463 2428 temporis
1507 2351 1763 2428 apprime
1806 2358 1969 2409 notas
1999 2351 2214 2409 habuit.

296 2454 513 2529 Aliquis
547 2471 679 2528 ergo
714 2458 929 2528 postea,
960 2451 1211 2508 historiae
1226 2451 1398 2526 hujus
1426 2451 1700 2527 temporis
1721 2451 1975 2526 ignarus,
2010 2451 2215 2508 dictam

294 2555 594 2630 epistolam
643 2553 804 2610 finxit
843 2559 943 2610 aut
998 2552 1384 2628 interpolavit.
1420 2584 1490 2593 —
1522 2553 1758 2627 Insuper
1799 2551 1857 2607 in
1908 2539 2215 2608 eadem'ad
2296 2577 2297 2582 κ

283 2653 577 2727 ,ΕΓνίςίυῐη
606 2653 866 2728 epistola,
908 2652 1119 2710 dicitur
1150 2652 1459 2728 imperator
1488 2650 1896 2709 Constantinus
1925 2650 2213 2727 scripsisse

296 2752 364 2809 ad
408 2752 736 2825 Ammonem
787 2770 1082 2808 summum
1122 2750 1474 2822 Pontificem,
1523 2750 1811 2806 indictione
1855 2768 1998 2806 nona
2036 2750 2099 2806 de
2134 2765 2213 2805 co-

295 2851 465 2924 qemla
502 2859 657 2907 sexta
680 2849 903 2923 synodo.
933 2849 1103 2906 Porro
1133 2847 1443 2924 imperator
1473 2867 1585 2906 non
1628 2847 1857 2925 scripsit
1887 2847 1957 2905 ad
1988 2846 2211 2921 Aqatlw-

297 2969 440 3023 nem,
479 2950 575 3006 sed
618 2949 687 3006 ad
727 2947 1196 3025 praedecessorem
1233 2949 1357 3023 ejus
1386 2948 1615 3004 Donum.
1654 2947 1842 3023 Neque
1868 2947 2094 3023 scripsit
2131 2945 2211 3002 in-

294 3050 542 3108 dictione
565 3068 730 3121 nomi,
761 3049 860 3106 sed
890 3047 1200 3106 indictione
1218 3057 1392 3122 sexta,
1420 3048 1475 3104 id
1498 3054 1604 3121 est,
1635 3048 1819 3106 tribus
1847 3034 2012 3106 annis
2027 3051 2204 3105 antea.

291 3151 675 3228 Multipliciter
705 3167 836 3225 ergo
870 3168 990 3207 sese
1017 3150 1204 3226 prodit
1232 3150 1388 3208 illius
1416 3149 1663 3226 epistolae
1690 3149 2071 3226 interpolatio.

369 3251 440 3307 De
469 3253 647 3325 tertia,
678 3249 735 3306 id
767 3255 873 3320 ost,
902 3248 970 3304 ad
993 3248 1273 3324 Hispaniae
1307 3249 1606 3326 Episcopos
1638 3249 1901 3325 epistola,
1931 3245 2208 3304 sic-disse-

293 3357 427 3407 runt
460 3351 618 3408 citati
662 3348 1167 3423 wirceburgenses
1217 3348 1502 3423 theologi:
1536 3371 1563 3403 «
1598 3349 1699 3405 Tot
1734 3354 2006 3422 tantaque
2047 3343 2204 3402 habet

292 3449 698 3526 suppositionis
733 3454 831 3505 aut
880 3448 1265 3525 corruptionis
1307 3454 1638 3523 argumenta
1677 3446 1972 3523 palmaria,
2001 3445 2200 3518 quanta

295 3547 451 3603 nulla
479 3567 545 3604 ex
598 3548 664 3604 iis
707 3547 960 3625 epistolis
1000 3547 1334 3605 Pontificum
1368 3547 1636 3618 aliorum,
1677 3563 1802 3619 quae
1847 3544 1917 3600 ah
1943 3539 2201 3599 omnibus

237 3670 239 3673 ·
294 3643 461 3700 ctiam
505 3647 880 3722 supposititiae
923 3648 1227 3706 habentur.
1257 3646 1394 3704 Nam
1422 3647 1498 3716 1⁰,
1533 3651 1595 3703 ut
1631 3652 1843 3702 taceam
1882 3641 2080 3715 falsam
2120 3636 2202 3694 in·-

2300 2821 2306 3046 ἒ

2299 3215 2306 3335 4
