2306 4010
267 138 359 189 560
931 129 1237 179 TRACTATUS
1268 129 1336 177 DE
1367 130 1518 178 PA‘PA.

267 246 509 304 Honorio
547 242 856 318 reperitur3
892 238 970 294 ita
1000 243 1067 294 ut
1104 236 1257 294 dicta
1283 236 1531 294 formula
1573 255 1744 311 quam
1777 239 1838 297 in
1873 241 1994 313 suis
2035 241 2184 299 codi-
2264 256 2267 262 ·

266 345 430 403 cibus
458 341 800 397 invenerunt
825 334 1153 394 Holstenius
1172 341 1225 393 et
1239 334 1497 408 Garnier,
1517 337 1796 394 censenda
1814 336 1888 394 sit
1907 338 1978 394 ab
1999 337 2187 397 Orien·
2251 391 2258 395 .

264 440 365 499 tali
388 438 579 511 aliquo
613 435 876 494 Antistite
906 435 1145 492 Romam
1185 434 1381 506 missa,
1409 440 1464 492 et
1489 453 1790 512 perperam
1831 455 1863 493 a
1896 422 2221 497 collectore*

264 538 446 614 posita
471 556 602 594 cum
627 536 775 610 aliis,
795 536 1007 611 quibus
1033 535 1345 594 utebantur
1361 534 1602 613 Romani
1618 535 1936 594 PontificeS.
1971 536 2188 596 Etenim
2271 576 2273 582 -

343 635 398 692 1⁰
439 635 763 692 Formulam
812 653 843 691 a
898 633 1166 691 Romanis
1216 632 1581 691 Pontificibus
1619 633 1680 690 in
1723 634 2039 709 profitenda
2084 634 2192 693 fide

265 738 603 809 adhibitam,
647 743 702 794 et
737 753 864 810 quae
896 736 966 794 de
1000 735 1245 794 Honorio
1298 753 1532 811 prorsus
1577 734 1727 805 silet,
1769 734 2070 812 exscripsit
2106 736 2193 794 lvo

265 837 647 897 Carnotensis.
671 837 734 895 Et
760 837 1025 895 eamdem
1046 817 1283 913 reperiri
1310 836 1369 892 in
1393 835 1726 893 collectione
1756 854 2040 894 canonum
2074 854 2194 893 car·-
2222 868 2250 900 ,τ’
2274 832 2279 850 ‘

266 939 473 997 dinalis
498 937 821 1010 Deusdedit,
867 938 926 994 in
963 937 1305 995 bibliotheca
1332 936 1616 1009 Vaticana,
1657 942 1926 994 notarunt
1974 889 2259 1101 comem}

268 1046 420 1096 tores
445 1037 705 1108 Romani,
727 1037 796 1094 ad
823 1036 1146 1095 canonem8
1163 1036 1548 1094 distinctionis
1561 1035 1894 1117 XVI-decreti
1921 1036 2195 1094 Gratiani.
2295 1027 2306 1091 ζ’

267 1137 549 1211 integram
582 1136 829 1212 reperies
863 1137 1014 1211 apud
1050 1134 1356 1192 Baronium
1395 1134 1486 1208 (ad
1526 1152 1741 1191 annum
1784 1133 1920 1206 869,
1965 1153 2023 1190 n.
2069 1134 2202 1209 58)..
2238 1122 2283 1195 {J'

267 1237 408 1295 Citat
440 1255 564 1294 eam
596 1235 897 1292 Gratianus
921 1234 1070 1291 dicta
1099 1234 1464 1291 distinctione
1490 1234 1618 1306 XVI,
1644 1251 1856 1291 canone
1892 1234 1946 1291 8.
1977 1233 2198 1292 Praefati
2240 1294 2253 1311 γ’
2283 1237 2286 1243 ’

273 1347 464 1397 autem
504 1338 810 1413 scciptores
840 1336 938 1410 qui
982 1334 1286 1392 formulam
1322 1326 1480 1392 illam
1511 1336 1711 1406 citant,
1741 1336 1936 1393 dicunt
1957 1353 2078 1393 eam
2106 1335 2198 1392 de-

275 1439 426 1497 sumi
447 1458 512 1495 cx
540 1438 672 1494 libro
688 1438 912 1494 Diurno.
935 1436 1001 1493 Et
1023 1453 1216 1494 revera
1235 1442 1382 1493 extat
1409 1435 1465 1492 in
1486 1435 1502 1490 i
1508 1454 1608 1511 pso
1623 1435 1792 1493 etiam
1813 1435 2013 1493 Dim'no
2032 1453 2200 1510 quem

274 1538 450 1596 edidit
478 1537 708 1594 Garnier
736 1536 960 1612 (pagina
993 1536 1115 1608 26),
1140 1536 1245 1593 sub
1268 1536 1371 1592 hoc
1398 1535 1565 1592 titulo
1591 1537 1879 1593 indiculum
1907 1536 2200 1609 pontificis,
2276 1583 2282 1589 ..

275 1637 346 1694 De
373 1656 485 1711 quo
519 1637 600 1693 sic
625 1636 856 1693 adnotat
884 1635 1036 1692 idem
1058 1635 1220 1693 Pater
1249 1635 1486 1692 Garnier
1510 1658 1520 1691 :
1557 1658 1583 1689 «
1607 1634 1765 1699 Quod
1794 1636 2079 1705 indiculum
2101 1636 2205 1692 hoc

279 1736 338 1792 in
369 1736 491 1793 loco
518 1736 748 1806 dicitur,
773 1737 1165 1810 professionem
1189 1735 1315 1807 fidei
1352 1741 1551 1791 vocant
1584 1734 1696 1807 lvo,
1731 1734 2053 1806 Gratianus,
2097 1735 2204 1790 An-

279 1835 471 1892 tonius
506 1836 878 1910 Augustinus,
914 1841 966 1892 et
989 1835 1285 1892 Baronius.
1317 1835 1450 1892 Eam
1469 1854 1666 1893 omnes
1693 1835 1775 1892 illi
1802 1835 2206 1911 professionem
2242 1878 2247 1884 .
2283 1855 2286 1859 ’

283 1942 572 2010 acceptam
606 1934 838 1992 tradunt
871 1953 937 1990 ea:
975 1935 1104 1989 libro
1133 1934 1359 1991 DiurnO.
1400 1958 1426 1988 »
1462 1935 1689 1992 Certum
1718 1954 1849 2011 ergo
1887 1941 1971 1992 est
1995 1934 2210 1992 adhibi·
2245 1983 2255 1988 .

282 2039 397 2090 tam
427 2033 601 2090 fuisse
629 2052 658 2088 a
679 2032 948 2089 Romanis
967 2032 1331 2090 Pontificibus
1365 2034 1693 2109 profitendae
1718 2035 1846 2091 fidei
1875 2035 2210 2105 formulam,

284 2134 344 2190 in
377 2151 489 2207 qua
522 2131 667 2188 nihil
691 2132 759 2188 de
788 2131 1030 2189 Honorio
1061 2131 1206 2206 Papa
1247 2132 1508 2189 habetur.
1551 2133 1689 2190 Item
1730 2139 1949 2191 certum
1979 2141 2062 2192 est
2087 2153 2212 2191 eam
2272 2191 2274 2194 ,

286 2231 347 2287 in
381 2231 498 2287 libri
523 2231 720 2287 Diurni
754 2229 1047 2286 codicibus
1075 2229 1351 2287 extitisse.
1393 2231 1455 2287 Et
1487 2231 1714 2288 tandem
1751 2233 1965 2307 pariter
1999 2239 2214 2290 certum
2246 2223 2260 2275 ’τ
2298 2239 2301 2289 ξ

287 2336 396 2401 est,
434 2331 579 2386 hanc
613 2329 793 2386 solam
837 2329 1170 2400 formulam,
1219 2347 1344 2405 quae
1390 2330 1457 2387 de
1482 2331 1724 2389 Honorio
1754 2331 1905 2403 silet,
1934 2334 2214 2408 cognitam
2301 2295 2306 2356 4

289 2429 491 2503 fuisse,
521 2434 828 2504 antequam
858 2429 1182 2487 Holstenius
1215 2437 1269 2487 ct
1296 2430 1603 2488 Garnerius
1631 2451 1733 2489 sua
1765 2432 2074 2490 edidissent
2101 2435 2225 2490 libri*
2305 2422 2306 2460 3

293 2530 485 2586 Diurni
528 2530 943 2605 manuscripta,
982 2530 1039 2586 in
1079 2531 1289 2606 quibus
1328 2530 1565 2608 insuper
1616 2539 1797 2589 exstat
1846 2535 2079 2591 secunda
2125 2533 2216 2591 illa
2303 2524 2306 2596 ζ

290 2631 415 2704 fidei
442 2632 737 2704 profes-550,
766 2649 892 2705 quae
912 2631 1222 2689 Ilonorium
1254 2632 1403 2689 inter
1438 2634 1728 2691 haereticos
1747 2642 2024 2693 recenset.
2054 2635 2217 2692 Porro
2245 2690 2249 2695 .
2304 2638 2306 2661 ³

289 2729 408 2804 jam
442 2730 574 2787 inde
606 2731 789 2788 oritur
832 2732 1088 2805 legitima
1121 2734 1514 2810 praesumptio,
1557 2734 1707 2808 quod
1743 2736 1861 2792 haec
1887 2736 2244 2810 postererior‘

296 2829 544 2886 formula
577 2847 939 2904 nequaquam
969 2831 1141 2888 fuerit
1178 2851 1207 2888 a
1240 2832 1512 2890 Romanis
1540 2833 1909 2892 Pontificibus
1941 2834 2216 2901 adhibita3

299 2927 563 3003 quodque
590 2945 888 3004 perperam
917 2930 986 2992 ab
1019 2929 1212 3007 aliquo
1240 2931 1651 3007 transcriptore
1699 2931 1910 2991 inserta
1938 2932 2107 2990 fuerit
2144 2930 2246 2988 illi*

300 3027 683 3085 formularum
711 3028 1031 3086 collectioni
1074 3048 1198 3105 quae
1234 3030 1428 3087 Diurni
1461 3032 1694 3089 nomine
1719 3032 1956 3090 inscribi
1989 3032 2219 3090 solebat.

302 3129 415 3186 Cur
442 3128 597 3185 enim
626 3134 855 3186 sanctus
882 3129 971 3186 lvo
1006 3136 1058 3186 et
1093 3129 1208 3203 alii,
1243 3131 1341 3204 qui
1381 3131 1630 3206 priorem
1659 3151 1725 3188 ex
1750 3133 1880 3189 libro
1914 3133 2120 3190 Diurno
2150 3128 2222 3187 ci-

302 3233 449 3300 tant,
493 3227 866 3303 posteriorem
919 3245 1145 3304 semper
1190 3229 1537 3287 tacuissent?
1577 3230 1892 3288 Praesertim
1950 3248 2079 3288 cum
2121 3228 2224 3285 ista

306 3326 587 3402 posterior
623 3327 806 3384 multo
850 3326 1037 3402 aptior
1079 3326 1224 3385 foret
1252 3328 1322 3384 ad
1354 3329 1612 3404 ipsorum
1643 3348 1903 3406 scopum,
1944 3328 2001 3385 id
2028 3334 2131 3399 est,
2159 3322 2247 3400 ad·

309 3424 639 3482 tradendam
669 3425 736 3483 de
764 3426 1128 3506 generalibus
1149 3427 1407 3484 conciliis
1436 3429 1743 3486 notionem.
1781 3429 1837 3485 Si
1862 3426 2223 3504 posteriorem

312 3521 470 3580 illam
497 3526 557 3582 in
604 3527 724 3584 suis
759 3527 892 3585 libri
937 3527 1136 3584 Diurni
1162 3528 1454 3587 codicibus
1487 3530 1818 3611 habuissent
1851 3535 1903 3586 et
1927 3524 2224 3602 genuinam

317 3619 756 3698 existimassent,
786 3627 855 3684 de
878 3645 940 3684 ea
974 3627 1126 3683 haud
1149 3627 1470 3686 siluissent.
