2262 3990
841 205 971 254 PARS
998 203 1195 252 TERTIA.
1475 222 1478 224 ’
1865 199 1955 245 655

89 322 150 375 ut
173 315 447 390 judicium
471 309 693 371 concilii
714 326 825 370 non
850 311 921 369 sit
936 310 1210 387 judicium
1236 307 1457 367 concilii
1480 304 1828 377 oecumeniei,
1855 304 1952 362 sed

91 419 303 470 tantum
328 409 699 488 particularis,
725 426 786 465 ac
810 408 1043 484 proinde
1066 391 1436 465 rescindibile’.
1459 405 1598 478 Ergo
1616 409 1793 478 potest
1815 421 1956 459 sem-

90 495 187 584 per
226 509 625 581 cujuscumque
657 505 875 562 concilii
898 504 1106 580 judicia
1136 503 1387 578 judicare
1428 507 1482 559 et
1511 497 1856 558 rescindere.
1883 533 1958 543 —-

89 603 146 659 5⁰
191 604 343 659 ldem
388 603 651 677 exemplis
698 607 934 659 constat.
979 601 1189 657 Dantur
1233 615 1432 673 nempe
1481 597 1715 654 concilia
1757 596 1958 670 quibus

88 699 228 756 nihil
257 700 324 755 ad
353 699 846 756 oecumenieitatem
877 697 1051 754 defuit
1079 697 1189 753 nisi
1220 697 1542 770 approbatio
1569 695 1801 752 Romani
1825 695 1960 750 Pon-

89 796 267 863 tifieis;
313 797 556 871 itemque
586 797 695 853 alia
731 813 853 870 quae
891 795 1230 862 oecumenica
1269 794 1497 850 suerunt
1535 795 1715 868 quoad
1751 794 1955 867 aliqua,

90 909 198 947 non
235 899 420 948 autem
460 893 639 966 quoad
673 909 735 947 ea
762 908 887 963 quae
922 908 951 946 a
982 889 1118 946 Sede
1156 889 1401 945 Romana
1449 892 1647 964 rejecta
1682 897 1736 946 et
1774 907 1962 963 repro·

91 988 215 1044 bata
259 995 408 1044 sunt.
446 988 604 1043 Verbi
632 987 824 1060 gratia,
870 987 1272 1043 oecumenicum
1317 986 1616 1042 concilium
1666 986 1959 1042 Chalcedo-

91 1103 277 1150 nense,
306 1086 486 1159 quoad
528 1102 793 1142 canonem
820 1103 929 1158 quo
963 1086 1265 1147 secundum
1296 1084 1579 1157 dignitatis
1610 1085 1795 1140 locum
1821 1084 1959 1139 Con-

90 1182 588 1256 stantinopolitanae
623 1182 739 1238 sedi
785 1182 1151 1252 adscribebat,
1202 1181 1658 1238 oecumenieitatis
1698 1182 1809 1236 vim
1853 1198 1961 1235 non

92 1277 304 1346 habuit,
355 1277 601 1350 eoquod
649 1295 916 1333 canonem
957 1278 1127 1332 istum
1173 1276 1416 1333 Romana
1463 1276 1619 1332 sedes
1659 1277 1964 1351 approbare

93 1375 730 1431 noluerit.—Aconcilio
757 1375 998 1448 generali
1028 1381 1236 1439 octavo,
1264 1375 1318 1430 id
1341 1381 1442 1439 est,
1462 1375 1679 1430 Nicaeno
1697 1375 1962 1437 secundO,

95 1469 306 1526 actione
343 1489 393 1534 v,
436 1471 635 1544 rejecta
676 1479 756 1528 est
800 1472 1274 1548 pseudo-synodus
1319 1473 1834 1551 Iconomacliorum,
1878 1470 1965 1526 cui

95 1566 460 1624 interfuerant
502 1568 748 1642 Episcopi
788 1569 919 1634 558,
961 1588 1025 1625 ex
1055 1589 1115 1626 ea
1149 1571 1365 1626 ratione
1391 1570 1538 1643 quod
1579 1589 1679 1625 non
1721 1571 1968 1625 habuerat

93 1665 379 1736 adjutorem
421 1667 558 1721 illius
606 1670 850 1740 temporis
885 1668 1175 1723 Romanum
1217 1669 1507 1740 Pa1›am...,
1538 1666 1968 1742 qzlettzadtizoclztvn

94 1758 175 1813 Ieae
235 1762 395 1815 dictat
441 1763 797 1818 conciliorum.
836 1763 983 1818 Unde
1037 1765 1122 1818 lex
1178 1773 1254 1819 est
1310 1765 1660 1826 conciliorum,
1713 1768 1771 1818 ut
1828 1764 1965 1835 Papa

90 1857 262 1928 possit
297 1865 416 1913 acta
450 1859 811 1914 conciliorum
846 1862 999 1915 nulla
1034 1867 1086 1915 et
1115 1861 1272 1916 irrita
1303 1861 1554 1924 reddere,
1597 1878 1707 1915 non
1747 1867 1964 1915 tantum

89 1970 150 2008 ea
172 1970 427 2026 expresse
454 1956 784 2027 abrogando,
823 1957 916 2011 sed
947 1958 1111 2011 etiam
1133 1975 1420 2012 assensum
1447 1957 1788 2030 denegando
1807 1991 1881 1999 —-
1898 1958 1968 2013 De

88 2052 319 2107 concilio
349 2053 708 2122 Ariminensi,
735 2053 843 2109 600
874 2054 1158 2128 Episcopis
1193 2061 1501 2125 constante,
1532 2055 1664 2110 dicit
1700 2057 1966 2111 Damasus

86 2145 225 2219 Papa
260 2147 443 2221 (epist.
481 2149 566 2211 111,
610 2150 757 2221 apud
780 2150 1103 2222 Constant):
1138 2151 1370 2222 «Neque
1398 2151 1545 2206 enim
1583 2151 1969 2222 praejudicium

89 2242 314 2314 aliquod
350 2243 495 2296 nasci
531 2244 706 2314 potuit
741 2262 806 2298 ex
835 2263 1068 2299 numero
1098 2263 1312 2307 eorum,
1346 2246 1440 2317 qui
1477 2246 1624 2317 apud
1657 2245 1969 2299 Ariminum

90 2346 484 2403 convenerunt3
523 2358 647 2395 cum
677 2347 911 2408 constet,
949 2359 1126 2414 neque
1155 2342 1462 2397 Romanum
1491 2343 1842 2415 Episcopum,
1881 2361 1973 2397 cu-

0 2438 1 2443 ’
87 2438 179 2509 jus
216 2442 344 2491 ante
384 2453 575 2491 omncs
621 2437 724 2492 suit
767 2439 1071 2511 expetenda
1119 2438 1461 2493 sententia...
1504 2438 1826 2511 hujusmodi
1862 2445 1970 2493 sta-

0 2563 4 2610 7
82 2534 215 2588 tutis
249 2552 580 2589 consensum
611 2535 849 2608 aliquem
884 2536 1287 2592 commodasse.
1315 2559 1340 2588 »
1361 2571 1435 2578 —
1460 2536 1789 2592 Judicialem
1814 2537 1968 2609 Papae

0 2645 3 2687 ι
82 2632 464 2686 auctoritatem
498 2649 663 2705 supra
700 2633 952 2696 concilia,
993 2634 1106 2706 jam
1151 2653 1251 2689 suo
1291 2640 1537 2707 tempore
1574 2640 1839 2705 tanquam
1885 2633 1969 2687 in-

82 2726 381 2782 dubitatam
420 2729 694 2784 asserebat
724 2735 775 2784 et
812 2730 967 2785 factis
1006 2749 1102 2786 seu
1143 2731 1301 2805 praxi
1344 2732 1710 2786 confirmabat
1741 2738 1965 2786 sanctus

0 2838 5 2858 ⁴
80 2822 325 2877 Gelasius
359 2825 474 2896 (qui
497 2832 714 2881 creatus
744 2833 826 2882 est
851 2827 1096 2883 Pontifex
1123 2847 1266 2884 anno
1294 2829 1447 2901 492),
1481 2829 1538 2883 in
1571 2829 1689 2883 suis
1713 2828 1779 2882 ad
1811 2828 1966 2900 Epis-

0 2987 2 2994 λ
82 2935 246 2989 copos
286 2916 567 2974 Dardaniae
603 2921 836 2977 litteris:
883 2925 1050 2979 «Non
1086 2925 1383 2981 reticemus
1411 2931 1617 2986 autem,
1650 2923 1957 2994 inquiebat,

4 3067 9 3071 .
81 3013 225 3086 quod
256 3019 452 3068 cuncta
487 3033 584 3086 per
618 3018 891 3074 mundum
917 3021 1065 3076 novit
1092 3004 1356 3083 Ecclesia,
1395 3021 1659 3092 quoniam
1689 3038 1957 3092 quorum-

78 3110 210 3165 libet
252 3111 538 3166 sententiis
586 3113 748 3185 ligata
792 3116 1116 3171 Pontificum
1157 3119 1319 3174 Sedes
1361 3119 1507 3173 beati
1547 3118 1689 3173 Petri
1724 3118 1955 3191 apostoli

74 3206 167 3277 jus
203 3205 398 3260 babeat
431 3207 763 3278 resolvendi,
794 3216 979 3282 utpote
1018 3230 1135 3283 quae
1164 3213 1229 3268 de
1271 3214 1422 3268 omni
1463 3213 1703 3268 Ecclesia
1734 3212 1827 3284 jus
1865 3215 1957 3268 ha-

79 3304 201 3357 beat
238 3303 544 3374 judicandi,
579 3323 754 3382 neque
781 3307 1041 3379 cuiquam
1079 3310 1145 3364 de
1179 3310 1297 3383 ejus
1344 3311 1506 3366 liceat
1533 3311 1785 3384 judicare
1804 3311 1954 3384 judi-

76 3395 231 3450 cio...
281 3396 382 3450 Sed
428 3415 528 3452 nec
571 3398 660 3452 illa
715 3400 1082 3472 praeterimus,
1124 3405 1269 3476 quod
1306 3392 1602 3477 apos'tolica
1639 3405 1801 3461 Sedes
1842 3407 1949 3462 fre-

76 3498 325 3563 quenter,
377 3499 437 3548 ut
484 3494 694 3550 dictum
738 3502 840 3560 est,
899 3515 1049 3554 more
1104 3501 1401 3572 majorum,
1450 3502 1614 3558 etiam
1662 3502 1779 3558 sine
1832 3504 1947 3560 ulla

76 3590 280 3661 synodo
312 3591 669 3662 praecedente,
696 3599 747 3650 et
774 3595 1088 3652 absolvendi
1124 3616 1262 3670 quos
1297 3601 1539 3679 synodus
1565 3601 1756 3675 inique
1789 3602 1944 3659 dam-
