2262 3990
263 134 348 183 608
923 120 1226 172 TRACTATUS
1259 123 1324 170 DE
1356 123 1508 173 PAPA.

267 245 522 296 tororum
539 233 792 303 Patrum,
822 228 1096 303 quamdiu
1114 229 1174 286 in
1197 229 1486 288 decretum
1507 229 1639 289 fidei
1657 249 1770 289 non
1791 235 2042 310 transiit,
2061 225 2180 297 non·
2253 237 2257 242 ’

263 336 430 392 aliam
457 331 572 389 vim
597 329 766 388 habet
799 348 971 404 quam
1002 348 1171 389 merae
1196 332 1483 406 opinionis.
1515 330 1778 407 Opinioni
1809 339 1998 392 autem
2025 335 2174 399 licite

263 428 690 488 contradicitur.
727 428 1064 487 Adhaerendi
1098 447 1305 507 nempe
1327 428 1714 504 obligatio-eos
1733 431 2026 492 dumtaxat
2053 415 2194 497 fidei*

264 529 534 587 articulos
577 528 830 605 respicit,
868 547 1013 604 quos
1047 529 1307 588 Ecclesiae
1356 529 1660 588 auctoritas
1711 537 1984 607 tanquam
2042 535 2184 595 tales·

265 629 527 705 proponit
575 634 628 687 et
670 648 736 686 ex
780 632 1095 688 necessitate
1138 629 1448 688 credendos
1497 630 1765 688 declarat.
1794 654 1822 686 «
1855 623 2219 710 Contingere*

267 727 498 802 quidem
526 734 732 805 potest,
761 728 840 786 ait
865 728 1226 800 Ballerinius,
1251 736 1313 787 ut
1345 729 1403 786 in
1435 729 1810 789 discutiendis
1845 736 1974 789 ante
1999 733 2179 793 defini-

267 829 542 886 nitionem
569 829 896 902 momentiS,
922 837 976 889 et
1003 830 1062 887 in
1086 830 1322 889 veritate
1342 829 1705 906 inquirenda,
1723 831 1890 889 multi
1917 838 1969 890 et
1992 833 2176 909 plures

269 930 493 988 concilii
509 931 699 989 Patres
727 931 890 988 aliter
907 938 1077 1007 atque
1097 931 1262 990 aliter
1289 931 1571 1007 opinando
1620 931 1938 1008 discrepent
1969 939 2022 991 et
2046 933 2180 995 inter

274 1049 354 1101 se,
376 1036 430 1087 et
445 1030 651 1106 abipso
669 1030 920 1088 Romano
939 1030 1225 1089 Pontifice.
1244 1031 1312 1087 At
1338 1031 1521 1106 quoad
1550 1030 1907 1090 discutiendo
1934 1038 1989 1090 et
2007 1031 2182 1108 inqui-

269 1128 444 1186 rendo
471 1129 831 1203 dissentiant,
864 1149 928 1187 ac
963 1130 1216 1188 definitio
1244 1131 1403 1187 nulla
1430 1148 1496 1187 ex
1530 1139 1686 1206 parte
1721 1132 2065 1209 proseratur,
2089 1133 2184 1192 erit

270 1230 386 1286 haec
405 1229 682 1287 dissensio
703 1232 989 1304 opinioniS,
1014 1249 1130 1287 non
1147 1232 1472 1304 definitionis
1495 1249 1587 1288 nec
1605 1232 1751 1305 fidei.
1771 1232 1881 1290 Nec
1892 1231 2182 1307 quisquam

267 1329 539 1404 utrinque
570 1331 814 1386 alterum
843 1337 1003 1404 coget
1043 1330 1112 1387 ad
1160 1349 1480 1401 assensum,
1506 1350 1638 1388 cum
1662 1333 1871 1389 coactio
1905 1349 1971 1388 ex
2004 1331 2184 1389 defini·

270 1430 422 1487 tione
468 1430 617 1488 edita
661 1437 831 1506 atque
881 1431 1142 1488 Ecclesiae
1179 1431 1472 1509 proposita
1515 1432 1752 1490 oriatur.
1800 1433 1862 1489 In
1917 1432 2183 1508 ejusmodi

269 1531 742 1602 dissensionibuS,
772 1551 897 1607 quae
927 1550 993 1588 ex
1020 1532 1455 1590 difficultatibus
1475 1532 1607 1590 hinc
1635 1532 1762 1589 inde
1782 1532 2035 1608 ingestiS,
2057 1532 2182 1590 dum

271 1633 479 1691 veritas
517 1634 814 1709 quaeritur,
858 1633 1154 1710 provenire
1192 1634 1395 1704 solent,
1430 1633 1571 1690 illud
1600 1633 1719 1690 sere
1743 1633 1968 1704 accidit,
2001 1639 2064 1690 ut
2100 1633 2184 1691 de-

272 1731 454 1791 finitio
482 1734 800 1806 differatur,
835 1732 1022 1807 quoad
1055 1732 1262 1790 veritas
1286 1732 1589 1790 manifeste
1611 1732 1889 1792 elucescat
1927 1756 1954 1789 »
1988 1734 2074 1810 (de
2096 1733 2188 1791 Po-

276 1842 462 1891 testate.
498 1836 878 1905 ecclesiastica,
905 1853 1026 1910 cap.
1050 1834 1114 1909 :¹¹³
1155 1837 1179 1907 ἓ
1209 1834 1265 1907 2,
1299 1853 1358 1890 n.
1387 1835 1463 1908 7).

349 1934 629 1989 Pnoposmo
667 1936 747 1990 Ψ.
789 1967 858 1975 —-
891 1934 953 1989 In.
992 1935 1232 2004 com-ilio,
1272 1953 1303 1989 a
1341 1936 1390 1990 vi
1431 1942 1480 1990 et
1510 1936 1790 2008 fraudibus
1846 1935 2027 2005 libem,
2072 1953 2191 1991 mm·
2227 1930 2230 1931 ⁷

277 2052 433 2108 qnam
463 2035 676 2108 contiyit
709 2041 766 2090 ut
792 2035 846 2089 in
883 2035 1106 2089 materia
1144 2034 1289 2105 fidei,
1326 2033 1484 2089 aliter
1527 2034 1681 2107 Papa
1726 2042 1775 2090 et
1815 2034 1972 2091 aliter
2006 2035 2201 2091 Patres

275 2152 452 2191 omnes
485 2135 818 2207 definiverint
846 2154 861 2186 .·
888 2135 991 2188 imo
1024 2134 1081 2189 ist
1111 2152 1380 2206 nimquam
1417 2136 1713 2207 contingere
1740 2142 1935 2208 potest.
1969 2167 2038 2175 —
2062 2135 2116 2190 1⁰
2139 2133 2191 2190 Id

275 2251 573 2307 nunquam
602 2231 859 2307 contigit.
896 2231 1045 2287 Nihil
1073 2231 1227 2288 enim
1261 2231 1373 2289 tale
1398 2232 1650 2308 reperies
1685 2232 1743 2288 in
1777 2233 2087 2291 octodecim
2109 2251 2202 2311 sy-⁴

274 2332 436 2390 nodis
473 2351 615 2407 quas
660 2339 935 2406 tanquam
982 2330 1363 2388 oecumenicas
1406 2338 1704 2389 veneratur
1735 2338 1787 2388 et
1833 2332 2027 2408 recipit
2069 2323 2219 2389 uni-''

273 2454 432 2492 versa
451 2434 699 2491 Ecclesia
719 2433 1015 2491 catholica.
1045 2432 1320 2507 Equidem
1358 2432 1558 2508 quinta
1583 2433 1931 2490 oecumenica
1952 2432 2209 2510 synodus

277 2533 578 2610 separatim
619 2552 649 2589 a
683 2533 885 2608 Vigilio
912 2534 1058 2609 Papa
1094 2532 1377 2607 judicium
1416 2552 1610 2604 suum,
1635 2532 1850 2608 judicio
1885 2533 2043 2609 Papae
2068 2551 2189 2590 con-

275 2635 542 2694 trarium,
577 2633 836 2710 protulit.
872 2634 938 2690 At
977 2639 1198 2690 certum
1247 2639 1354 2705 est,
1382 2651 1448 2690 ex
1475 2640 1669 2692 sancto
1710 2634 1972 2708 Gregorio
2006 2635 2187 2708 Magno

280 2734 449 2809 (libro
480 2733 545 2806 Il,
577 2733 739 2808 epist.
771 2754 823 2804 x,
860 2733 928 2790 ad
966 2733 1307 2808 Salvinum),
1339 2733 1397 2790 in
1437 2753 1499 2791 ea
1526 2734 1836 2809 quaestione
1893 2735 1957 2790 de
1998 2734 2195 2807 qtn'lms·¹

280 2834 401 2890 (lam
426 2833 756 2890 solummodo
784 2834 1027 2906 personis
1052 2835 1216 2906 fuisse
1255 2834 1583 2900 ventilatum,
1612 2842 1663 2889 et
1697 2834 1822 2890 nihil
1858 2832 2005 2890 aliud
2045 2847 2189 2906 qua-m

279 2937 343 2992 de
378 2937 621 3010 personis
684 2933 859 2990 fuisse
924 2933 1324 3009 disceptatum,
1368 2939 1430 2990 ut
1493 2933 1796 2991 affirmavit
1855 2933 2108 3008 Pelagius
2149 2929 2190 2987 ΙΙ

281 3036 467 3111 (epist.
499 3037 569 3093 ad
612 3035 914 3110 Episcopos
960 3034 1187 3109 Istriae);
1234 3053 1297 3091 ac
1346 3034 1582 3109 proinde
1608 3035 1978 3108 quaestionem
2021 3033 2188 3091 tuisse

275 3144 429 3192 extra
465 3136 644 3210 fidem,
694 3140 756 3191 ut
797 3134 1051 3208 Pelagius
1096 3134 1117 3188 Ι
1164 3133 1392 3209 scripsit
1438 3134 1505 3190 ad
1545 3133 1967 3191 Childebertum
2006 3149 2209 3220 regem.

273 3235 641 3291 Francorum.
676 3234 738 3289 In
777 3236 879 3290 hac
926 3239 1114 3291 autem
1158 3232 1279 3308 ipsa
1324 3232 1633 3307 quaestiene
1673 3233 1741 3290 de
1784 3233 2043 3309 personis
2079 3230 2184 3290 vim

276 3326 610 3383 oecumenici
659 3326 884 3383 concilii
930 3345 1043 3383 non
1087 3324 1461 3383 obtinuerunt
1502 3325 1671 3400 hujus
1711 3326 1908 3402 synodi
1953 3326 2184 3395 decreta,

279 3422 390 3478 nisi
423 3431 719 3498 postquam
759 3421 1014 3497 Vigilius,
1067 3421 1165 3496 qui
1204 3422 1365 3497 prius
1402 3421 1790 3495 dissentiebat,
1820 3419 2186 3499 peremptorio

285 3536 385 3574 suo
414 3520 627 3593 judicio
655 3540 995 3578 consensum
1027 3521 1291 3596 praebuit.
1331 3520 1413 3577 Ad
1437 3521 1850 3579 Ariminensem
1878 3528 1932 3579 et
1957 3520 2188 3598 pseudo·
2232 3518 2236 3523 ’

285 3613 618 3687 Ephesinam
689 3620 934 3696 synodos
986 3620 1138 3694 quod
1191 3619 1412 3695 attinet,
1458 3638 1755 3696 perperam
1813 3620 2188 3695 objicerentur
