<?xml version="1.0" encoding="UTF-8"?>
<!DOCTYPE html PUBLIC "-//W3C//DTD XHTML 1.0 Transitional//EN"
    "http://www.w3.org/TR/xhtml1/DTD/xhtml1-transitional.dtd">
<html xmlns="http://www.w3.org/1999/xhtml" xml:lang="en" lang="en">
 <head>
  <title>
</title>
<meta http-equiv="Content-Type" content="text/html;charset=utf-8" />
  <meta name='ocr-system' content='tesseract 3.04.00' />
  <meta name='ocr-capabilities' content='ocr_page ocr_carea ocr_par ocr_line ocrx_word'/>
</head>
<body>
  <div class='ocr_page' id='page_1' title='image "a548470102bouiuoft_0296.png"; bbox 0 0 2306 4010; ppageno 0'>
   <div class='ocr_carea' id='block_1_1' title="bbox 362 161 1610 220">
    <p class='ocr_par' dir='ltr' id='par_1_1' title="bbox 362 161 1610 220">
     <span class='ocr_line' id='line_1_1' title="bbox 362 161 1610 220; baseline -0.006 0"><span class='ocrx_word' id='word_1_1' title='bbox 362 173 452 220; x_wconf 81' lang='lat'>288</span> <span class='ocrx_word' id='word_1_2' title='bbox 624 188 633 219; x_wconf 92' lang='grc'>·.</span> <span class='ocrx_word' id='word_1_3' title='bbox 1043 164 1339 213; x_wconf 82' lang='lat' dir='ltr'><strong>TRACTATUS</strong></span> <span class='ocrx_word' id='word_1_4' title='bbox 1369 161 1435 210; x_wconf 82' lang='lat' dir='ltr'>DE</span> <span class='ocrx_word' id='word_1_5' title='bbox 1466 165 1610 212; x_wconf 81' lang='lat' dir='ltr'><strong>PAPA.</strong></span> 
     </span>
    </p>
   </div>
   <div class='ocr_carea' id='block_1_2' title="bbox 347 270 2306 3751">
    <p class='ocr_par' dir='ltr' id='par_1_2' title="bbox 347 270 2275 349">
     <span class='ocr_line' id='line_1_2' title="bbox 347 270 2275 349; baseline -0.003 -8"><span class='ocrx_word' id='word_1_6' title='bbox 347 284 574 341; x_wconf 86' lang='lat' dir='ltr'>metum</span> <span class='ocrx_word' id='word_1_7' title='bbox 607 279 677 336; x_wconf 87' lang='lat' dir='ltr'>ad</span> <span class='ocrx_word' id='word_1_8' title='bbox 702 273 1145 349; x_wconf 80' lang='lat' dir='ltr'>extorquendam</span> <span class='ocrx_word' id='word_1_9' title='bbox 1171 271 1302 328; x_wconf 85' lang='lat' dir='ltr'>fidei</span> <span class='ocrx_word' id='word_1_10' title='bbox 1322 270 1736 345; x_wconf 79' lang='lat' dir='ltr'>definitionem,</span> <span class='ocrx_word' id='word_1_11' title='bbox 1756 274 2052 349; x_wconf 85' lang='lat' dir='ltr'>providere</span> <span class='ocrx_word' id='word_1_12' title='bbox 2079 277 2275 336; x_wconf 84' lang='lat' dir='ltr'>debuit</span> 
     </span>
    </p>

    <p class='ocr_par' dir='ltr' id='par_1_3' title="bbox 363 371 2306 544">
     <span class='ocr_line' id='line_1_3' title="bbox 364 371 2306 450; baseline -0.001 -15"><span class='ocrx_word' id='word_1_13' title='bbox 364 378 613 435; x_wconf 88' lang='lat' dir='ltr'>Christus</span> <span class='ocrx_word' id='word_1_14' title='bbox 654 393 725 431; x_wconf 87' lang='lat' dir='ltr'>ne</span> <span class='ocrx_word' id='word_1_15' title='bbox 763 373 901 446; x_wconf 89' lang='lat' dir='ltr'>quid</span> <span class='ocrx_word' id='word_1_16' title='bbox 945 371 1155 428; x_wconf 87' lang='lat' dir='ltr'>falsum</span> <span class='ocrx_word' id='word_1_17' title='bbox 1184 377 1283 428; x_wconf 85' lang='lat' dir='ltr'>aut</span> <span class='ocrx_word' id='word_1_18' title='bbox 1317 389 1551 447; x_wconf 84' lang='lat' dir='ltr'>pravum</span> <span class='ocrx_word' id='word_1_19' title='bbox 1575 390 1606 428; x_wconf 90' lang='lat' dir='ltr'>a</span> <span class='ocrx_word' id='word_1_20' title='bbox 1631 371 1883 428; x_wconf 88' lang='lat' dir='ltr'>Romano</span> <span class='ocrx_word' id='word_1_21' title='bbox 1909 372 2173 432; x_wconf 85' lang='lat' dir='ltr'>Pontifice</span> <span class='ocrx_word' id='word_1_22' title='bbox 2196 375 2306 450; x_wconf 32' lang='lat' dir='ltr'>vel-</span> 
     </span>
     <span class='ocr_line' id='line_1_4' title="bbox 363 471 2284 544; baseline -0.002 -9"><span class='ocrx_word' id='word_1_23' title='bbox 363 475 600 535; x_wconf 89' lang='lat' dir='ltr'>concilio</span> <span class='ocrx_word' id='word_1_24' title='bbox 620 472 970 530; x_wconf 87' lang='lat' dir='ltr'>oecumenico</span> <span class='ocrx_word' id='word_1_25' title='bbox 995 471 1312 530; x_wconf 84' lang='lat' dir='ltr'>definiatur.</span> <span class='ocrx_word' id='word_1_26' title='bbox 1345 471 1484 528; x_wconf 91' lang='lat' dir='ltr'>Cum</span> <span class='ocrx_word' id='word_1_27' title='bbox 1513 471 1690 544; x_wconf 79' lang='lat' dir='ltr'>enim,</span> <span class='ocrx_word' id='word_1_28' title='bbox 1719 478 1881 528; x_wconf 89' lang='lat' dir='ltr'>extra</span> <span class='ocrx_word' id='word_1_29' title='bbox 1906 491 2102 529; x_wconf 88' lang='lat' dir='ltr'>casum</span> <span class='ocrx_word' id='word_1_30' title='bbox 2127 491 2284 534; x_wconf 87' lang='lat' dir='ltr'>eoac-</span> 
     </span>
    </p>

    <p class='ocr_par' dir='ltr' id='par_1_4' title="bbox 362 570 2284 650">
     <span class='ocr_line' id='line_1_5' title="bbox 362 570 2284 650; baseline -0.001 -19"><span class='ocrx_word' id='word_1_31' title='bbox 362 574 532 632; x_wconf 85' lang='lat' dir='ltr'>tionis</span> <span class='ocrx_word' id='word_1_32' title='bbox 558 574 804 645; x_wconf 76' lang='lat' dir='ltr'>notoriae,</span> <span class='ocrx_word' id='word_1_33' title='bbox 835 590 1061 650; x_wconf 80' lang='lat' dir='ltr'>semper</span> <span class='ocrx_word' id='word_1_34' title='bbox 1086 572 1198 629; x_wconf 90' lang='lat' dir='ltr'>dici</span> <span class='ocrx_word' id='word_1_35' title='bbox 1221 571 1396 648; x_wconf 90' lang='lat' dir='ltr'>possit</span> <span class='ocrx_word' id='word_1_36' title='bbox 1423 592 1433 625; x_wconf 90' lang='lat'><strong>:</strong></span> <span class='ocrx_word' id='word_1_37' title='bbox 1459 570 1620 628; x_wconf 83' lang='lat' dir='ltr'>Forte</span> <span class='ocrx_word' id='word_1_38' title='bbox 1642 573 1930 628; x_wconf 76' lang='lat' dir='ltr'>intervenit</span> <span class='ocrx_word' id='word_1_39' title='bbox 1955 574 2029 629; x_wconf 79' lang='lat' dir='ltr'>vis</span> <span class='ocrx_word' id='word_1_40' title='bbox 2058 579 2151 629; x_wconf 79' lang='lat' dir='ltr'>aut</span> <span class='ocrx_word' id='word_1_41' title='bbox 2178 593 2284 631; x_wconf 82' lang='lat' dir='ltr'>me-</span> 
     </span>
    </p>

    <p class='ocr_par' dir='ltr' id='par_1_5' title="bbox 359 670 2286 949">
     <span class='ocr_line' id='line_1_6' title="bbox 359 670 2286 747; baseline 0 -16"><span class='ocrx_word' id='word_1_42' title='bbox 359 684 462 745; x_wconf 72' lang='lat' dir='ltr'>tue,</span> <span class='ocrx_word' id='word_1_43' title='bbox 505 673 551 731; x_wconf 91' lang='lat' dir='ltr'>si</span> <span class='ocrx_word' id='word_1_44' title='bbox 598 673 670 730; x_wconf 90' lang='lat' dir='ltr'>ob</span> <span class='ocrx_word' id='word_1_45' title='bbox 710 673 766 729; x_wconf 91' lang='lat' dir='ltr'>id</span> <span class='ocrx_word' id='word_1_46' title='bbox 818 679 1087 731; x_wconf 90' lang='lat' dir='ltr'>nutarent</span> <span class='ocrx_word' id='word_1_47' title='bbox 1117 671 1245 729; x_wconf 88' lang='lat' dir='ltr'>fidei</span> <span class='ocrx_word' id='word_1_48' title='bbox 1287 670 1645 729; x_wconf 86' lang='lat' dir='ltr'>definitiones</span> <span class='ocrx_word' id='word_1_49' title='bbox 1680 677 1735 728; x_wconf 91' lang='lat' dir='ltr'>et</span> <span class='ocrx_word' id='word_1_50' title='bbox 1762 677 1991 747; x_wconf 79' lang='lat' dir='ltr'>possent</span> <span class='ocrx_word' id='word_1_51' title='bbox 2037 689 2286 731; x_wconf 83' lang='lat' dir='ltr'>errorem</span> 
     </span>
     <span class='ocr_line' id='line_1_7' title="bbox 359 771 2286 848; baseline 0 -17"><span class='ocrx_word' id='word_1_52' title='bbox 359 771 674 845; x_wconf 84' lang='lat' dir='ltr'>continere,</span> <span class='ocrx_word' id='word_1_53' title='bbox 709 773 968 831; x_wconf 90' lang='lat' dir='ltr'>Christus</span> <span class='ocrx_word' id='word_1_54' title='bbox 1002 773 1262 831; x_wconf 89' lang='lat' dir='ltr'>Ecclesiae</span> <span class='ocrx_word' id='word_1_55' title='bbox 1303 791 1418 830; x_wconf 69' lang='lat' dir='ltr'>suae</span> <span class='ocrx_word' id='word_1_56' title='bbox 1460 791 1572 828; x_wconf 91' lang='lat' dir='ltr'>non</span> <span class='ocrx_word' id='word_1_57' title='bbox 1619 771 1956 848; x_wconf 89' lang='lat' dir='ltr'>providisset</span> <span class='ocrx_word' id='word_1_58' title='bbox 1986 772 2054 829; x_wconf 89' lang='lat' dir='ltr'>de</span> <span class='ocrx_word' id='word_1_59' title='bbox 2102 772 2286 831; x_wconf 86' lang='lat' dir='ltr'>medio</span> 
     </span>
     <span class='ocr_line' id='line_1_8' title="bbox 361 873 1975 949; baseline -0.002 -18"><span class='ocrx_word' id='word_1_60' title='bbox 361 874 666 931; x_wconf 77' lang='lat' dir='ltr'>sufficienti</span> <span class='ocrx_word' id='word_1_61' title='bbox 693 875 762 931; x_wconf 94' lang='lat' dir='ltr'>ad</span> <span class='ocrx_word' id='word_1_62' title='bbox 785 874 1229 949; x_wconf 88' lang='lat' dir='ltr'>dignoscendam</span> <span class='ocrx_word' id='word_1_63' title='bbox 1256 892 1446 932; x_wconf 85' lang='lat' dir='ltr'>veram</span> <span class='ocrx_word' id='word_1_64' title='bbox 1483 873 1675 943; x_wconf 87' lang='lat' dir='ltr'>fidem,</span> <span class='ocrx_word' id='word_1_65' title='bbox 1706 878 1769 929; x_wconf 91' lang='lat' dir='ltr'>ut</span> <span class='ocrx_word' id='word_1_66' title='bbox 1802 878 1975 948; x_wconf 87' lang='lat' dir='ltr'>patet.</span> 
     </span>
    </p>

    <p class='ocr_par' dir='ltr' id='par_1_6' title="bbox 360 972 2306 2852">
     <span class='ocr_line' id='line_1_9' title="bbox 437 972 2288 1033; baseline -0.002 -1"><span class='ocrx_word' id='word_1_67' title='bbox 437 975 604 1033; x_wconf 87' lang='lat' dir='ltr'>Secus</span> <span class='ocrx_word' id='word_1_68' title='bbox 638 981 829 1032; x_wconf 86' lang='lat' dir='ltr'>autem</span> <span class='ocrx_word' id='word_1_69' title='bbox 877 975 1181 1033; x_wconf 89' lang='lat' dir='ltr'>dicendum</span> <span class='ocrx_word' id='word_1_70' title='bbox 1214 975 1283 1031; x_wconf 92' lang='lat' dir='ltr'>de</span> <span class='ocrx_word' id='word_1_71' title='bbox 1312 993 1446 1032; x_wconf 89' lang='lat' dir='ltr'>casu</span> <span class='ocrx_word' id='word_1_72' title='bbox 1487 972 1793 1031; x_wconf 80' lang='lat' dir='ltr'>coactionis</span> <span class='ocrx_word' id='word_1_73' title='bbox 1827 975 2072 1029; x_wconf 67' lang='lat' dir='ltr'>notoriae.</span> <span class='ocrx_word' id='word_1_74' title='bbox 2114 972 2288 1029; x_wconf 49' lang='lat' dir='ltr'>Nimim</span> 
     </span>
     <span class='ocr_line' id='line_1_10' title="bbox 363 1072 2306 1150; baseline -0.001 -18"><span class='ocrx_word' id='word_1_75' title='bbox 363 1096 489 1133; x_wconf 80' lang='lat' dir='ltr'>rum</span> <span class='ocrx_word' id='word_1_76' title='bbox 542 1076 989 1150; x_wconf 80' lang='lat' dir='ltr'>haudquaquam</span> <span class='ocrx_word' id='word_1_77' title='bbox 1037 1087 1267 1132; x_wconf 89' lang='grc'><strong>11666556</strong></span> <span class='ocrx_word' id='word_1_78' title='bbox 1321 1075 1424 1132; x_wconf 82' lang='lat' dir='ltr'>suit</span> <span class='ocrx_word' id='word_1_79' title='bbox 1473 1081 1536 1132; x_wconf 89' lang='lat' dir='ltr'>ut</span> <span class='ocrx_word' id='word_1_80' title='bbox 1573 1073 1830 1130; x_wconf 86' lang='lat' dir='ltr'>Christus</span> <span class='ocrx_word' id='word_1_81' title='bbox 1877 1072 2060 1147; x_wconf 89' lang='lat' dir='ltr'>quoad</span> <span class='ocrx_word' id='word_1_82' title='bbox 2095 1091 2306 1130; x_wconf 84' lang='lat' dir='ltr'>casum·</span> 
     </span>
     <span class='ocr_line' id='line_1_11' title="bbox 366 1172 2306 1234; baseline -0.002 -3"><span class='ocrx_word' id='word_1_83' title='bbox 366 1175 542 1234; x_wconf 87' lang='lat' dir='ltr'>istum</span> <span class='ocrx_word' id='word_1_84' title='bbox 573 1177 825 1233; x_wconf 89' lang='lat' dir='ltr'>Romano</span> <span class='ocrx_word' id='word_1_85' title='bbox 851 1175 1104 1232; x_wconf 85' lang='lat' dir='ltr'>Pontifici</span> <span class='ocrx_word' id='word_1_86' title='bbox 1141 1181 1238 1232; x_wconf 91' lang='lat' dir='ltr'>aut</span> <span class='ocrx_word' id='word_1_87' title='bbox 1262 1174 1500 1232; x_wconf 89' lang='lat' dir='ltr'>concilio</span> <span class='ocrx_word' id='word_1_88' title='bbox 1529 1172 1879 1230; x_wconf 86' lang='lat' dir='ltr'>oecumenico</span> <span class='ocrx_word' id='word_1_89' title='bbox 1923 1172 2306 1229; x_wconf 84' lang='lat' dir='ltr'>infallibilita-&#39;</span> 
     </span>
     <span class='ocr_line' id='line_1_12' title="bbox 366 1272 2292 1350; baseline -0.002 -16"><span class='ocrx_word' id='word_1_90' title='bbox 366 1285 481 1335; x_wconf 90' lang='lat' dir='ltr'>tem</span> <span class='ocrx_word' id='word_1_91' title='bbox 511 1276 833 1335; x_wconf 88' lang='lat' dir='ltr'>contulerit.</span> <span class='ocrx_word' id='word_1_92' title='bbox 876 1276 1014 1332; x_wconf 86' lang='lat' dir='ltr'>Nam</span> <span class='ocrx_word' id='word_1_93' title='bbox 1043 1277 1146 1332; x_wconf 92' lang='grc'><strong>1106</strong></span> <span class='ocrx_word' id='word_1_94' title='bbox 1171 1275 1294 1350; x_wconf 92' lang='lat' dir='ltr'>ipso</span> <span class='ocrx_word' id='word_1_95' title='bbox 1324 1275 1475 1348; x_wconf 91' lang='lat' dir='ltr'>quod</span> <span class='ocrx_word' id='word_1_96' title='bbox 1500 1274 1787 1331; x_wconf 90' lang='lat' dir='ltr'>notorium</span> <span class='ocrx_word' id='word_1_97' title='bbox 1823 1273 1893 1330; x_wconf 88' lang='lat' dir='ltr'>sit</span> <span class='ocrx_word' id='word_1_98' title='bbox 1924 1272 2292 1330; x_wconf 85' lang='lat' dir='ltr'>intervenisse</span> 
     </span>
     <span class='ocr_line' id='line_1_13' title="bbox 366 1372 2291 1448; baseline -0.002 -14"><span class='ocrx_word' id='word_1_99' title='bbox 366 1378 478 1434; x_wconf 73' lang='lat' dir='ltr'>vim</span> <span class='ocrx_word' id='word_1_100' title='bbox 513 1382 610 1433; x_wconf 88' lang='lat' dir='ltr'>aut</span> <span class='ocrx_word' id='word_1_101' title='bbox 666 1381 905 1447; x_wconf 80' lang='lat' dir='ltr'>metum,</span> <span class='ocrx_word' id='word_1_102' title='bbox 945 1375 1090 1432; x_wconf 88' lang='lat' dir='ltr'>satis.</span> <span class='ocrx_word' id='word_1_103' title='bbox 1122 1393 1316 1431; x_wconf 90' lang='lat' dir='ltr'>omnes</span> <span class='ocrx_word' id='word_1_104' title='bbox 1358 1374 1545 1431; x_wconf 88' lang='lat' dir='ltr'>sciunt</span> <span class='ocrx_word' id='word_1_105' title='bbox 1573 1379 1902 1448; x_wconf 60' lang='lat' dir='ltr'>praetensam</span> <span class='ocrx_word' id='word_1_106' title='bbox 1943 1372 2099 1428; x_wconf 87' lang='lat' dir='ltr'>illam</span> <span class='ocrx_word' id='word_1_107' title='bbox 2134 1374 2291 1448; x_wconf 81' lang='lat' dir='ltr'>Papae</span> 
     </span>
     <span class='ocr_line' id='line_1_14' title="bbox 365 1474 2306 1547; baseline -0.002 -13"><span class='ocrx_word' id='word_1_108' title='bbox 365 1478 450 1534; x_wconf 76' lang='lat' dir='ltr'>vel</span> <span class='ocrx_word' id='word_1_109' title='bbox 493 1476 718 1534; x_wconf 88' lang='lat' dir='ltr'>concilii</span> <span class='ocrx_word' id='word_1_110' title='bbox 747 1475 1083 1533; x_wconf 86' lang='lat' dir='ltr'>oecumenici</span> <span class='ocrx_word' id='word_1_111' title='bbox 1113 1475 1525 1546; x_wconf 78' lang='lat' dir='ltr'>definitionem,</span> <span class='ocrx_word' id='word_1_112' title='bbox 1562 1494 1676 1531; x_wconf 92' lang='lat' dir='ltr'>non</span> <span class='ocrx_word' id='word_1_113' title='bbox 1705 1493 1828 1532; x_wconf 87' lang='lat' dir='ltr'>esse</span> <span class='ocrx_word' id='word_1_114' title='bbox 1851 1492 1981 1531; x_wconf 76' lang='lat' dir='ltr'>vere</span> <span class='ocrx_word' id='word_1_115' title='bbox 2012 1474 2306 1547; x_wconf 72' lang='lat' dir='ltr'>delinitio-3</span> 
     </span>
     <span class='ocr_line' id='line_1_15' title="bbox 367 1556 2306 1647; baseline 0 -15"><span class='ocrx_word' id='word_1_116' title='bbox 367 1594 520 1647; x_wconf 82' lang='lat' dir='ltr'>nem,</span> <span class='ocrx_word' id='word_1_117' title='bbox 553 1576 649 1633; x_wconf 89' lang='lat' dir='ltr'>sed</span> <span class='ocrx_word' id='word_1_118' title='bbox 675 1575 1022 1633; x_wconf 76' lang='lat' dir='ltr'>mendaciter</span> <span class='ocrx_word' id='word_1_119' title='bbox 1050 1576 1222 1632; x_wconf 85' lang='lat' dir='ltr'>talem</span> <span class='ocrx_word' id='word_1_120' title='bbox 1251 1575 1384 1631; x_wconf 85' lang='lat' dir='ltr'>dici.</span> <span class='ocrx_word' id='word_1_121' title='bbox 1410 1575 1473 1632; x_wconf 90' lang='lat' dir='ltr'>Et</span> <span class='ocrx_word' id='word_1_122' title='bbox 1495 1574 1576 1631; x_wconf 91' lang='lat' dir='ltr'>sic</span> <span class='ocrx_word' id='word_1_123' title='bbox 1604 1574 1870 1631; x_wconf 88' lang='lat' dir='ltr'>omnibus</span> <span class='ocrx_word' id='word_1_124' title='bbox 1894 1573 2182 1630; x_wconf 84' lang='lat' dir='ltr'>notorium</span> <span class='ocrx_word' id='word_1_125' title='bbox 2209 1556 2306 1632; x_wconf 61' lang='lat' dir='ltr'>est³</span> 
     </span>
     <span class='ocr_line' id='line_1_16' title="bbox 369 1607 2306 1753; baseline -0.002 -19"><span class='ocrx_word' id='word_1_126' title='bbox 369 1683 705 1753; x_wconf 62' lang='lat' dir='ltr'>praetensam</span> <span class='ocrx_word' id='word_1_127' title='bbox 734 1677 890 1733; x_wconf 89' lang='lat' dir='ltr'>illam</span> <span class='ocrx_word' id='word_1_128' title='bbox 919 1676 1299 1734; x_wconf 86' lang='lat' dir='ltr'>definitionem</span> <span class='ocrx_word' id='word_1_129' title='bbox 1339 1695 1439 1752; x_wconf 88' lang='lat' dir='ltr'>pro</span> <span class='ocrx_word' id='word_1_130' title='bbox 1471 1675 1627 1733; x_wconf 90' lang='lat' dir='ltr'>nulla</span> <span class='ocrx_word' id='word_1_131' title='bbox 1663 1682 1715 1733; x_wconf 90' lang='grc'>61</span> <span class='ocrx_word' id='word_1_132' title='bbox 1748 1675 1906 1731; x_wconf 87' lang='lat' dir='ltr'>irrita</span> <span class='ocrx_word' id='word_1_133' title='bbox 1935 1692 2056 1731; x_wconf 88' lang='lat' dir='ltr'>csse</span> <span class='ocrx_word' id='word_1_134' title='bbox 2084 1607 2306 1732; x_wconf 68' lang='lat' dir='ltr'>haben-l</span> 
     </span>
     <span class='ocr_line' id='line_1_17' title="bbox 367 1775 2292 1854; baseline -0.002 -20"><span class='ocrx_word' id='word_1_135' title='bbox 367 1779 514 1834; x_wconf 88' lang='lat' dir='ltr'>dam.</span> <span class='ocrx_word' id='word_1_136' title='bbox 544 1779 697 1835; x_wconf 83' lang='lat' dir='ltr'>Unde</span> <span class='ocrx_word' id='word_1_137' title='bbox 732 1778 1064 1854; x_wconf 85' lang='lat' dir='ltr'>permittere</span> <span class='ocrx_word' id='word_1_138' title='bbox 1092 1777 1278 1854; x_wconf 86' lang='lat' dir='ltr'>potuit</span> <span class='ocrx_word' id='word_1_139' title='bbox 1305 1778 1564 1836; x_wconf 88' lang='lat' dir='ltr'>Christus</span> <span class='ocrx_word' id='word_1_140' title='bbox 1602 1783 1665 1834; x_wconf 92' lang='lat' dir='ltr'>ut</span> <span class='ocrx_word' id='word_1_141' title='bbox 1706 1775 1985 1850; x_wconf 81' lang='lat' dir='ltr'>ejusmodi</span> <span class='ocrx_word' id='word_1_142' title='bbox 2013 1775 2292 1833; x_wconf 60' lang='lat' dir='ltr'>definitio&lt;</span> 
     </span>
     <span class='ocr_line' id='line_1_18' title="bbox 367 1874 2306 1951; baseline -0.001 -18"><span class='ocrx_word' id='word_1_143' title='bbox 367 1879 559 1950; x_wconf 82' lang='lat' dir='ltr'>nibus,</span> <span class='ocrx_word' id='word_1_144' title='bbox 597 1896 694 1951; x_wconf 87' lang='lat' dir='ltr'>per</span> <span class='ocrx_word' id='word_1_145' title='bbox 737 1877 851 1932; x_wconf 84' lang='lat' dir='ltr'>vim</span> <span class='ocrx_word' id='word_1_146' title='bbox 895 1884 947 1934; x_wconf 85' lang='lat' dir='ltr'>et</span> <span class='ocrx_word' id='word_1_147' title='bbox 987 1884 1207 1934; x_wconf 87' lang='lat' dir='ltr'>metum</span> <span class='ocrx_word' id='word_1_148' title='bbox 1260 1876 1481 1934; x_wconf 88' lang='lat' dir='ltr'>notorie</span> <span class='ocrx_word' id='word_1_149' title='bbox 1522 1875 1779 1945; x_wconf 68' lang='grc'><strong>61101115,</strong></span> <span class='ocrx_word' id='word_1_150' title='bbox 1821 1874 2002 1932; x_wconf 89' lang='lat' dir='ltr'>subsit</span> <span class='ocrx_word' id='word_1_151' title='bbox 2042 1892 2199 1932; x_wconf 89' lang='lat' dir='ltr'>error</span> <span class='ocrx_word' id='word_1_152' title='bbox 2236 1879 2306 1950; x_wconf 24' lang='lat' dir='ltr'>et!¹</span> 
     </span>
     <span class='ocr_line' id='line_1_19' title="bbox 366 1951 2306 2050; baseline -0.002 -15"><span class='ocrx_word' id='word_1_153' title='bbox 366 1978 615 2035; x_wconf 80' lang='lat' dir='ltr'>haeresis,</span> <span class='ocrx_word' id='word_1_154' title='bbox 658 1977 795 2033; x_wconf 90' lang='lat' dir='ltr'>Hinc</span> <span class='ocrx_word' id='word_1_155' title='bbox 833 1978 930 2050; x_wconf 90' lang='lat' dir='ltr'>qui</span> <span class='ocrx_word' id='word_1_156' title='bbox 984 1977 1332 2034; x_wconf 86' lang='lat' dir='ltr'>catholicum</span> <span class='ocrx_word' id='word_1_157' title='bbox 1392 1976 1813 2034; x_wconf 87' lang='lat' dir='ltr'>infallibilitatis</span> <span class='ocrx_word' id='word_1_158' title='bbox 1856 1976 2054 2050; x_wconf 83' lang='lat' dir='ltr'>dogma</span> <span class='ocrx_word' id='word_1_159' title='bbox 2104 1951 2306 2049; x_wconf 45' lang='lat' dir='ltr'>quoad}</span> 
     </span>
     <span class='ocr_line' id='line_1_20' title="bbox 361 2075 2306 2161; baseline -0.003 -25"><span class='ocrx_word' id='word_1_160' title='bbox 361 2080 566 2156; x_wconf 85' lang='lat' dir='ltr'>Papam</span> <span class='ocrx_word' id='word_1_161' title='bbox 592 2098 658 2136; x_wconf 85' lang='lat' dir='ltr'>ex</span> <span class='ocrx_word' id='word_1_162' title='bbox 695 2078 959 2135; x_wconf 87' lang='lat' dir='ltr'>cathedra</span> <span class='ocrx_word' id='word_1_163' title='bbox 997 2077 1360 2134; x_wconf 76' lang='lat' dir='ltr'>definientem</span> <span class='ocrx_word' id='word_1_164' title='bbox 1405 2083 1791 2152; x_wconf 81' lang='lat' dir='ltr'>propugnant,</span> <span class='ocrx_word' id='word_1_165' title='bbox 1837 2077 1894 2132; x_wconf 88' lang='lat' dir='ltr'>id</span> <span class='ocrx_word' id='word_1_166' title='bbox 1931 2095 2155 2151; x_wconf 89' lang='lat' dir='ltr'>semper</span> <span class='ocrx_word' id='word_1_167' title='bbox 2204 2075 2306 2161; x_wconf 54' lang='lat' dir='ltr'>iii-j</span> 
     </span>
     <span class='ocr_line' id='line_1_21' title="bbox 360 2178 2294 2254; baseline -0.001 -18"><span class='ocrx_word' id='word_1_168' title='bbox 360 2181 623 2254; x_wconf 87' lang='lat' dir='ltr'>telligunt</span> <span class='ocrx_word' id='word_1_169' title='bbox 651 2209 658 2214; x_wconf 39' lang='lat'>⁴</span> <span class='ocrx_word' id='word_1_170' title='bbox 688 2180 756 2236; x_wconf 93' lang='lat' dir='ltr'>de</span> <span class='ocrx_word' id='word_1_171' title='bbox 814 2179 945 2236; x_wconf 89' lang='lat' dir='ltr'>fidei</span> <span class='ocrx_word' id='word_1_172' title='bbox 1011 2178 1440 2235; x_wconf 88' lang='lat' dir='ltr'>definitionibus</span> <span class='ocrx_word' id='word_1_173' title='bbox 1486 2197 1614 2252; x_wconf 77' lang='lat' dir='ltr'>quas</span> <span class='ocrx_word' id='word_1_174' title='bbox 1677 2197 1783 2235; x_wconf 82' lang='lat' dir='ltr'>non</span> <span class='ocrx_word' id='word_1_175' title='bbox 1836 2186 2034 2235; x_wconf 76' lang='lat' dir='ltr'>constet</span> <span class='ocrx_word' id='word_1_176' title='bbox 2086 2180 2137 2234; x_wconf 83' lang='grc' dir='ltr'>υἱ</span> <span class='ocrx_word' id='word_1_177' title='bbox 2198 2183 2294 2245; x_wconf 41' lang='lat' dir='ltr'>aut,</span> 
     </span>
     <span class='ocr_line' id='line_1_22' title="bbox 362 2276 2284 2353; baseline -0.001 -18"><span class='ocrx_word' id='word_1_178' title='bbox 362 2289 499 2336; x_wconf 80' lang='lat' dir='ltr'>metu</span> <span class='ocrx_word' id='word_1_179' title='bbox 535 2286 774 2335; x_wconf 74' lang='lat' dir='ltr'>extortas</span> <span class='ocrx_word' id='word_1_180' title='bbox 805 2280 990 2351; x_wconf 75' lang='lat' dir='ltr'>fuisse.</span> <span class='ocrx_word' id='word_1_181' title='bbox 1030 2277 1303 2334; x_wconf 77' lang='lat' dir='ltr'>Caeterum</span> <span class='ocrx_word' id='word_1_182' title='bbox 1341 2276 1612 2333; x_wconf 89' lang='lat' dir='ltr'>Gallicani</span> <span class='ocrx_word' id='word_1_183' title='bbox 1660 2277 1981 2353; x_wconf 73' lang='lat' dir='ltr'>systematis</span> <span class='ocrx_word' id='word_1_184' title='bbox 2019 2295 2284 2353; x_wconf 87' lang='lat' dir='ltr'>sequaces</span> 
     </span>
     <span class='ocr_line' id='line_1_23' title="bbox 362 2373 2288 2452; baseline -0.001 -19"><span class='ocrx_word' id='word_1_185' title='bbox 362 2377 511 2434; x_wconf 87' lang='lat' dir='ltr'>idem</span> <span class='ocrx_word' id='word_1_186' title='bbox 540 2383 595 2433; x_wconf 90' lang='lat' dir='ltr'>et</span> <span class='ocrx_word' id='word_1_187' title='bbox 628 2376 735 2452; x_wconf 90' lang='lat' dir='ltr'>ipsi</span> <span class='ocrx_word' id='word_1_188' title='bbox 778 2394 1138 2451; x_wconf 88' lang='lat' dir='ltr'>propugnare</span> <span class='ocrx_word' id='word_1_189' title='bbox 1178 2380 1462 2449; x_wconf 88' lang='lat' dir='ltr'>coguntur</span> <span class='ocrx_word' id='word_1_190' title='bbox 1487 2375 1672 2450; x_wconf 90' lang='lat' dir='ltr'>quoad</span> <span class='ocrx_word' id='word_1_191' title='bbox 1703 2376 2037 2434; x_wconf 89' lang='lat' dir='ltr'>oecumenici</span> <span class='ocrx_word' id='word_1_192' title='bbox 2067 2373 2288 2433; x_wconf 75' lang='lat' dir='ltr'>concili’v</span> 
     </span>
     <span class='ocr_line' id='line_1_24' title="bbox 362 2474 2283 2551; baseline 0.001 -19"><span class='ocrx_word' id='word_1_193' title='bbox 362 2475 841 2532; x_wconf 77' lang='lat' dir='ltr'>infallibilitatem.</span> <span class='ocrx_word' id='word_1_194' title='bbox 889 2475 1031 2532; x_wconf 87' lang='lat' dir='ltr'>Sane</span> <span class='ocrx_word' id='word_1_195' title='bbox 1076 2475 1121 2532; x_wconf 92' lang='lat' dir='ltr'>si</span> <span class='ocrx_word' id='word_1_196' title='bbox 1177 2475 1245 2531; x_wconf 90' lang='lat' dir='ltr'>ab</span> <span class='ocrx_word' id='word_1_197' title='bbox 1294 2474 1434 2550; x_wconf 87' lang='lat' dir='ltr'>ipsis</span> <span class='ocrx_word' id='word_1_198' title='bbox 1480 2482 1763 2551; x_wconf 85' lang='lat' dir='ltr'>petamus,</span> <span class='ocrx_word' id='word_1_199' title='bbox 1813 2495 1952 2532; x_wconf 89' lang='lat' dir='ltr'>num</span> <span class='ocrx_word' id='word_1_200' title='bbox 1992 2482 2283 2538; x_wconf 61' lang='lat' dir='ltr'>teneamu,</span> 
     </span>
     <span class='ocr_line' id='line_1_25' title="bbox 363 2575 2286 2654; baseline 0 -22"><span class='ocrx_word' id='word_1_201' title='bbox 363 2577 591 2633; x_wconf 87' lang='lat' dir='ltr'>credere</span> <span class='ocrx_word' id='word_1_202' title='bbox 640 2576 954 2634; x_wconf 88' lang='lat' dir='ltr'>definitioni</span> <span class='ocrx_word' id='word_1_203' title='bbox 990 2576 1270 2650; x_wconf 88' lang='lat' dir='ltr'>generalis</span> <span class='ocrx_word' id='word_1_204' title='bbox 1309 2575 1551 2648; x_wconf 84' lang='lat' dir='ltr'>concilii,</span> <span class='ocrx_word' id='word_1_205' title='bbox 1602 2595 1773 2650; x_wconf 90' lang='lat' dir='ltr'>quam</span> <span class='ocrx_word' id='word_1_206' title='bbox 1811 2576 2097 2634; x_wconf 88' lang='lat' dir='ltr'>notorium</span> <span class='ocrx_word' id='word_1_207' title='bbox 2146 2577 2216 2633; x_wconf 92' lang='lat' dir='ltr'>sit</span> <span class='ocrx_word' id='word_1_208' title='bbox 2283 2650 2286 2654; x_wconf 18' lang='lat'><strong>¹</strong></span> 
     </span>
     <span class='ocr_line' id='line_1_26' title="bbox 363 2666 2283 2753; baseline 0.001 -22"><span class='ocrx_word' id='word_1_209' title='bbox 363 2676 621 2733; x_wconf 85' lang='lat' dir='ltr'>Patribus</span> <span class='ocrx_word' id='word_1_210' title='bbox 651 2677 704 2732; x_wconf 80' lang='lat' dir='ltr'>vi</span> <span class='ocrx_word' id='word_1_211' title='bbox 738 2696 800 2733; x_wconf 89' lang='lat' dir='ltr'>ac</span> <span class='ocrx_word' id='word_1_212' title='bbox 828 2677 999 2733; x_wconf 89' lang='lat' dir='ltr'>minis</span> <span class='ocrx_word' id='word_1_213' title='bbox 1030 2682 1306 2734; x_wconf 85' lang='lat' dir='ltr'>extortam</span> <span class='ocrx_word' id='word_1_214' title='bbox 1336 2676 1534 2746; x_wconf 84' lang='lat' dir='ltr'>fuisse,</span> <span class='ocrx_word' id='word_1_215' title='bbox 1567 2677 1964 2751; x_wconf 82' lang='lat' dir='ltr'>proculdubio,</span> <span class='ocrx_word' id='word_1_216' title='bbox 1988 2677 2098 2734; x_wconf 89' lang='lat' dir='ltr'>nisi</span> <span class='ocrx_word' id='word_1_217' title='bbox 2128 2694 2257 2753; x_wconf 86' lang='lat' dir='ltr'>pror</span> <span class='ocrx_word' id='word_1_218' title='bbox 2282 2666 2283 2670; x_wconf 6' lang='grc' dir='ltr'>ἵ</span> 
     </span>
     <span class='ocr_line' id='line_1_27' title="bbox 366 2775 1572 2852; baseline 0.002 -21"><span class='ocrx_word' id='word_1_219' title='bbox 366 2795 463 2832; x_wconf 90' lang='grc'><strong>5115</strong></span> <span class='ocrx_word' id='word_1_220' title='bbox 491 2775 814 2845; x_wconf 85' lang='lat' dir='ltr'>caecutiant,</span> <span class='ocrx_word' id='word_1_221' title='bbox 844 2777 1102 2849; x_wconf 80' lang='lat' dir='ltr'>negative</span> <span class='ocrx_word' id='word_1_222' title='bbox 1128 2777 1572 2852; x_wconf 85' lang='lat' dir='ltr'>respondebunt.</span> 
     </span>
    </p>

    <p class='ocr_par' dir='ltr' id='par_1_7' title="bbox 353 2873 2295 3751">
     <span class='ocr_line' id='line_1_28' title="bbox 439 2873 2250 2948; baseline 0.001 -18"><span class='ocrx_word' id='word_1_223' title='bbox 439 2874 528 2930; x_wconf 87' lang='lat' dir='ltr'>Sic</span> <span class='ocrx_word' id='word_1_224' title='bbox 547 2892 677 2948; x_wconf 86' lang='lat' dir='ltr'>ergo</span> <span class='ocrx_word' id='word_1_225' title='bbox 693 2892 781 2930; x_wconf 89' lang='lat' dir='ltr'>res</span> <span class='ocrx_word' id='word_1_226' title='bbox 806 2873 1172 2947; x_wconf 88' lang='lat' dir='ltr'>intelligenda</span> <span class='ocrx_word' id='word_1_227' title='bbox 1199 2897 1208 2928; x_wconf 92' lang='lat'>:</span> <span class='ocrx_word' id='word_1_228' title='bbox 1238 2880 1396 2930; x_wconf 89' lang='lat' dir='ltr'>extra</span> <span class='ocrx_word' id='word_1_229' title='bbox 1417 2874 1775 2931; x_wconf 83' lang='lat' dir='ltr'>rarissimum</span> <span class='ocrx_word' id='word_1_230' title='bbox 1810 2876 1978 2933; x_wconf 90' lang='lat' dir='ltr'>illum</span> <span class='ocrx_word' id='word_1_231' title='bbox 1998 2896 2192 2934; x_wconf 90' lang='lat' dir='ltr'>casum</span> <span class='ocrx_word' id='word_1_232' title='bbox 2218 2874 2250 2932; x_wconf 93' lang='lat' dir='ltr'>d</span> 
     </span>
     <span class='ocr_line' id='line_1_29' title="bbox 363 2957 2253 3046; baseline 0.001 -16"><span class='ocrx_word' id='word_1_233' title='bbox 363 2972 414 3030; x_wconf 79' lang='lat' dir='ltr'>vi</span> <span class='ocrx_word' id='word_1_234' title='bbox 437 2957 653 3034; x_wconf 65' lang='lat' dir='ltr'>notorie</span> <span class='ocrx_word' id='word_1_235' title='bbox 678 2972 858 3044; x_wconf 84' lang='lat' dir='ltr'>illata,</span> <span class='ocrx_word' id='word_1_236' title='bbox 891 2971 1186 3046; x_wconf 77' lang='lat' dir='ltr'>providere</span> <span class='ocrx_word' id='word_1_237' title='bbox 1210 2973 1406 3030; x_wconf 86' lang='lat' dir='ltr'>debuit</span> <span class='ocrx_word' id='word_1_238' title='bbox 1426 2974 1682 3031; x_wconf 88' lang='lat' dir='ltr'>Christus</span> <span class='ocrx_word' id='word_1_239' title='bbox 1701 2982 1787 3046; x_wconf 78' lang='lat' dir='ltr'>ut,</span> <span class='ocrx_word' id='word_1_240' title='bbox 1810 2977 1897 3032; x_wconf 64' lang='lat' dir='ltr'>vel</span> <span class='ocrx_word' id='word_1_241' title='bbox 1918 2977 2074 3033; x_wconf 89' lang='lat' dir='ltr'>nulla</span> <span class='ocrx_word' id='word_1_242' title='bbox 2094 2975 2253 3033; x_wconf 78' lang='lat' dir='ltr'>visin</span> 
     </span>
     <span class='ocr_line' id='line_1_30' title="bbox 359 3071 2253 3148; baseline 0.001 -19"><span class='ocrx_word' id='word_1_243' title='bbox 359 3074 653 3146; x_wconf 83' lang='lat' dir='ltr'>terveniat‚</span> <span class='ocrx_word' id='word_1_244' title='bbox 681 3074 766 3131; x_wconf 83' lang='lat' dir='ltr'>vel</span> <span class='ocrx_word' id='word_1_245' title='bbox 798 3071 1178 3129; x_wconf 91' lang='lat' dir='ltr'>nihilominus</span> <span class='ocrx_word' id='word_1_246' title='bbox 1209 3072 1335 3130; x_wconf 87' lang='lat' dir='ltr'>fidei</span> <span class='ocrx_word' id='word_1_247' title='bbox 1364 3073 1622 3130; x_wconf 87' lang='lat' dir='ltr'>definitio</span> <span class='ocrx_word' id='word_1_248' title='bbox 1650 3093 1779 3131; x_wconf 79' lang='lat' dir='ltr'>vere</span> <span class='ocrx_word' id='word_1_249' title='bbox 1815 3076 1948 3132; x_wconf 83' lang='lat' dir='ltr'>talis</span> <span class='ocrx_word' id='word_1_250' title='bbox 1979 3076 2075 3148; x_wconf 84' lang='lat' dir='ltr'>sit,</span> <span class='ocrx_word' id='word_1_251' title='bbox 2106 3075 2164 3131; x_wconf 89' lang='lat' dir='ltr'>id</span> <span class='ocrx_word' id='word_1_252' title='bbox 2199 3091 2253 3131; x_wconf 90' lang='lat' dir='ltr'>es</span> 
     </span>
     <span class='ocr_line' id='line_1_31' title="bbox 355 3174 2252 3251; baseline 0.001 -21"><span class='ocrx_word' id='word_1_253' title='bbox 355 3174 694 3244; x_wconf 64' lang='lat' dir='ltr'>voluntaria,</span> <span class='ocrx_word' id='word_1_254' title='bbox 728 3180 781 3231; x_wconf 88' lang='lat' dir='ltr'>et</span> <span class='ocrx_word' id='word_1_255' title='bbox 809 3191 1032 3250; x_wconf 82' lang='lat' dir='ltr'>semper</span> <span class='ocrx_word' id='word_1_256' title='bbox 1060 3192 1250 3230; x_wconf 81' lang='lat' dir='ltr'>veram</span> <span class='ocrx_word' id='word_1_257' title='bbox 1280 3174 1450 3231; x_wconf 86' lang='lat' dir='ltr'>fidem</span> <span class='ocrx_word' id='word_1_258' title='bbox 1484 3175 1749 3232; x_wconf 88' lang='lat' dir='ltr'>edocens.</span> <span class='ocrx_word' id='word_1_259' title='bbox 1773 3176 2040 3251; x_wconf 92' lang='lat' dir='ltr'>Alioquin</span> <span class='ocrx_word' id='word_1_260' title='bbox 2063 3193 2175 3232; x_wconf 90' lang='lat' dir='ltr'>non</span> <span class='ocrx_word' id='word_1_261' title='bbox 2201 3178 2252 3231; x_wconf 83' lang='lat' dir='ltr'>at</span> 
     </span>
     <span class='ocr_line' id='line_1_32' title="bbox 353 3246 2294 3352; baseline -0.001 -21"><span class='ocrx_word' id='word_1_262' title='bbox 353 3275 575 3350; x_wconf 84' lang='lat' dir='ltr'>tigisset</span> <span class='ocrx_word' id='word_1_263' title='bbox 603 3275 1050 3352; x_wconf 87' lang='lat' dir='ltr'>promissionum</span> <span class='ocrx_word' id='word_1_264' title='bbox 1082 3292 1318 3332; x_wconf 88' lang='lat' dir='ltr'>suarum</span> <span class='ocrx_word' id='word_1_265' title='bbox 1345 3293 1603 3350; x_wconf 77' lang='lat' dir='ltr'>scopum,</span> <span class='ocrx_word' id='word_1_266' title='bbox 1628 3275 1891 3333; x_wconf 67' lang='lat' dir='ltr'>videlicet</span> <span class='ocrx_word' id='word_1_267' title='bbox 1927 3283 1989 3333; x_wconf 93' lang='grc'>111</span> <span class='ocrx_word' id='word_1_268' title='bbox 2021 3246 2294 3351; x_wconf 54' lang='grc' dir='ltr'><strong>11(16111)11ἕ</strong></span> 
     </span>
     <span class='ocr_line' id='line_1_33' title="bbox 357 3368 2280 3452; baseline 0 -23"><span class='ocrx_word' id='word_1_269' title='bbox 357 3381 559 3448; x_wconf 87' lang='lat' dir='ltr'>praesto</span> <span class='ocrx_word' id='word_1_270' title='bbox 587 3394 810 3452; x_wconf 91' lang='lat' dir='ltr'>semper</span> <span class='ocrx_word' id='word_1_271' title='bbox 833 3381 982 3434; x_wconf 89' lang='lat' dir='ltr'>esset</span> <span class='ocrx_word' id='word_1_272' title='bbox 1011 3381 1230 3432; x_wconf 89' lang='lat' dir='ltr'>certum</span> <span class='ocrx_word' id='word_1_273' title='bbox 1259 3381 1313 3432; x_wconf 93' lang='lat' dir='ltr'>et</span> <span class='ocrx_word' id='word_1_274' title='bbox 1348 3376 1545 3432; x_wconf 72' lang='lat' dir='ltr'>efficax</span> <span class='ocrx_word' id='word_1_275' title='bbox 1568 3375 1960 3450; x_wconf 79' lang='lat' dir='ltr'>dignoscendae</span> <span class='ocrx_word' id='word_1_276' title='bbox 1991 3393 2131 3433; x_wconf 84' lang='lat' dir='ltr'>verae</span> <span class='ocrx_word' id='word_1_277' title='bbox 2151 3368 2280 3447; x_wconf 51' lang='lat' dir='ltr'>fidet}</span> 
     </span>
     <span class='ocr_line' id='line_1_34' title="bbox 361 3474 2277 3551; baseline 0.002 -25"><span class='ocrx_word' id='word_1_278' title='bbox 361 3474 636 3532; x_wconf 85' lang='lat' dir='ltr'>medium.</span> <span class='ocrx_word' id='word_1_279' title='bbox 674 3477 815 3534; x_wconf 92' lang='lat' dir='ltr'>Casu</span> <span class='ocrx_word' id='word_1_280' title='bbox 859 3483 1051 3535; x_wconf 87' lang='lat' dir='ltr'>autem</span> <span class='ocrx_word' id='word_1_281' title='bbox 1090 3495 1201 3551; x_wconf 90' lang='lat' dir='ltr'>quo</span> <span class='ocrx_word' id='word_1_282' title='bbox 1241 3479 1452 3534; x_wconf 78' lang='lat' dir='ltr'>notorie</span> <span class='ocrx_word' id='word_1_283' title='bbox 1487 3476 1791 3534; x_wconf 86' lang='lat' dir='ltr'>intervenit</span> <span class='ocrx_word' id='word_1_284' title='bbox 1830 3476 1914 3533; x_wconf 79' lang='lat' dir='ltr'>vis</span> <span class='ocrx_word' id='word_1_285' title='bbox 1942 3482 2041 3533; x_wconf 88' lang='lat' dir='ltr'>aut</span> <span class='ocrx_word' id='word_1_286' title='bbox 2071 3481 2277 3542; x_wconf 54' lang='grc'><strong>11161115,-</strong></span> 
     </span>
     <span class='ocr_line' id='line_1_35' title="bbox 363 3573 2292 3645; baseline 0.002 -21"><span class='ocrx_word' id='word_1_287' title='bbox 363 3588 590 3630; x_wconf 88' lang='grc'><strong>11666556</strong></span> <span class='ocrx_word' id='word_1_288' title='bbox 619 3594 732 3631; x_wconf 83' lang='grc'><strong>11011</strong></span> <span class='ocrx_word' id='word_1_289' title='bbox 759 3582 931 3633; x_wconf 87' lang='lat' dir='ltr'>estut</span> <span class='ocrx_word' id='word_1_290' title='bbox 963 3582 1240 3635; x_wconf 83' lang='lat' dir='ltr'>extortam</span> <span class='ocrx_word' id='word_1_291' title='bbox 1282 3575 1668 3634; x_wconf 85' lang='lat' dir='ltr'>definitionem</span> <span class='ocrx_word' id='word_1_292' title='bbox 1701 3577 1768 3633; x_wconf 88' lang='lat' dir='ltr'>ab</span> <span class='ocrx_word' id='word_1_293' title='bbox 1805 3594 1996 3633; x_wconf 88' lang='lat' dir='ltr'>errore</span> <span class='ocrx_word' id='word_1_294' title='bbox 2029 3573 2292 3645; x_wconf 45' lang='lat' dir='ltr'>Christus(</span> 
     </span>
     <span class='ocr_line' id='line_1_36' title="bbox 364 3670 2272 3751; baseline 0.001 -27"><span class='ocrx_word' id='word_1_295' title='bbox 364 3670 709 3743; x_wconf 84' lang='lat' dir='ltr'>providentia</span> <span class='ocrx_word' id='word_1_296' title='bbox 745 3693 844 3733; x_wconf 87' lang='lat' dir='ltr'>sua</span> <span class='ocrx_word' id='word_1_297' title='bbox 885 3676 1259 3751; x_wconf 73' lang='lat' dir='ltr'>praemuniat;</span> <span class='ocrx_word' id='word_1_298' title='bbox 1309 3695 1372 3734; x_wconf 88' lang='lat' dir='ltr'>ae</span> <span class='ocrx_word' id='word_1_299' title='bbox 1400 3675 1636 3751; x_wconf 86' lang='lat' dir='ltr'>proinde</span> <span class='ocrx_word' id='word_1_300' title='bbox 1664 3676 1733 3731; x_wconf 91' lang='lat' dir='ltr'>ad</span> <span class='ocrx_word' id='word_1_301' title='bbox 1770 3676 1919 3732; x_wconf 87' lang='lat' dir='ltr'>hunc</span> <span class='ocrx_word' id='word_1_302' title='bbox 1944 3691 2137 3730; x_wconf 90' lang='lat' dir='ltr'>casum</span> <span class='ocrx_word' id='word_1_303' title='bbox 2164 3683 2272 3727; x_wconf 84' lang='lat' dir='ltr'>non</span> 
     </span>
    </p>
   </div>
   <div class='ocr_carea' id='block_1_3' title="bbox 2296 1723 2306 1915">
    <p class='ocr_par' dir='ltr' id='par_1_8' title="bbox 2296 1723 2306 1915">
     <span class='ocr_line' id='line_1_37' title="bbox 2296 1723 2306 1915; baseline 0 2095"><span class='ocrx_word' id='word_1_304' title='bbox 2296 1723 2306 1915; x_wconf 95' lang='lat' dir='ltr'> </span> 
     </span>
    </p>
   </div>
   <div class='ocr_carea' id='block_1_4' title="bbox 2247 2164 2306 3193">
    <p class='ocr_par' dir='ltr' id='par_1_9' title="bbox 2247 2164 2306 3193">
     <span class='ocr_line' id='line_1_38' title="bbox 2253 2164 2306 2589; baseline 0 0"><span class='ocrx_word' id='word_1_305' title='bbox 2253 2164 2306 2589; x_wconf 95' lang='lat' dir='ltr'>    </span> 
     </span>
     <span class='ocr_line' id='line_1_39' title="bbox 2247 2589 2306 2791; baseline 0 0"><span class='ocrx_word' id='word_1_306' title='bbox 2247 2589 2306 2791; x_wconf 95' lang='lat' dir='ltr'>  </span> 
     </span>
     <span class='ocr_line' id='line_1_40' title="bbox 2251 2791 2306 3193; baseline 0 -259"><span class='ocrx_word' id='word_1_307' title='bbox 2251 2791 2306 3193; x_wconf 95' lang='lat' dir='ltr'>   </span> 
     </span>
    </p>
   </div>
  </div>
 </body>
</html>
