2306 4010
319 152 409 200 202
991 139 1288 192 TRAGTATUS
1319 139 1387 187 DE
1417 141 1567 188 PAPA.
2173 136 2204 154 “·
2244 146 2306 200 ·;

318 278 471 331 vera,
508 277 621 317 non
662 257 732 314 de
755 256 884 312 fieta
915 267 1016 306 seu
1046 246 1308 305 mendaci
1352 183 1692 323 obedientia,
1738 267 1854 308 non
1894 252 2011 311 nisi
2050 262 2253 341 mente
2260 234 2279 317 ἶ

318 365 513 434 captus
537 346 788 427 unquam
821 350 881 404 in
910 347 1148 404 dubium
1188 347 2134 406 vocaverit..
2236 399 2238 402 ,

322 512 326 514 ,
398 455 451 508 7⁰
473 452 534 505 In
558 447 715 504 Brevi
746 443 1062 517 dogmatico
1099 443 1272 519 Super
1299 445 1570 502 soliditate
1601 446 1760 504 docet
1788 446 1927 506 Pius
1944 447 2012 504 VI
2044 468 2055 503 :
2084 469 2113 504 «
2134 451 2236 512 Ro·-
2280 467 2287 522 jj

316 565 550 605 manum
576 542 902 601 Pontificem
928 543 1302 601 constitutum
1328 561 1358 599 a
1384 542 1492 600 Deo
1528 549 1697 620 caput
1722 545 1985 604 Ecclesiae
2011 547 2246 612 visibile.

315 667 378 705 ae
402 645 673 703 vicarium
694 644 827 700 Jesu
863 643 1069 701 Christi
1094 668 1104 712 ;
1144 643 1196 700 ei
1221 643 1482 718 regendae
1511 643 1773 702 Ecclesiae
1794 645 2021 720 plenam
2053 654 2237 724 potes·

310 751 483 802 tatem
509 742 801 814 traditam,
831 761 1112 816 veramque
1143 744 1212 800 ab
1239 743 1508 800 omnihus
1527 745 1626 818 qui
1661 743 1976 803 christiano
2007 747 2249 821 nomine„⁴

310 847 616 898 censentur
655 842 1002 898 obedientiam
1045 842 1221 897 deberi
1267 863 1295 895 »
1353 841 1674 916 (Bullarium
1722 844 2032 900 Romanum.
2073 851 2238 903 eonti-

308 948 548 1011 mcatum‚
587 947 738 999 tomo
762 940 868 1014 Vll,
903 941 1108 1017 pagina
1140 942 1302 1017 672).
1334 942 1515 1016 Atque
1549 942 1761 1001 ibidem
1804 945 1953 1002 hanc
1992 963 2117 1002 esse
2143 963 2234 1003 as-

310 1042 445 1099 serit
474 1041 682 1117 saepius
719 1042 1020 1117 repetitam
1053 1043 1370 1115 Pontificum
1420 1049 1472 1099 et
1500 1043 1858 1101 Conciliorum
1890 1044 2232 1104 doctrinam.

385 1140 439 1196 8⁰
467 1141 619 1197 Idem
650 1146 871 1198 constat
897 1159 963 1198 ex
983 1141 1150 1198 modo
1170 1141 1410 1198 citandis
1452 1141 1900 1215 definitionibus,
1922 1162 2048 1217 quae
2074 1146 2234 1200 inter-

306 1259 431 1297 nam
460 1241 630 1298 etiam
665 1241 855 1298 deberi
886 1241 1267 1334 obedientiam
1292 1242 1578 1300 declarant
1607 1267 1617 1311 3
1660 1243 1706 1299 si
1738 1245 2031 1317 internam,
2063 1261 2094 1300 a
2123 1242 2234 1299 for-

306 1340 438 1398 tiori
470 1358 669 1397 veram.

383 1439 438 1495 9⁰
474 1439 628 1496 Idem
666 1439 1039 1497 confirmatur
1072 1457 1139 1496 ex
1170 1440 1431 1496 unanimi
1467 1440 1762 1498 doctorum
1798 1440 2228 1514 catholicorum,

305 1540 474 1597 ctiam
504 1540 944 1612 Gallicanorum,
979 1539 1256 1597 doctrina.
1276 1574 1347 1580 —
1374 1541 1563 1598 Edidit
1589 1541 1626 1596 F
1631 1541 1848 1597 acultas
1871 1539 2228 1609 ParisiensiS‚

307 1638 395 1693 die
420 1637 486 1693 10
509 1639 698 1695 martii
737 1640 908 1711 1542,
938 1638 1121 1696 varios
1157 1639 1536 1713 articulos‚ad
1563 1638 2021 1715 praemuniendos
2039 1637 2232 1694 fideles

306 1742 498 1792 contra
523 1740 905 1810 grassantium
930 1745 1070 1796 tunc
1099 1740 1373 1815 temporis
1396 1741 1684 1797 haereseon
1711 1739 2031 1797 molimina.
2062 1739 2232 1794 Porro

305 1837 582 1912 ejusmodi
625 1832 999 1897 articulorum
1043 1841 1355 1914 vigesimus
1394 1840 1676 1897 sccundus
1710 1848 1761 1898 et
1789 1839 2098 1913 vigesimus
2115 1843 2234 1894 ter·
2280 1863 2282 1865 >

308 1935 420 1993 tius
467 1936 549 1993 sic
578 1938 785 1994 habent
819 1960 828 1993 :
860 1960 887 1991 «
927 1939 1151 1995 Certum
1191 1946 1273 1996 est
1324 1940 1630 1996 concilium
1665 1939 1925 2014 generale
1976 1937 2229 2012 legitime
2286 1949 2306 1998 ’ἢ

302 2044 708 2112 congregatum
755 2038 1134 2095 universalem
1170 2046 1586 2114 repraesentans
1617 2040 1947 2109 Ecclesiam,
1995 2040 2054 2095 in
2097 2038 2227 2096 fidei
2303 2046 2306 2093 ἶ

297 2142 350 2192 et
410 2155 637 2194 morum
677 2139 1252 2196 determinationibus
1300 2158 1491 2196 errare
1529 2158 1641 2196 non
1690 2158 1872 2214 posse.
1915 2140 2023 2197 Nec
2058 2142 2230 2194 minus

295 2245 516 2309 certum,
557 2256 740 2294 unum
800 2257 922 2294 esse
948 2239 1077 2312 jure
1120 2239 1308 2294 divino
1338 2257 1629 2295 summum
1658 2240 1717 2294 in
1741 2238 1988 2295 Ecclesia
2023 2237 2224 2293 Christi
2283 2243 2306 2292 ,15

292 2336 574 2393 militante
605 2336 951 2408 Pontificem,
1006 2340 1087 2393 cni
1134 2355 1312 2393 omnes
1368 2339 1639 2396 cln‘istiam'
1686 2355 1881 2412 parere
1926 2344 2223 2392 tenentur»

294 2435 469 2509 (apud
500 2435 851 2509 d'Argentrc,
879 2436 1487 2510 Collectiojudiciorum,
1515 2435 1744 2507 tomill,
1767 2442 1925 2511 parte
1944 2434 1985 2504 Ι,
2004 2454 2058 2509 p.
2088 2434 2222 2506 525,

290 2533 543 2604 ParisiiS,
576 2535 770 2607 1728).
796 2535 858 2591 Et
898 2535 1056 2605 alibi,
1100 2535 1193 2591 die
1225 2536 1251 2591 1
1290 2536 1605 2592 decembris
1633 2536 1805 2604 1554,
1841 2534 2094 2608 ejusdem
2125 2533 2222 2589 Fa·
2275 2530 2289 2577 ’ὲ

292 2632 518 2689 cultatis
555 2632 818 2689 doctores
854 2633 930 2688 ita
958 2633 1251 2707 protestati
1275 2638 1407 2689 sunt
1441 2653 1451 2685 ι
1485 2653 1512 2685 «
1548 2632 1758 2688 Omnes
1792 2638 1846 2688 et
1878 2631 2112 2703 singuli,
2158 2637 2218 2687 ut
2270 2615 2279 2662 s

294 2731 626 2788 obedientiae
658 2732 782 2803 filii,
816 2732 1007 2806 ipsum
1043 2733 1363 2789 Romanum
1392 2731 1718 2788 Pontificem
1742 2737 1806 2788 ut
1839 2749 2134 2788 summum
2168 2738 2224 2789 et
2296 2751 2297 2754 ’

295 2832 677 2890 universalem
712 2833 918 2890 Christi
965 2834 1095 2890 Jesu
1145 2833 1423 2890 vicarIum
1458 2839 1511 2890 et
1538 2828 1919 2890 universalem
1967 2832 2224 2890 Ecclesiae
2297 2824 2306 2905 J

294 2931 602 3004 Pastorem,
630 2932 722 2988 cui
752 2932 1046 3007 plenitudo
1072 2933 1363 3008 potestatis
1396 2952 1426 2988 a
1454 2933 1671 2988 Christo
1708 2932 1836 2988 data
1864 2932 1956 2999 sit,
1991 2934 2071 2988 etti
2110 2949 2219 2987 om·
2255 2943 2259 2947 ’

295 3051 387 3088 nes
404 3033 705 3108 utriusque
733 3051 899 3090 sexus
923 3035 1155 3105 obe-dire,
1186 3036 1332 3107 enjus
1357 3035 1572 3090 deo-reta
1598 3033 1860 3090 venerari
1887 3038 1940 3089 et
1971 3051 2072 3108 pro
2100 3050 2226 3093 sese

294 3131 538 3206 quisque
569 3132 718 3189 tueri
759 3138 807 3189 et
835 3134 1106 3189 observare
1126 3141 1426 3205 teneantur,
1455 3139 1519 3189 ut
1545 3150 1769 3207 semper
1795 3137 2145 3205 agnoverunt
2164 3136 2214 3187 et
2254 3190 2255 3194 ,
2295 3175 2299 3213 Λ.

295 3228 536 3288 confessi
566 3237 722 3304 sunt,
771 3231 849 3289 ita
880 3250 1033 3289 nunc
1084 3251 1309 3307 quoque
1356 3233 1598 3303 sincere,
1627 3231 1877 3288 fideliter
1904 3236 1956 3287 et
1982 3229 2241 3298 libenter¹

298 3336 607 3401 agnoscunt
661 3336 715 3388 et
760 3331 1100 3388 confitentur
1129 3354 1157 3387 »
1189 3332 1362 3408 (apud
1391 3332 1745 3405 d'Argentre‚
1776 3329 2037 3388 Collectio
2073 3328 2246 3402 judi·
2290 3318 2302 3384 {1

301 3427 520 3499 oiotffum
552 3430 688 3486 tomi
710 3431 775 3503 ΙΙ,
805 3436 966 3507 parte
999 3431 1040 3502 Ι,
1067 3431 1273 3507 pagina
1299 3431 1433 3502 194,
1461 3429 1712 3500 Parisiis,
1754 3427 1951 3499 1728).
2275 3487 2278 3491 ,

378 3524 526 3582 Ilanc
550 3530 896 3588 unanimiter
926 3530 1243 3588 doctrinam
1269 3535 1465 3587 tenent
1485 3528 1595 3604 ipsi
1626 3526 1795 3585 etiam
1814 3523 2084 3582 Gallicani
2103 3539 2235 3597 sys-
2232 3511 2238 3521 ⁹
2230 3538 2295 3606 “ss

301 3623 530 3681 tematis
569 3635 1040 3703 propugnatores,
1090 3635 1370 3704 quotquot
1397 3625 1827 3686 Jansenisticam
1865 3629 2076 3682 sectam
2105 3636 2254 3676 res-
2227 3627 2301 3675 11
