2306 4010
859 190 990 237 PARS
1018 188 1258 238 SECUNDA.
1914 187 2002 236 145

60 443 65 445 -
94 355 97 357 -
120 389 147 442 5
174 388 214 431 1.
240 410 292 419 -
318 387 433 429 Dicta
461 387 599 441 opinio
623 388 676 430 de
706 388 879 432 Romani
909 390 1115 432 Pontificis
1141 388 1389 431 sallibilitnte
1414 400 1560 432 revera
1589 387 1803 432 multoties
1837 400 1861 429 a
1896 386 1999 429 Sede

782 459 1008 511 Apostolica
1031 458 1249 511 reprobata
1271 462 1343 499 aet.

190 595 471 649 Pnoposmo
502 593 561 649 1².
592 626 660 635 —
687 593 983 668 Reprobata
1003 600 1081 647 est
1106 592 1432 649 ann01351.
1450 625 1526 634 —
1543 590 1818 648 Nimirum
1845 589 1994 647 dicto

119 710 287 762 ann0,
338 691 657 766 opinionem
700 678 773 747 'de
819 688 1160 744 sallibilitate
1203 689 1359 763 Papae
1397 691 1710 764 reprobavit
1745 689 1995 746 Clemens

114 788 259 862 Papa
288 787 373 854 vl,
402 785 670 858 exigendo
690 791 753 840 ut
779 785 1149 840 Armenorum
1164 784 1483 841 Patriarcha
1518 786 1844 843 affirmative
1877 786 1997 842 sine

114 883 442 955 ambagibus
467 881 826 955 responderet
855 879 986 935 huic
1010 880 1468 952 interrogationi:
1501 904 1527 933 «
1556 881 1609 935 Si
1633 883 1915 940 credidisti
1943 889 1995 939 et

113 980 292 1036 adhuc
304 978 484 1035 credis
504 977 683 1033 solum
702 977 1012 1032 Romanum
1022 976 1366 1047 Pontificem,
1382 976 1570 1032 dubiis
1585 980 1995 1050 emergentibus

113 1076 256 1134 circa
281 1075 446 1132 fidem
469 1074 821 1139 catholicam,
863 1091 1026 1147 posse
1056 1092 1153 1148 per
1177 1073 1698 1130 determinationem
1722 1075 1996 1130 authenti-

113 1193 253 1245 cam,
292 1173 383 1229 cui
410 1173 483 1229 sit
508 1172 907 1228 inviolabiliter
941 1172 1361 1240 adhaerendum,
1391 1173 1559 1228 tinem
1584 1172 1906 1246 imponere3
1942 1178 1995 1227 ct

114 1290 230 1330 esse
259 1290 455 1328 verum
480 1277 533 1326 et
561 1270 896 1326 catholicum
922 1270 1197 1343 quidquid
1232 1271 1372 1345 ipse,
1398 1271 1726 1327 auctoritate
1753 1271 1994 1327 clavium

114 1369 217 1426 sibi
261 1369 592 1425 traditarum
636 1387 665 1423 a
693 1368 931 1438 ChristO,
980 1367 1315 1424 determinat
1342 1387 1460 1424 esse
1497 1387 1722 1435 verum3
1759 1377 1811 1425 et
1845 1370 1992 1441 quod

115 1466 438 1523 determinat
461 1484 583 1522 esse
614 1465 817 1522 falsum
841 1471 896 1520 et
921 1466 1265 1533 haereticum,
1297 1466 1369 1521 sit
1398 1466 1738 1522 censendum
1768 1489 1794 1517 »
1821 1467 1992 1540 (apud

114 1561 460 1632 Rainaldum,
482 1563 549 1618 ad
578 1580 785 1618 annum
807 1561 999 1630 1551).
1028 1561 1203 1633 Igitur
1226 1561 1595 1616 inviolabiliter
1620 1563 1992 1617 adhaerendum

117 1659 523 1718 definitionibus
562 1661 714 1735 Papae
763 1660 908 1715 circa
948 1659 1137 1728 fidem,
1174 1660 1322 1732 quod
1363 1661 1636 1716 absonum
1671 1666 1722 1715 et
1751 1660 1989 1734 impium

115 1755 249 1812 foret
274 1755 378 1812 nisi
407 1756 755 1813 definitiones
791 1755 908 1811 istae
939 1754 1262 1810 infallibiles
1313 1755 1514 1810 forent.
1560 1756 1622 1810 Et
1649 1755 1752 1810 hoc
1778 1756 1992 1810 creden.-

114 1850 231 1906 dnm
254 1852 499 1925 exigebat
523 1853 776 1908 Clemens
804 1851 886 1921 VI,
914 1869 975 1907 ac
1003 1851 1235 1925 proinde
1256 1851 1311 1906 id
1339 1852 1549 1907 credere
1574 1858 1874 1907 renuentes
1905 1869 1987 1907 re-

113 1948 391 2021 probabat.

184 2046 458 2101 Pnoposmo
483 2049 565 2101 11³.
596 2049 827 2102 -Anno
869 2047 1037 2117 1418,
1091 2047 1349 2103 Martinus
1391 2047 1434 2104 V
1470 2056 1646 2121 aperte
1692 2048 1987 2121 reprobavit

113 2145 400 2215 opinionem
442 2129 517 2198 de*
544 2145 864 2215 fallibilitate
895 2146 1079 2217 Papae,
1115 2148 1237 2200 dum
1263 2165 1349 2201 eos
1384 2148 1648 2201 damnavit
1698 2149 1780 2217 qni
1817 2165 1848 2200 a
1889 2147 1990 2202 Ro-

111 2241 249 2292 mani
273 2241 537 2308 pontificis
553 2241 748 2310 judicio
769 2242 1040 2311 appellare
1063 2243 1272 2295 audent.
1302 2274 1375 2280 —
1399 2243 1492 2296 Die
1517 2243 1729 2298 scilicet
1755 2243 1825 2297 10
1844 2262 1987 2298 mar-

116 2331 178 2387 tii
201 2333 411 2404 praesati
435 2334 586 2402 anni,
615 2335 718 2388 sub
736 2335 900 2389 tinem
925 2336 1357 2391 Constantiensis
1380 2338 1622 2404 concilii,
1645 2339 1850 2391 dictam
1871 2340 1987 2411 opi-

117 2426 337 2482 nionem
390 2428 447 2481 in
486 2428 814 2483 consistorio
863 2429 1086 2502 publico
1134 2430 1458 2503 proscripsit
1514 2432 1783 2487 Martinus
1826 2433 1862 2486 V
1901 2434 1988 2490 his

116 2522 294 2578 verbis
321 2542 331 2573 :
362 2523 502 2580 Nulli
523 2527 607 2596 sas
634 2534 710 2579 est
736 2543 766 2579 a
787 2544 1027 2597 supremo
1044 2528 1238 2598 jndice,
1262 2528 1499 2583 videlicet
1522 2528 1823 2601 Apostolica
1854 2531 1988 2586 Sede

110 2638 199 2675 seu
223 2620 451 2675 Romano
480 2622 752 2692 Pontifice,
787 2623 921 2678 Iesu·
948 2624 1142 2679 Christi
1176 2626 1370 2679 vicario
1404 2628 1456 2679 in
1485 2629 1658 2693 terrie,
1690 2627 1982 2700 appellare,

110 2725 199 2772 aut
219 2716 355 2772 illias
370 2718 622 2789 judiciam
646 2720 699 2772 in
717 2720 884 2773 causis
909 2719 1032 2788 fidei
1050 2721 1186 2791 (quae
1214 2728 1463 2792 tanquam
1481 2724 1708 2794 majores
1731 2725 1799 2779 ad
1816 2729 1982 2796 ipsum

108 2822 159 2869 et
170 2814 351 2871 Sedem
362 2817 711 2888 Apostolioam
728 2818 791 2871 de
809 2818 1040 2888 ferendae
1057 2827 1195 2883 sunt)
1219 2820 1480 2875 declinare
1494 2821 1660 2885 (inter
1674 2823 1850 2896 Opera
1865 2824 1987 2879 Ger—

109 2912 272 2982 sonii,
313 2914 379 2968 ab
405 2914 565 2970 Ellies
591 2913 773 2987 Dupin
811 2914 1095 2988 disposita,
1127 2922 1276 2972 tomo
1301 2918 1364 2985 11,
1395 2937 1519 2991 pag.
1549 2919 1682 2988 503,
1711 2921 1844 2976 edit.
1881 2922 1985 2975 An-

109 3008 560 3082 tuerpiae,1706).
578 3010 693 3073 Qua
712 3010 1000 3066 occasione
1012 3018 1066 3066 et
1082 3013 1359 3084 quomodo
1381 3014 1592 3086 prolata
1613 3016 1779 3071 fuerit
1798 3016 1982 3070 (letini-

108 3103 184 3160 tio
206 3107 339 3176 haec,
356 3108 477 3163 vide
498 3125 666 3182 supra
683 3108 885 3183 (capite
901 3128 969 3178 vl,
991 3111 1086 3179 Ξῖ),
1105 3110 1479 3182 propositione
1498 3113 1582 3166 XII
1606 3136 1615 3178 ;
1642 3131 1857 3167 necnon
1878 3115 1903 3184 ἓ
1922 3114 1978 3184 4,

107 3216 162 3255 n⁰
182 3202 295 3273 14).
313 3204 631 3261 Pronuntiat
657 3205 730 3261 ibi
757 3207 1021 3263 Martinus
1040 3208 1079 3261 V
1098 3207 1407 3262 Romanum
1426 3208 1747 3263 Pontificem
1774 3227 1895 3265 esse
1922 3210 1979 3266 in

104 3297 339 3356 Ecclesia
358 3301 600 3374 judicem
627 3322 945 3377 supremum.
975 3304 1113 3358 Eum
1138 3312 1321 3359 autem
1342 3323 1640 3376 supremum
1660 3306 1977 3378 decernere,

105 3394 247 3454 idem
263 3405 342 3454 est
365 3418 427 3455 ac
450 3385 742 3458 decernere
775 3401 1152 3466 infallibilem;
1177 3401 1308 3472 quia
1330 3401 1439 3455 nisi
1466 3401 1864 3461 infallibilitate
1883 3425 1980 3480 po-

0 3558 4 3560 ,
101 3491 300 3551 tiretur
334 3514 599 3569 supremus
632 3499 689 3553 in
709 3497 951 3554 Ecclesia
970 3497 1157 3568 judex,
1184 3496 1373 3551 nullus
1400 3498 1642 3570 profecto
1671 3500 1977 3560 infallibilis

102 3587 260 3648 foret.
274 3593 503 3667 Insuper
520 3594 841 3669 pronuntiat
859 3593 1127 3648 Martinus
1145 3592 1207 3661 V,
1222 3592 1435 3648 nemini
1454 3594 1537 3652 fas
1552 3613 1673 3656 esse
1698 3602 1976 3674 appellare
