2262 3990
810 147 940 196 PARS
969 145 1208 194 SECUNDA.
1856 144 1948 190 4⁴9

76 287 106 320 α
128 264 363 340 ejusque
382 275 525 316 verae
548 263 599 315 et
622 255 907 314 catholicae
927 251 1372 329 interpretationi
1389 250 1753 326 repugnantia
1778 250 1951 325 (quod

74 384 102 416 α
132 362 193 418 in
219 359 446 416 homine
471 355 777 413 christiano
817 352 1050 409 minime
1083 347 1458 420 tolerandum)
1495 365 1606 404 non
1647 365 1746 422 per
1782 349 1950 423 hypo-

74 458 328 514 «thesim
369 459 630 523 tractare,
670 452 766 508 sed
811 455 875 506 ut
909 446 1195 506 verissima
1224 446 1510 526 adstruere
1534 462 1647 501 non
1687 443 1905 501 dubitat
1935 466 1947 499 ε

77 576 104 607 «
131 551 498 609 nihilominus
537 548 667 622 quia
695 547 753 603 in
786 545 855 602 iis
894 545 1071 601 multa
1101 550 1233 601 sunt
1266 541 1588 618 reipublicae
1626 535 1952 612 utilissima,

79 672 106 703 «
134 648 390 706 unanimi
421 663 693 703 consensu
723 644 781 699 in
793 652 926 700 eam
954 642 1174 698 iverunt
1204 640 1559 709 sententiam,
1586 645 1650 709 ut
1674 638 1957 714 Copcrnici

76 770 105 802 α
138 722 303 823 opera
342 746 410 803 ad
451 747 596 800 hanc
635 759 811 814 usque
848 741 995 797 diem
1032 739 1304 813 impressa
1340 738 1711 813 permittenda
1752 744 1957 809 essent,

82 865 112 897 α
136 848 301 918 prout
345 840 740 916 permiserunt,
788 835 858 891 iis
896 841 1084 890 tamen
1121 833 1415 904 correctiS,
1451 834 1610 906 juxta
1653 835 1957 908 subjectam

0 962 5 1011 ;
81 961 108 993 «
138 937 602 1006 emendationem,
632 933 790 1002 locis,
818 932 878 987 in
904 931 1109 1004 quibus
1139 949 1251 986 non
1276 948 1344 986 ex
1369 931 1659 1005 hypothesi
1689 933 1785 988 sed
1811 949 1959 988 asse-

3 1030 5 1036 ‘
79 1056 107 1089 «
133 1036 304 1093 rendo
347 1035 413 1090 de
452 1033 563 1089 situ
603 1038 656 1087 ct
688 1036 843 1086 motu
883 1035 1046 1085 terrae
1082 1028 1347 1103 disputat.
1391 1026 1496 1090 Qui
1533 1044 1660 1083 vero
1701 1028 1963 1102 deinceps

76 1128 490 1204 «imprimendi
535 1133 721 1197 erunt,
766 1144 877 1182 non
925 1125 1035 1181 nisi
1080 1123 1361 1199 praedictis
1405 1122 1543 1179 locis
1592 1129 1655 1178 ut
1704 1124 1959 1194 sequitur

76 1247 104 1280 α
130 1226 456 1294 emendatiS,
479 1232 531 1282 et
555 1223 880 1298 hujusmodi
902 1221 1243 1279 correctione
1262 1220 1482 1295 praefixa
1506 1218 1795 1294 Copernici
1820 1235 1958 1293 prae-

0 1302 11 1389 ξ
77 1343 104 1376 «
135 1322 353 1390 sationi,
384 1326 799 1394 permittantur.

3 1411 14 1479 l

154 1420 500 1488 «Locorum,
543 1417 749 1490 quaein
773 1415 1060 1490 Copernici
1099 1413 1259 1470 libris
1298 1412 1415 1468 visa
1453 1418 1583 1468 sunt
1619 1412 1959 1469 correctione

0 1539 14 1586 ,ε
81 1539 107 1569 «
135 1517 321 1588 digna,
355 1514 686 1570 emendatio.

156 1634 184 1665 «
207 1613 269 1667 In
296 1611 615 1686 praefatione
643 1611 787 1666 circa
815 1609 1003 1667 finem.
1047 1643 1116 1651 -
1142 1611 1221 1667 Ibi
1248 1615 1293 1667 si
1326 1614 1554 1684 sortasse
1592 1611 1714 1667 dele
1751 1611 1959 1682 omnia,

84 1731 110 1761 «
140 1726 318 1781 usque
344 1708 410 1763 ad
436 1708 668 1764 verbum
700 1707 750 1762 hi
783 1709 947 1762 nostri
982 1705 1206 1771 labore33
1242 1715 1295 1763 et
1321 1708 1401 1764 sic
1432 1706 1787 1763 accommoda
1820 1716 1965 1762 caete-

82 1827 109 1857 «
135 1824 250 1860 rum
282 1806 332 1859 ht
358 1807 522 1860 nostri
551 1805 773 1859 labores,

156 1922 182 1952 «
213 1900 273 1954 In
302 1900 481 1974 capite
521 1919 590 1968 v1,
628 1899 754 1955 libri
794 1898 836 1967 I,
872 1898 1071 1971 pagina
1098 1898 1153 1953 6.
1179 1929 1251 1939 —
1280 1897 1358 1954 lbi
1394 1901 1440 1953 si
1479 1906 1651 1953 tamen
1693 1900 1961 1953 attentius,

82 2017 110 2049 «
139 1997 356 2069 Corrige
382 1999 427 2051 si
462 2005 632 2052 tamen
662 1997 908 2051 attentius
932 1993 1041 2050 rem
1069 1997 1470 2064 consideremnS,
1518 1995 1650 2051 nihil
1691 1999 1858 2068 refert
1900 2014 1967 2051 an

86 2115 112 2145 «
143 2103 334 2149 terram
351 2096 404 2148 in
423 2095 592 2149 medio
616 2094 813 2162 mundi,
835 2111 901 2148 an
920 2101 1074 2147 extra
1095 2094 1270 2147 media
1291 2094 1518 2147 medinm
1539 2095 1766 2148 existere
1794 2095 1968 2165 quoad

89 2211 116 2241 α
141 2191 412 2244 solvendas
442 2191 720 2245 coelestium
747 2198 976 2244 motuum
1011 2192 1345 2261 apparentias
1380 2191 1752 2244 existimemus.
1793 2190 1969 2246 Omnis

89 2305 116 2335 «
144 2287 300 2352 enim,
327 2290 429 2341 etc.

167 2400 194 2431 «
223 2379 281 2434 ln
322 2379 499 2454 capite
530 2398 611 2433 vm
650 2380 898 2453 ejusdem
940 2379 1092 2435 libri.
1122 2412 1190 2420 —
1221 2380 1415 2436 Totum
1463 2382 1566 2437 hoc
1590 2389 1755 2456 caput
1785 2389 1968 2455 posset

94 2478 405 2552 «expungi,
443 2478 573 2550 quia
615 2496 678 2534 ex
709 2479 952 2551 professo
989 2485 1187 2534 tractat
1226 2478 1291 2534 de
1309 2478 1543 2534 veritate
1569 2485 1754 2534 motus
1781 2485 1965 2548 terrae,

91 2597 117 2627 «
147 2575 280 2630 dum
309 2574 468 2630 solvit
499 2582 747 2630 veterum
778 2576 1019 2631 rationes
1050 2575 1343 2649 probantes
1374 2576 1494 2648 ejus
1527 2576 1793 2649 quictem.
1831 2575 1967 2631 Cum

90 2679 329 2728 «tamen
366 2671 762 2745 problematice
801 2672 1054 2728 videatur
1088 2672 1261 2744 loqui,
1302 2679 1362 2728 ut
1404 2673 1668 2729 studiosis
1712 2673 1966 2743 satisfiat,

6 2839 12 2846 ⁸
90 2788 116 2818 «
144 2769 421 2839 seriesque
449 2774 500 2824 et
531 2769 663 2823 ordo
694 2769 827 2824 libri
854 2769 1062 2841 integer
1086 2775 1328 2839 maneat,
1357 2770 1688 2826 emendetur
1710 2756 1772 2826 ut
1801 2771 1965 2826 infra.

92 2885 119 2915 «
148 2894 219 2904 —
243 2862 443 2932 Primo,
472 2865 668 2937 pagina
699 2865 753 2937 6,
787 2865 911 2922 dele
934 2866 1268 2922 versiculum
1295 2884 1386 2922 cur
1404 2885 1525 2940 erqo
1553 2885 1732 2939 usque
1758 2867 1826 2921 ad
1853 2883 1970 2921 ver-

93 2981 118 3010 «
150 2959 280 3013 bum
310 2960 656 3030 provehimur,
683 2961 948 3034 locusque
977 2963 1052 3018 ita
1078 2963 1416 3035 corrigatur.
1449 2963 1555 3019 Gnr
1580 2981 1701 3033 erqo
1724 2980 1829 3016 non
1847 2980 1971 3034 pos-

93 3076 120 3108 «
150 3073 262 3110 snm
303 3057 632 3111 mobilitatem
671 3058 747 3112 illi
788 3061 973 3129 formae
1015 3077 1124 3114 snae
1171 3061 1476 3128 concedere,
1531 3062 1798 3131 mayz'sque
1835 3063 1972 3132 qnod

95 3176 121 3205 «
154 3161 290 3209 totns
314 3154 513 3207 labatur
541 3154 783 3222 mundns,
811 3157 954 3226 cujus
984 3157 1102 3225 [inis
1134 3158 1400 3227 iss-noratur
1433 3158 1656 3228 scireque
1693 3160 1890 3229 nequit,
1922 3168 1974 3215 et

95 3272 120 3302 «
151 3267 264 3320 qnae
300 3255 554 3320 apparent
592 3250 643 3301 in
676 3248 821 3317 coelo,
852 3250 1068 3320 perinde
1102 3267 1158 3303 se
1193 3251 1402 3320 habere,
1432 3268 1492 3305 ae
1522 3254 1567 3305 si
1601 3252 1793 3307 (liceret
1814 3253 1971 3327 Vir-921-

96 3369 121 3397 «
150 3347 315 3402 lianus
349 3345 560 3402 AEneas.
594 3376 662 3386 —
698 3344 967 3415 SecundO,
999 3346 1195 3419 pagina
1237 3347 1289 3416 7,
1320 3347 1627 3404 versiculus
1680 3351 1814 3406 addo
1849 3370 1970 3407 cor-

96 3465 123 3495 α
148 3443 360 3514 rigatur
410 3444 468 3498 in
507 3445 653 3499 hunc
694 3442 919 3498 modum
954 3463 965 3495 :
1015 3443 1162 3498 Addo
1203 3445 1360 3499 etiam
1406 3446 1676 3518 difficilius
1714 3467 1817 3505 non
1857 3469 1969 3506 esse

100 3560 126 3590 α
154 3548 383 3596 contento
424 3548 471 3595 et
502 3540 694 3608 locata,
739 3539 873 3611 qnod
911 3545 987 3593 est
1026 3545 1187 3605 terra,
1219 3547 1411 3595 motum
1447 3542 1757 3616 adscribere,
1815 3566 1968 3619 qnam

327 3665 376 3696 ιι.
1188 3689 1214 3710 ,
1664 3656 1688 3700 2
1721 3643 1746 3684 tt
