2262 3990
854 161 979 209 PARS
1005 159 1207 207 TERTIA.
1883 156 1966 204 521
2008 180 2010 183 >

110 289 267 347 agere
282 278 333 330 et
347 271 663 339 decernere,
685 273 867 344 posset
883 267 1045 341 Papa,
1066 283 1164 341 pro
1184 280 1443 340 suprema
1461 280 1561 320 sua
1581 261 1638 318 in
1651 261 1804 337 ipsos
1821 279 1971 318 scor-

110 370 217 426 sim
243 377 493 444 sumptos
515 366 865 435 auctoritate,
892 363 1126 447 singulis
1151 363 1207 418 id
1226 362 1410 436 ipsum
1438 358 1752 436 prohibere,
1782 358 1838 414 id
1866 365 1970 428 est,

110 485 181 523 ne
206 466 485 524 collective
513 469 675 538 agant
707 470 761 520 et
786 463 888 518 hoc
914 462 997 519 vel
1022 461 1162 517 illud
1183 461 1479 517 decernant
1502 484 1512 527 ;
1545 463 1978 530 tenerenturque

112 564 317 637 singuli
369 563 769 636 obtemperare,
809 577 911 617 nec
951 559 1180 635 proinde
1210 564 1431 634 possent
1471 556 1753 613 collective
1794 573 1973 628 agere.

114 660 287 733 Igitur
311 659 432 715 duae
464 658 581 714 istae
613 673 887 731 supremae
921 661 1217 730 potestates
1258 655 1494 711 invicem
1530 671 1649 710 sese
1683 652 1975 709 eliderent.

114 757 378 812 Remanet
398 772 526 827 ergo
548 753 746 827 Papam
771 750 1103 825 simpliciter
1126 768 1156 805 a
1177 751 1394 807 Christo
1419 751 1785 807 constitutum
1810 749 1982 805 fuisse

107 860 369 926 pastorem
394 851 601 918 ovium,
638 849 693 903 id
719 854 822 915 est,
866 846 1282 921 Episcoporum,
1323 846 1489 902 etiam
1529 847 1808 903 collective
1831 864 1982 902 sum-

112 954 353 1021 ptorum.
382 946 488 1001 Nec
520 948 704 1016 pastor
729 959 862 998 sanc
892 940 1031 997 foret
1060 957 1226 1012 quem
1257 947 1508 1012 regerent
1542 959 1670 997 oves
1699 941 1985 997 collective

113 1050 362 1117 sumptae,
403 1046 455 1097 et
483 1041 578 1113 qui
615 1038 805 1096 ovibus
847 1037 1131 1094 collective
1162 1035 1396 1110 sumptis
1425 1036 1652 1093 obedire
1678 1043 1980 1095 teneretur.

868 1353 1116 1415 CAPUT
1170 1354 1230 1413 II

635 1551 1060 1587 AnGUMEn’TvM
1084 1551 1124 1586 E
1147 1549 1465 1587 CONC’lLssS.

194 1736 245 1790 1.
285 1735 365 1790 Ea:
397 1734 705 1789 oecumenicct
736 1733 931 1804 synodo
968 1732 1250 1804 Ephesum,
1298 1749 1432 1785 anno
1473 1731 1600 1786 4511.
1631 1763 1699 1771 —
1725 1731 1782 1785 ln
1825 1733 1984 1803 actis,

117 1830 329 1885 actione
371 1849 432 1898 11,
483 1833 782 1884 occurrunt
828 1828 941 1881 haec
986 1825 1218 1899 Philippi
1265 1826 1417 1880 Sedis
1462 1826 1777 1899 apostolicae
1822 1828 1988 1899 legati

116 1926 275 1981 verba
303 1946 313 1977 ε
341 1946 367 1977 «
394 1925 605 1979 Gratias
632 1923 850 1995 agimus
881 1926 1082 1977 sanctae
1113 1921 1547 1993 venerandaeque
1576 1922 1805 1999 synon
1843 1924 1989 1995 quod

115 2022 312 2078 litteris
348 2021 523 2076 sancti
564 2020 819 2092 beatique
863 2020 1016 2093 Papae
1059 2019 1233 2075 nostri
1276 2019 1432 2075 vohis
1479 2019 1752 2089 recitatiS,
1800 2027 1989 2076 sancta

117 2121 363 2187 membra,
406 2119 610 2173 sanctis
646 2117 841 2173 vestris
870 2117 1117 2185 vocibuS,
1149 2124 1329 2171 sarecto
1365 2120 1540 2190 capiti,
1579 2118 1785 2173 sanctis
1819 2118 1988 2173 etiam

119 2213 313 2267 vestris
347 2212 836 2267 exclamationibus
872 2230 965 2266 vos
1006 2212 1390 2283 adjunxeritis.
1425 2212 1537 2265 Non
1582 2212 1732 2266 enim
1773 2212 1989 2284 ignorat

122 2315 297 2363 vestra
327 2308 605 2363 beatitudo
634 2309 803 2363 totius
829 2308 953 2363 fidei
977 2308 1060 2362 vel
1087 2308 1253 2363 etiam
1283 2309 1656 2381 apostolorum
1690 2318 1846 2382 caput
1873 2327 1992 2366 csse

122 2406 342 2460 beatum
375 2406 683 2479 apostolum
708 2406 973 2461 Petrum»
1007 2406 1171 2478 (apud
1200 2405 1397 2477 Labbc‚
1428 2412 1576 2461 tomo
1607 2407 1692 2477 ΙΙΙ,
1722 2408 1823 2462 col.
1858 2409 1984 2473 6193

120 2502 359 2571 ParisiiS,
388 2503 577 2574 1671).
618 2503 695 2558 lbi
733 2503 1077 2575 distinguens
1116 2505 1324 2576 legatus
1356 2505 1558 2578 Papam
1600 2505 1745 2560 inter
1776 2512 1828 2561 ct
1864 2506 1989 2560 rcli-

121 2616 286 2670 quam
328 2601 621 2672 synodum,
655 2618 910 2674 expresse
945 2601 1142 2656 asserit
1170 2601 1371 2675 Papam
1410 2619 1528 2657 csse
1567 2611 1741 2675 capnt,
1778 2610 1829 2658 ct
1864 2603 1992 2657 reli-

120 2713 258 2767 quos
296 2696 500 2768 PatreS,
539 2696 596 2751 in
635 2703 760 2752 actu
801 2690 1080 2754 collectivo
1115 2704 1168 2754 ct
1207 2699 1478 2773 synodali,
1521 2699 1696 2755 fuisse
1738 2703 1990 2765 membra;

122 2795 284 2860 atque
322 2791 375 2845 id
405 2792 692 2848 confirmat
729 2811 791 2849 ea
826 2794 1066 2866 ratione,
1102 2795 1249 2867 quod
1286 2796 1478 2851 Petrus
1518 2797 1588 2852 sit
1629 2806 1784 2869 caput
1820 2798 1992 2852 totius

124 2884 269 2951 fidei,
315 2892 366 2940 et
409 2887 571 2942 etiam
615 2891 1008 2962 apostolorum.
1051 2891 1150 2946 Cui
1198 2892 1462 2948 doctrinae
1512 2911 1804 2948 assensum
1853 2912 1990 2967 prae-

125 2979 309 3034 buissc
342 2981 526 3037 Patres
557 2982 884 3056 EphesinoS,
919 2987 1005 3042 vel
1037 3005 1100 3042 ex
1127 2990 1230 3044 hoc
1256 2989 1541 3060 colligitur
1584 2989 1730 3060 quod
1762 3007 1870 3044 non
1906 3007 1990 3044 re-

123 3076 497 3132 clamaverint.
544 3079 661 3134 Jam
699 3098 825 3136 vero
875 3082 921 3136 si
963 3083 1104 3156 Papa
1158 3095 1270 3139 no'n
1326 3093 1466 3141 esset
1509 3103 1672 3157 supra
1719 3086 1990 3158 reliquam

124 3173 419 3245 synodum,
457 3191 741 3248 perperam
771 3178 951 3234 dictus
978 3179 1172 3235 suisset
1212 3190 1384 3254 caput,
1413 3188 1463 3236 et
1501 3181 1593 3236 alii
1632 3182 1816 3238 Patres
1854 3202 1988 3256 qua-

125 3277 284 3324 tenus
325 3270 657 3342 synodaliter
699 3273 1051 3345 procedentes
1096 3275 1229 3331 dicti
1274 3278 1511 3333 fuissent
1552 3281 1802 3336 membra.
1853 3282 1986 3337 Nam

123 3366 343 3438 quando
374 3366 552 3438 agitur
578 3368 643 3422 de
668 3386 895 3442 corpore
920 3371 1140 3442 morali,
1168 3391 1263 3428 seu
1291 3374 1357 3429 de
1392 3375 1578 3448 aliqua
1608 3377 1887 3447 socictate,
1925 3398 1987 3436 ex

124 3478 227 3515 usu
256 3462 585 3535 populorum
608 3471 660 3519 ct.
680 3464 1002 3521 idiomatum
1026 3468 1299 3542 omnium,
1324 3477 1535 3527 certum
1555 3480 1635 3529 est
1659 3475 1879 3530 nomine
1902 3495 1984 3532 ca-

118 3561 244 3629 pitis
269 3560 540 3633 designari
570 3562 908 3637 superiorem
926 3607 940 3634 ,
969 3571 1022 3621 ct
1050 3567 1274 3623 nomine
1298 3572 1640 3627 membrorum
1666 3573 1974 3631 inferiores
