2306 4010
867 176 993 222 PARS
1024 174 1262 222 SECUNDA.
1949 176 2010 221 45

201 288 256 344 4⁰
290 286 406 341 lmo
437 301 539 341 nec
570 283 747 357 ipsam
781 280 1231 356 procurationem
1264 284 1550 352 acceptare
1572 286 1878 354 potuerunt
1901 281 2008 338 nisi

37 401 42 404 ·
124 401 358 445 summae
382 378 851 457 praevaricationis
886 394 1005 434 sese
1041 394 1163 432 reos
1199 375 1469 432 faciendo·
1505 375 1637 431 Nam
1680 377 1738 432 in
1777 397 1840 434 ea
1882 398 2009 454 pro-

123 480 427 548 curatione,
450 478 614 551 jussu
639 475 782 548 regis
807 473 1076 547 injuncta,
1105 472 1384 548 deputatis
1409 474 1799 531 conferebatur
1824 476 2009 546 charye

124 587 173 633 et
214 577 545 632 mcmdement
582 577 766 646 expres
808 569 1123 641 d’employer
1168 577 1334 625 toutes
1373 571 1445 626 les
1491 573 1634 626 voies
1678 572 2009 628 convenables

117 695 254 749 pom·
292 684 508 747 reparer
536 673 611 727 les
650 667 1073 725 contraventions
1116 667 1203 736 qni
1249 670 1338 721 ont
1380 672 1465 723 e'te'
1501 671 1770 725 commises
1808 688 1909 742 par
1956 672 2009 726 Ia

120 791 244 828 cour
284 773 347 827 de
372 770 531 825 Rome
569 783 675 822 aux
710 766 907 825 de'crets
948 763 1018 817 clu
1059 764 1362 817 concordat.
1400 765 1527 820 Tale
1564 766 1891 822 mandatum
1921 786 2008 823 ac-

116 867 400 942 ceptandO,
430 867 533 920 hoc
558 863 676 937 ipso
715 879 874 917 reum
910 865 1060 915 certo
1095 859 1484 934 supponebant
1518 860 1833 918 Romanum
1867 866 2006 919 Pon-

112 967 336 1030 tificem,
379 968 432 1018 et
474 960 580 1017 sibi
613 960 707 1034 jus
736 958 1059 1015 tribuebant
1097 956 1284 1031 ipsum
1317 956 1605 1031 judicandi
1641 965 1694 1014 et
1744 962 2002 1018 condem—

113 1060 299 1118 nandi.
331 1060 458 1124 Quae
483 1056 841 1133 praesumptio
866 1074 1086 1112 summa
1111 1073 1243 1110 sane
1275 1055 1654 1127 praevaricatio
1680 1056 1806 1114 fuit.

189 1163 243 1217 5⁰
285 1158 509 1215 Excludi
546 1157 735 1213 debuit
773 1160 1079 1212 conventus
1125 1172 1327 1229 praeses
1366 1153 1824 1229 Archiepiscopus
1853 1158 1999 1214 Pari-

61 1271 64 1273 *
109 1258 304 1315 siensis
330 1258 397 1313 de
422 1257 641 1331 Harlay,
673 1273 742 1311 ne
761 1256 899 1310 soret
919 1254 1091 1328 judex
1119 1253 1175 1308 in
1200 1254 1423 1328 propria
1450 1272 1638 1310 causa.
1665 1256 1817 1319 Quod
1846 1258 1996 1313 enim

110 1373 235 1428 erga
279 1353 546 1410 moniales
576 1353 644 1408 de
686 1354 974 1408 Charonna
1008 1358 1122 1407 tam
1157 1351 1365 1424 injuste
1401 1371 1463 1406 ac
1493 1353 1817 1410 scandalose
1845 1373 1996 1427 pere-

109 1457 282 1525 gerat,
329 1451 440 1506 duo
484 1449 791 1506 Innocentii
835 1449 990 1522 Papa}
1041 1448 1105 1501 XI
1145 1448 1330 1503 brevia
1367 1448 1889 1519 condemnaverant,
1928 1452 1999 1507 si·

111 1550 364 1622 gnificata
403 1547 734 1620 injustitiam
771 1546 1083 1619 corrigendi
1122 1546 1477 1618 obligatione.
1514 1547 1571 1602 Id
1598 1566 1741 1621 aegre
1768 1549 1996 1606 ferebat.

110 1648 376 1702 Caeterum
418 1645 475 1700 in
529 1645 634 1700 isto
677 1644 898 1716 negotio
942 1661 1235 1716 perperam
1283 1643 1480 1715 egisse,
1531 1663 1641 1699 non
1687 1645 2000 1701 Romanurn

108 1744 445 1809 Pontificem,
474 1743 568 1798 sed
603 1742 938 1815 guberninm
967 1748 1019 1796 et
1046 1740 1411 1796 parisiensem
1437 1742 1752 1811 Praesulem,
1786 1745 2001 1801 confes-

108 1860 203 1897 sus
236 1846 318 1895 est
353 1839 618 1895 Gallicani
658 1838 975 1913 systematis
1007 1837 1403 1893 tenacissimus
1428 1839 1464 1892 F
1469 1838 1645 1912 leury,
1674 1846 1842 1913 prout
1875 1859 2003 1896 con-

107 1943 213 1993 stat
238 1940 262 2009 ἓ
288 1938 312 1992 ‘l
330 1981 343 2005 ,
366 1937 700 1992 documento
727 1936 787 1990 11.
815 1937 979 1991 Porro
1007 1935 1063 1989 in
1083 1942 1356 1991 conventu
1388 1935 1517 1990 anni
1539 1936 1682 1992 4682
1713 1944 1896 1994 actum
1917 1946 2000 1996 est

106 2034 172 2090 de
201 2034 304 2090 isto
338 2035 576 2106 negotio,
606 2033 1011 2090 interveniente
1054 2033 1482 2108 Areliiepiscopo
1518 2034 1586 2090 de
1619 2035 1839 2110 Harlay,
1883 2056 1994 2092 non

107 2137 369 2203 tanquam
395 2132 645 2186 membro
672 2130 983 2198 dumtaxat,
1020 2130 1115 2186 sed
1136 2137 1397 2203 tanquam
1421 2131 1673 2205 praeside.
1708 2132 1849 2188 Sane
1869 2152 1993 2189 cuni

108 2229 355 2284 infensus
377 2229 617 2285 Romano
639 2228 886 2284 Pontifici
903 2229 1153 2301 legitime
1185 2237 1639 2301 praesumeretur,
1673 2249 1783 2286 non
1805 2233 1994 2289 debuit

110 2345 206 2398 pro
246 2326 512 2381 tribunali
550 2327 766 2393 sedere,
818 2327 876 2380 in
913 2345 1079 2381 causa
1124 2327 1371 2398 ejusdem
1415 2327 1649 2381 Romani
1690 2329 1989 2386 PontificiS.

109 2421 493 2478 Excludendus
527 2422 756 2496 insuper
789 2423 857 2478 ob
901 2421 1380 2497 impudicitiarum
1417 2441 1647 2478 suarum
1692 2425 1992 2481 notorieta-

109 2526 218 2574 tem
265 2525 316 2574 et
376 2520 720 2574 scandalum.
774 2519 945 2574 Pudet
995 2520 1327 2575 documenta
1376 2519 1465 2574 hic
1524 2538 1820 2592 congerere
1870 2542 1993 2595 quae

105 2614 368 2670 effrenem
397 2614 599 2688 perditi
642 2615 808 2688 liujus
845 2615 946 2670 viri
972 2615 1253 2692 luxuriam
1284 2621 1578 2672 testantur.
1606 2617 1686 2670 Ad
1719 2617 1995 2674 Fenelonii

106 2710 490 2766 testimonium
543 2713 590 2784 (ἓ
622 2711 674 2780 1,
720 2711 1122 2768 documentum
1154 2713 1279 2774 XXI)
1324 2714 1585 2769 lectorem
1629 2714 1994 2786 remittimuS‚

77 2794 321 2862 *necnon
350 2807 415 2862 ad
452 2815 637 2863 notam
673 2808 742 2863 ad
766 2808 972 2864 calcem
999 2808 1302 2864 voluminis
1339 2809 1596 2883 positam.

180 2905 236 2958 6⁰
276 2904 505 2960 Excludi
542 2904 855 2961 debuerunt
891 2906 1143 2980 deputati
1180 2906 1412 2962 secundi
1449 2907 1671 2963 Ordinis
1704 2908 1991 2981 Coquelin,

107 2999 314 3055 Cheron
337 3006 390 3056 et
415 3002 694 3070 Courcier,
719 3021 847 3058 cum
876 3003 1225 3059 notorietatis
1250 3004 1479 3078 publicae
1506 3006 1643 3062 soret
1670 3025 1763 3062 eos
1797 3026 1994 3082 procu-

112 3103 267 3152 rante
295 3099 718 3174 Archiepiscopo
753 3101 820 3156 de
846 3100 1045 3176 Harlay
1065 3101 1267 3157 electos
1295 3101 1485 3173 fuisse,
1518 3109 1572 3158 et
1595 3103 1773 3159 eidem
1804 3104 1996 3160 Archi-

107 3194 360 3268 episcopo
386 3195 656 3252 serviliter
688 3198 957 3255 addictos
1002 3201 1173 3255 Causa
1213 3200 1549 3255 exclusionis
1581 3202 1994 3277 Archiepiscopi

106 3291 270 3346 etiam
296 3292 474 3365 quoad
504 3291 636 3347 istos
662 3295 898 3351 valebat.

183 3387 235 3441 7⁰
275 3387 504 3443 Excludi
528 3388 843 3446 debuerunt
870 3396 984 3447 tres
1010 3392 1301 3448 Antistites
1334 3394 1402 3449 de
1437 3394 1672 3463 Colbert,
1711 3395 1988 3466 videlicet,

106 3483 396 3558 Coadjutor
426 3485 901 3558 RotliomagensiS,
934 3486 1236 3562 Episcopus
1266 3489 1730 3551 Montalbanensis
1758 3502 1810 3551 et
1835 3495 1987 3570 Epis·

106 3599 277 3655 copus
301 3582 800 3639 Antissiodorensis
823 3607 832 3649 3
868 3601 1107 3655 quorum
1134 3604 1281 3641 unus
1306 3586 1456 3645 filius
1482 3591 1725 3648 ministri
1747 3595 1992 3665 Colbert,
