2306 4010
183 150 186 153 '
229 145 286 192 60
891 133 1182 187 TRACTATUS
1213 132 1278 178 DE
1306 131 1451 180 PAPA.
1531 153 1537 157 ,

222 259 313 311 tus
345 253 404 308 in
441 254 629 309 locum
658 247 909 324 supremi
955 238 1467 300 controversiarum
1490 238 1620 296 fidei
1656 237 1867 313 judicis
1894 254 2017 294 sese
2041 237 2129 293 in-
2200 245 2208 248 ”

226 353 453 410 trudere
478 369 650 408 ausus
677 355 780 417 est,
802 353 853 402 et
883 344 1000 414 ejus
1027 345 1366 415 potestatem
1390 357 1688 414 usurpare.
1715 337 1874 402 Quod
1900 337 2131 412 quidem

231 456 562 508 attentatum
590 466 652 503 eo
687 447 846 519 pejus
884 439 991 496 fuit
1034 438 1184 511 quod
1229 437 1507 508 doctrina,
1559 438 1641 494 sic
1691 437 2005 512 proscripta
2033 455 2132 512 per

231 550 474 606 edictum
507 566 535 602 a
566 547 840 600 conventu
875 539 1010 596 cleri
1040 541 1387 614 postulatum
1414 543 1466 595 et
1504 539 1824 608 obtentum,
1863 542 2011 594 esset
2033 536 2132 593 illa

228 648 347 721 ipsa
367 661 535 717 quam
564 641 737 697 solam
759 639 926 695 Sedes
948 639 1255 714 apostolica
1289 644 1612 695 constanter
1639 637 1935 712 probabat,
1961 655 2132 711 quam

226 741 565 817 unanimiter
594 746 656 796 ut
689 745 896 795 certam
925 744 976 794 et
1003 739 1306 795 tenendam
1336 739 1632 795 tradebant
1667 738 1920 794 doctores
1945 737 2133 792 catho-

226 834 342 911 lici,
371 839 438 896 de
472 857 580 913 qua
611 838 910 894 Suaresius
937 836 1157 893 dixerat
1189 859 1199 891 ε
1233 837 1357 893 Haec
1384 846 1462 893 est
1495 838 1873 894 catholicorum
1899 839 2134 892 omnium

226 942 508 1008 sententia,
544 939 705 1012 cujus
749 937 1065 1012 oppositam
1109 936 1487 993 Bellarminus
1520 937 1703 992 haeresi
1749 938 2050 1011 proximam
2082 939 2134 990 et

226 1048 364 1096 certo
394 1057 667 1095 erroneam
696 1036 1182 1112 pronuntiaverat.
1223 1035 1499 1109 Equidem
1532 1035 1754 1109 regium
1788 1054 1958 1112 suum
1990 1032 2135 1090 edic-

222 1143 344 1193 tum
375 1135 658 1209 abrogavit
696 1134 1006 1190 Ludovicus
1037 1133 1165 1191 XIV.
1207 1134 1273 1190 At
1319 1139 1537 1190 certum
1591 1138 1850 1188 remanet
1882 1131 2131 1187 edictum

219 1238 370 1294 istud
403 1255 432 1292 a
467 1241 742 1291 conventu
771 1234 904 1290 cleri
939 1234 1337 1308 approbatum,
1361 1233 1709 1307 postulatum
1745 1236 1798 1287 et
1835 1231 2133 1286 obtentum

228 1336 419 1391 fuisse.
448 1368 522 1375 ——-
549 1335 602 1389 ‘2⁰
624 1333 743 1388 Alio
769 1333 936 1388 etiam
965 1350 1029 1388 ex
1054 1332 1235 1406 capite
1258 1332 1600 1388 intrusionis
1632 1350 1762 1387 reus
1782 1329 2137 1386 convincitur

223 1436 407 1492 dictus
435 1441 762 1490 conventus.
802 1434 1028 1489 Certum
1055 1451 1258 1507 nempe
1278 1451 1464 1488 causas
1492 1435 1722 1506 majores
1746 1449 1869 1487 esse
1886 1431 2137 1485 Romano

223 1533 475 1590 Pontifici
518 1539 851 1589 reservatas
894 1532 1003 1588 Nec
1054 1531 1243 1586 minus
1270 1537 1488 1586 certum
1514 1532 1802 1604 majoribus
1844 1530 2016 1584 causis
2046 1544 2139 1599 po-

227 1630 514 1686 tissimum
551 1630 1005 1685 adnumerandas
1053 1630 1120 1685 de
1154 1630 1262 1685 fide
1286 1647 1384 1684 seu
1413 1630 1671 1702 dogmate
1705 1625 2135 1683 controversias.

229 1729 292 1784 Et
320 1727 634 1800 dogmatica
665 1746 794 1782 sane
836 1734 1080 1799 quatuor
1113 1727 1482 1782 articulorum
1518 1726 1776 1782 materia.
1829 1725 1940 1780 Nec
1987 1724 2139 1778 dixe-

230 1832 366 1881 runt
414 1827 583 1899 hujus
629 1832 932 1882 conventus
971 1825 1210 1899 praelati,
1242 1826 1350 1880 haec
1379 1844 1703 1879 DECLARANDA
1730 1842 1842 1879 esse
1870 1823 2135 1890 (luximuS,

231 1923 393 1996 quasi
426 1922 792 1978 doctrinalem
826 1922 1117 1977 dumtaxat
1143 1921 1465 1995 opinionem
1501 1921 1882 1995 exprimentes
1914 1925 1966 1975 et
1999 1918 2139 1974 libe-

230 2041 350 2078 ram
392 2023 702 2097 oppositam
744 2022 1165 2096 relinquentes3
1219 2022 1314 2077 sed
1370 2021 1634 2077 dixerunt
1671 2022 1786 2076 haec
1828 2019 2138 2075 sancienda.

227 2120 531 2177 Voluerunt
579 2139 782 2195 nempe
830 2119 1140 2175 doctrinam
1186 2138 1215 2174 a
1259 2137 1316 2174 se
1357 2124 1627 2174 assertam
1673 2118 2042 2190 obliyatoi'iain
2080 2115 2140 2170 in

228 2221 476 2277 docendo
507 2219 626 2274 fieri
652 2262 665 2288 ,
713 2224 764 2275 et
816 2218 1129 2292 oppositam
1165 2217 1463 2273 efficaciter
1493 2235 1521 2272 e
1570 2216 1777 2271 scholis
1815 2222 1866 2271 et
1895 2215 2134 2290 scriptis

227 2316 446 2391 expelli.
472 2317 550 2371 Ad
572 2317 719 2389 quod
747 2316 1108 2390 postularunt
1137 2323 1188 2372 ct
1215 2316 1585 2371 obtinuerunt
1613 2315 1863 2371 edictum
1891 2314 2132 2388 regium.

225 2417 401 2490 Igitur
451 2416 527 2471 ita
566 2416 985 2490 pronuntiando
1033 2422 1085 2471 et
1137 2415 1564 2490 proscribendo,
1613 2418 1865 2489 majorem
1921 2432 2134 2469 causam

230 2514 496 2570 dirimere
523 2513 642 2568 ausi
676 2520 830 2583 sunt,
860 2521 912 2569 ct
952 2513 1236 2587 propriam
1267 2513 1424 2569 Sedis
1449 2513 1780 2588 Apostolicae
1799 2518 2132 2586 potestatem

235 2613 584 2669 invaserunt.

237 2818 261 2869 S
290 2817 327 2861 6,
351 2839 403 2846 -
421 2817 633 2864 Quomodo
658 2817 687 2857 ii
713 2817 786 2869 qui
811 2818 1030 2858 conventui
1058 2819 1155 2858 anni
1180 2818 1284 2859 168²]
1311 2819 1605 2869 interfuerant,
1629 2832 1820 2872 quosque
1841 2819 1926 2859 Rex
1949 2819 2000 2858 ad
2026 2818 2147 2859 sedes

292 2886 550 2938 Episcopales
574 2890 714 2937 postea
737 2886 980 2934 nominavit,
1014 2899 1122 2927 anno
1163 2887 1264 2927 1695
1297 2900 1460 2928 summo
1488 2889 1676 2928 Pontifici
1704 2887 2002 2934 satisfecerint3
2031 2891 2071 2926 et
2095 2899 2149 2926 an

286 2967 435 2995 eorum
459 2955 631 3007 epistola
653 2955 781 2995 fuerit
806 2967 899 2995 vera
924 2956 1165 2996 retractatio
1191 2968 1266 2996 seu
1288 2957 1528 3008 reprobatio
1553 2956 1847 2997 declarationis
1873 2954 1968 2995 anni
1991 2953 2114 2994 1682.

307 3100 415 3156 Hac
456 3101 523 3156 de
559 3119 621 3157 re
660 3102 1024 3175 subjiciemus
1069 3103 1253 3178 primo
1301 3103 1663 3158 documenta.
1704 3102 1843 3157 Tum
1887 3101 2145 3174 exquire-

235 3218 362 3255 mus
407 3218 477 3254 an
512 3200 793 3256 dictorum
828 3203 1254 3258 nominatorum
1298 3200 1497 3257 littcrae
1529 3200 1740 3258 fuerint
1765 3218 1896 3256 vera
1936 3207 2143 3256 retrac-

236 3300 372 3355 tatio
408 3319 505 3356 seu
530 3301 848 3376 reprobatio
876 3302 1270 3359 declarationis
1306 3301 1442 3358 anni
1475 3301 1644 3358 1682.

314 3397 354 3453 I.
389 3399 808 3457 Praemittuntur
833 3401 1186 3457 documenta.
1242 3385 1246 3387 Α
1591 3459 1594 3462 ⁴

312 3498 636 3554 Docomsswrom
660 3501 699 3554 Ι.
719 3535 786 3542 -
807 3502 1127 3576 Eoecerptum
1160 3520 1226 3557 ex
1246 3521 1402 3576 opere
1418 3502 1714 3559 Nouveaux
1737 3499 2050 3573 Opuscules
2077 3499 2143 3555 dc

237 3594 456 3669 Fleury,
499 3605 712 3654 auctore
743 3599 953 3672 Emery.
980 3632 1046 3642 --
1078 3621 1105 3652 ι(
1138 3600 1206 3656 Μ.
1241 3601 1440 3674 Fleury
1493 3618 1638 3655 nous
1683 3597 1896 3653 fournit
1937 3616 2138 3655 encore
