2262 3990
838 165 968 238 rins
996 163 1190 214 raam.
1868 160 1956 212 5⁵⁵

87 273 242 348 rapae
262 271 374 328 vim
395 287 615 328 omnem
645 269 924 343 obligandi
958 268 1226 340 adimere,
1260 268 1307 326 si
1332 269 1433 325 hoc
1458 285 1571 324 non
1605 265 1794 336 faciat,
1822 264 1962 322 obli-

85 367 295 443 gatoria
317 367 542 441 quidem
565 372 728 424 erunt
753 366 858 424 ista
882 365 1119 438 decreta,
1145 365 1323 440 quoad
1366 363 1656 439 Episcopos
1679 361 1952 436 singuloS,

79 463 186 521 sed
208 465 277 520 ob
293 465 684 539 permissionem
710 480 810 519 seu
841 480 1142 519 consensum
1171 461 1515 519 collectionis
1532 460 1950 536 Episcoporum.

85 560 318 617 Proinde
341 560 686 634 obligabunt,
725 577 839 616 non
867 559 918 616 vi
950 559 1198 634 propria,
1232 576 1331 616 seu
1355 563 1684 616 auctoritate
1716 557 1832 614 sola
1856 556 1959 612 Ro·

85 658 236 716 mani
255 657 551 725 Pontificis3
568 657 662 714 sed
678 658 748 713 ob
770 656 1154 714 auctoritatem
1170 657 1514 714 collectionis
1534 657 1955 732 Episcoporum.

83 757 255 832 Igitur
280 757 365 812 vel
393 757 536 831 Papa
573 774 687 812 non
719 756 908 811 subest
929 754 1242 810 auctoritati
1266 754 1664 830 Episcoporum
1689 754 1955 812 collective

85 861 424 929 sumptorum,
457 853 541 910 vel
580 858 907 928 potestatem
934 869 1043 907 non
1072 851 1240 907 habet
1272 851 1573 926 Episcopos
1598 852 1963 927 singulariter

86 958 338 1028 sumptos
370 936 744 1007 decretissuis
770 948 1073 1022 obligandi.

161 1050 215 1107 2⁰
237 1049 385 1105 Idem
412 1047 520 1104 alio
545 1047 710 1103 modo
748 1046 827 1102 sic
866 1045 1236 1102 demonstrari
1263 1050 1444 1120 potest
1472 1066 1482 1100 ε
1513 1064 1902 1121 supponamus
1929 1067 1957 1105 a

87 1150 326 1207 Romano
353 1147 609 1203 Pontifice
636 1145 853 1202 definiri
874 1151 925 1201 et
951 1145 1291 1201 credendum
1320 1145 1545 1219 praecipi
1565 1145 1806 1218 aliquem
1834 1147 1959 1203 fidei

88 1248 406 1306 articulum.
441 1246 513 1301 Ex
543 1264 652 1302 una
672 1251 827 1319 parte
848 1244 1081 1316 quilibet
1110 1243 1409 1318 Episcopus
1436 1243 1670 1300 seorsim
1700 1250 1962 1318 sumptus

91 1351 304 1400 tenetur
320 1341 560 1413 obedire,
583 1340 637 1396 id
652 1347 755 1410 est,
771 1340 1069 1395 articulum
1086 1339 1244 1394 illum
1262 1357 1454 1395 verum
1483 1338 1737 1406 credere3
1763 1348 1815 1396 et
1838 1340 1960 1412 qui-

93 1441 215 1497 dem
252 1458 362 1496 non
381 1447 601 1496 externe
619 1444 836 1494 tantum
865 1438 958 1493 sed
984 1437 1200 1493 interne
1218 1443 1353 1492 etex
1387 1437 1607 1500 animo;
1640 1437 1806 1509 idque
1845 1438 1963 1493 sine

93 1552 244 1590 mora
268 1552 365 1591 seu
385 1541 680 1607 antequam
706 1532 1000 1589 accesserit
1018 1550 1079 1588 ac
1099 1532 1401 1588 innotuerit
1422 1533 1665 1588 ecclesiae
1691 1533 1964 1589 universae

92 1649 420 1699 consensus;
471 1632 518 1687 si
547 1631 770 1706 quidem
803 1648 867 1686 ex
915 1631 1201 1706 hypothesi
1245 1636 1506 1687 tenentur
1549 1631 1802 1706 Episcopi
1851 1635 1962 1687 sin-

89 1728 337 1798 yulariter
359 1731 550 1800 sumpti
582 1728 736 1802 Papae
774 1727 1008 1783 decretis
1040 1726 1282 1783 obedire.
1318 1727 1392 1782 Ex
1427 1728 1598 1783 altera
1626 1745 1751 1783 vero
1785 1732 1959 1800 parte,

89 1825 255 1881 iidem
286 1826 539 1901 Episcopi
585 1832 860 1898 quatenus
903 1825 1162 1880 collective
1204 1828 1428 1898 sumpti,
1471 1843 1581 1879 non
1620 1826 1964 1881 tenebuntur

86 1922 314 1979 Romani
371 1923 644 1979 Pontificis
685 1923 992 1979 definitioni
1038 1941 1159 1979 sese
1202 1923 1497 1995 subjicere,
1537 1942 1666 1979 cum
1721 1924 1963 1979 babeant

87 2036 402 2094 supremam
421 2019 808 2075 auctoritatem
837 2025 890 2074 et
912 2020 1022 2075 sint
1049 2037 1215 2093 supra
1241 2019 1459 2093 Papam.
1477 2020 1647 2092 Igitur
1666 2019 1835 2076 iidem
1866 2022 1964 2075 ho-

92 2116 268 2172 mines
306 2117 647 2172 tenebuntur
689 2116 857 2172 simul
898 2123 950 2171 et
987 2135 1098 2172 non
1135 2117 1475 2173 tenebuntur
1516 2135 1699 2173 veram
1736 2119 1963 2173 credere

96 2214 347 2269 eamdem
381 2214 613 2268 Romani
639 2214 918 2270 Pontiticis
943 2214 1343 2269 definitionem.
1371 2215 1475 2269 Nec
1502 2215 1720 2269 dicatur
1757 2238 1767 2269 ε
1814 2222 1967 2270 tene-

92 2311 302 2366 buntur
327 2319 597 2383 antequam
634 2312 916 2367 collective
944 2329 1104 2383 agere
1130 2311 1418 2385 coeperint,
1452 2330 1564 2366 non
1591 2320 1799 2384 postea.
1831 2312 1962 2366 Nam

93 2410 254 2466 etiam
288 2409 366 2464 sic
389 2415 634 2464 remanet
659 2409 1090 2482 impossibilitas,
1113 2414 1165 2463 ct
1184 2409 1519 2465 absurditas
1545 2409 1965 2464 Consideremus

93 2507 330 2580 aliquem
359 2508 687 2583 Episcopum
726 2507 959 2563 seorsim
1001 2515 1312 2581 sumptum,
1345 2514 1644 2579 antequam
1685 2508 1967 2563 collective

95 2621 254 2678 agere
270 2605 537 2677 coeperint
564 2603 988 2678 Episcopi.Sane
1014 2604 1116 2659 istc
1136 2603 1436 2677 Episcopus
1455 2604 1736 2659 tenebitur
1764 2605 1970 2676 absque

94 2698 208 2755 ulla
238 2699 580 2755 dubitatione
634 2718 694 2756 ac
741 2700 1056 2756 conditione
1093 2719 1284 2756 verum
1321 2701 1543 2777 credere
1582 2700 1884 2757 articulum
1935 2720 1963 2756 a

95 2794 235 2868 Papa
272 2796 583 2863 definitum;
618 2798 666 2854 si
705 2798 929 2871 quidem
959 2804 1115 2854 actus
1145 2798 1430 2867 credendi,
1471 2799 1568 2871 qui
1606 2817 1635 2853 a
1669 2799 1807 2872 Papa
1835 2816 1972 2872 prae-

102 2890 327 2963 cipitur,
355 2893 594 2949 excludit
621 2909 841 2951 omnem
865 2895 1298 2966 dubitationem,
1316 2896 1692 2952 conditionem
1720 2912 1966 2950 omnem.

102 2986 276 3043 Simul
289 2994 471 3044 tamen
486 2989 576 3046 hic
596 2991 741 3047 idem
757 2993 1056 3067 Episcopus
1076 2974 1225 3049 licite
1240 3000 1504 3066 tanquam
1526 2999 1740 3047 certum
1766 2992 1966 3048 admit-

104 3091 219 3140 tere
246 3083 467 3156 poterit,
502 3084 613 3141 imo
638 3092 690 3141 et
716 3086 955 3157 debebit,
989 3090 1249 3144 eumdem
1284 3089 1583 3144 articulum
1610 3105 1771 3162 posse
1798 3106 1827 3143 a
1855 3106 1969 3144 ma-

101 3181 206 3254 jori
234 3180 581 3249 auctoritate,
616 3182 669 3236 id
696 3190 798 3252 est,
831 3202 858 3238 a
882 3185 1205 3240 collectione
1230 3187 1653 3260 Episcoporum,
1687 3186 1852 3242 'aliter
1877 3187 1971 3244 de-

104 3278 252 3334 finiri
285 3295 452 3351 quam
496 3278 753 3335 delinitus
799 3280 903 3336 suit
953 3298 983 3335 a
1035 3281 1195 3356 Papa.
1245 3284 1379 3339 Item
1430 3289 1696 3356 tanquam
1750 3292 1967 3343 eertum

107 3375 399 3431 admittere
424 3375 623 3448 poterit
646 3381 697 3430 et
720 3375 960 3446 debebit,
995 3376 1140 3433 hunc
1166 3379 1465 3435 articulum
1510 3377 1823 3438 habendum
1854 3400 1971 3440 esse

107 3490 205 3546 pro
236 3472 371 3527 salso
398 3478 448 3527 et
474 3473 748 3540 baeretico,
776 3473 822 3529 si
848 3474 1015 3530 talem
1043 3493 1171 3531 eum
1197 3478 1552 3551 pronuntient
1586 3479 1837 3554 Episcopi
1863 3482 1973 3537 col-

105 3568 300 3626 lective
333 3568 566 3643 sumpti.
586 3569 750 3625 Porro
784 3576 965 3627 stante
988 3573 1092 3628 bac
1116 3572 1293 3647 ipsius
1315 3575 1557 3648 legitima
1587 3577 1967 3651 persuasione,
