2262 3990
855 162 983 210 PARS
1011 162 1209 211 TERTIA.
1884 153 1970 202 557

99 269 470 328 aristocratica
498 269 580 326 vel
606 269 996 339 democratica,
1021 285 1119 325 seu
1143 268 1345 344 Papam
1371 251 1640 323 csse‘vere
1666 281 1729 320 ac
1743 259 1988 338 proprie,

93 370 446 427 monarcham.
483 368 648 423 Porro
674 368 719 423 si
755 367 968 442 abipso
1001 366 1068 422 ad
1098 366 1393 423 concilium
1433 361 1700 439 appellari
1723 359 1971 435 legitime

94 472 302 541 posset,
330 485 440 522 non
468 471 613 522 esset
643 465 960 534 monarcha,
1006 464 1099 520 sed
1130 464 1386 520 minister
1415 462 1699 518 dumtaxat
1731 457 1968 531 alicujus

94 570 322 620 senatus
358 564 447 619 cui
475 581 735 637 suprema
784 562 1084 618 auctoritas
1123 566 1481 636 competeret.
1513 559 1731 628 Quarto,
1771 556 1838 613 de
1863 554 1973 611 fide

93 668 174 718 est
203 661 449 716 Romano
481 660 729 716 Pontifici
757 679 786 716 a
813 659 1027 715 Christo
1055 660 1301 714 traditam
1322 659 1488 730 fuisse
1510 658 1718 731 plenam
1735 661 1973 728 potesta-

96 767 196 815 tem
210 757 476 831 pascendi,
499 758 707 829 reqendi
733 774 792 811 ac
810 756 1129 827 ¹qabernamli
1153 756 1499 810 universalem
1523 753 1806 809 Ecclesiam
1829 753 1976 823 (con-

94 855 286 911 cilium
323 853 750 924 Florentinum).
784 853 940 923 Item,
969 869 1033 907 cx
1073 851 1310 906 concilio
1344 850 1690 918 TridentinO,
1732 855 1976 923 potestas

94 955 205 1009 haec
233 954 384 1028 Papae
415 970 659 1025 suprema
698 956 802 1007 est.
841 950 1008 1006 Porro
1040 948 1086 1005 si
1114 949 1180 1004 ab
1217 948 1334 1023 ipso
1363 949 1430 1003 ad
1455 948 1754 1003 concilium
1792 946 1976 1021 appel-

94 1050 194 1106 lari
222 1055 427 1125 posset,
459 1050 575 1123 ejus
603 1053 842 1122 potestas
868 1065 969 1103 nec
1000 1048 1158 1119 plena
1199 1047 1336 1103 foret
1383 1064 1481 1101 nec
1512 1063 1778 1118 suprema,
1806 1044 1978 1118 siqui-

93 1147 216 1203 dem
260 1165 425 1222 supra
471 1147 654 1221 ipsum
699 1151 840 1202 esset
891 1144 1146 1220 superior
1181 1150 1444 1219 potestaS,
1476 1161 1674 1217 nempe
1725 1141 1971 1197 concilii.

94 1245 263 1317 Igitur
289 1264 317 1300 a
342 1246 482 1318 Papa
508 1262 616 1300 non
642 1244 806 1299 datur
835 1243 1133 1318 appellatio
1166 1242 1234 1298 ad
1268 1241 1592 1310 concilium,
1623 1239 1717 1296 sed
1750 1245 1973 1294 econtra

96 1358 125 1395 a
150 1340 381 1395 coneilio
415 1340 482 1395 ad
514 1341 747 1413 Papam3
783 1357 842 1394 ac
869 1339 1098 1413 proinde
1135 1339 1275 1413 Papa
1310 1343 1390 1393 est
1431 1354 1595 1412 supra
1641 1335 1966 1394 concilium.

856 1663 1094 1725 CAPUT
1142 1663 1218 1725 VI

98 1830 523 1896 Ancitmssmrtnw
542 1860 626 1894 Ex
646 1859 836 1894 FACTO
853 1859 1349 1894 APPnoBA‘nontus
1368 1860 1450 1893 ΕΤ
1471 1858 1981 1895 nnpnolu'nomls

619 1926 1042 1963 comclmlolunu
1069 1927 1200 1961 PER
1224 1927 1455 1960 PAPAM.

172 2130 198 2159 «
235 2107 367 2162 Nam
397 2106 584 2162 omnia
610 2110 939 2161 revocantur
962 2104 1188 2160 tandem
1215 2103 1283 2159 ad
1304 2087 1554 2160 'examen
1577 2105 1813 2160 Romani
1841 2106 1978 2161 Pon-

97 2206 284 2271 tificis3
319 2211 370 2260 et
396 2223 518 2276 quae
539 2205 631 2260 ille
656 2204 853 2278 probat
880 2204 1252 2277 recipiuntur,
1275 2221 1396 2275 quae
1415 2204 1692 2277 improbat
1721 2204 1983 2276 rejiciun-

96 2311 209 2372 tur,
233 2309 293 2358 ut
320 2307 555 2357 testatur
580 2300 827 2355 Gelasius
855 2300 911 2354 in
940 2300 1130 2376 cadem
1162 2300 1394 2373 epistola
1427 2301 1493 2355 ad
1525 2301 1821 2374 Episcopos
1847 2303 1978 2357 Dar-

94 2399 271 2454 daniae
312 2420 338 2450 »
378 2396 788 2471 (Bellarminus,
835 2397 898 2451 de
941 2396 1261 2451 Auctoritate
1303 2397 1657 2468 coricilioram,
1709 2397 1853 2453 libro
1915 2399 1976 2462 ΙΙ,

96 2494 271 2568 capite
298 2497 435 2563 xvu).
466 2494 586 2549 Haec
609 2498 736 2547 sunt
768 2492 946 2548 sancti
978 2491 1172 2548 Gelasii
1195 2493 1355 2548 verba
1381 2515 1392 2547 ε
1420 2515 1446 2545 «
1469 2493 1575 2549 Sed
1602 2511 1702 2549 nec
1723 2493 1815 2550 illa
1842 2512 1977 2568 pra}-

96 2591 352 2659 terimuS,
403 2590 551 2662 quod
591 2589 891 2664 apostolica
928 2589 1093 2645 Sedes
1136 2589 1480 2661 frequenter,
1527 2597 1588 2645 ut
1624 2589 1836 2645 dictum
1870 2597 1973 2660 est,

94 2705 246 2743 more
272 2689 570 2761 majorum,
599 2687 766 2743 ctiam
794 2687 915 2742 sine
944 2687 1059 2742 ulla
1088 2687 1294 2761 synodo
1325 2687 1694 2761 praecedcnte,
1727 2695 1777 2744 et
1810 2689 1975 2743 absol-

98 2785 248 2837 vendi
285 2802 369 2839 eos
400 2803 523 2855 qaos
543 2786 775 2856 synodus
796 2786 967 2858 inique
998 2786 1364 2854 damnaverat,
1394 2792 1445 2841 et
1469 2785 1797 2854 damnandi,
1821 2787 1974 2840 nulla

98 2878 361 2934 existente
382 2882 610 2953 synod0,
645 2901 784 2955 quos
817 2882 1083 2956 oportuit,
1112 2882 1370 2937 habuerit
1396 2882 1737 2937 facultatem.
1765 2882 1976 2936 Sanctae

101 2976 379 3031 memoriae
418 2977 622 3050 quippe
655 2980 1019 3035 Athanasium
1054 2968 1298 3053 synodus
1339 2979 1623 3035 orientalis
1656 2979 1972 3043 addixerat;

100 3089 266 3143 quem
284 3077 469 3127 tamen
494 3080 780 3147 exceptum
806 3075 970 3130 Sedes
997 3076 1314 3148 apostolica,
1339 3079 1460 3148 quia
1487 3077 1815 3131 clmnnationi
1834 3077 1979 3133 Grae-

100 3186 273 3223 coram
292 3186 391 3223 non
407 3172 689 3239 consensit,
714 3171 953 3225 absolvit.
980 3170 1190 3226 Sanctae
1221 3172 1503 3227 memoriae
1525 3174 1790 3228 Joannem
1821 3173 1980 3228 Cons-

100 3264 626 3339 tantinopolitanum
665 3267 892 3336 synod-as
935 3270 1090 3322 etiam
1119 3269 1490 3323 catholicorum
1520 3272 1805 3341 praesulum
1838 3281 1976 3327 certe

100 3364 377 3417 damnarat
394 3383 410 3424 ,·
427 3380 591 3434 quem
613 3361 958 3418 similimodo
973 3362 1137 3441 Sedes
1160 3364 1482 3437 apostolica,
1507 3370 1663 3421 ettam
1688 3368 1822 3436 sola,
1852 3371 1971 3441 quia

97 3478 200 3514 non
249 3462 523 3529 consensit,
561 3461 795 3516 absolvit.
837 3461 1084 3533 Itemque
1117 3468 1318 3518 sanctae
1343 3465 1626 3521 memoriae
1649 3466 1965 3524 Flavianum

96 3556 406 3614 Graecorum
453 3559 871 3631 congregatione
918 3560 1268 3635 damnatum,
1301 3563 1419 3637 pari
1452 3569 1659 3635 tenore,
1695 3567 1961 3639 quoniam
