2262 3990
265 130 353 179 σεο
429 119 442 137 ’
939 126 1238 174 'summus
1267 126 1335 173 na
1363 126 1511 174 PAPA.

262 241 440 315 Igitur
463 237 695 296 cuilibet
716 236 969 292 Romano
995 235 1237 292 antistiti
1259 234 1512 310 legitime
1538 236 1714 294 electo
1736 240 2005 315 competit
2020 243 2177 316 plena

261 338 360 394 illa
411 333 710 408 regiminis
754 339 1006 410 potestas
1050 351 1150 390 seu
1200 333 1483 410 primatus
1521 334 1967 409 jurisdictionis;
2010 338 2176 415 idque

260 434 478 511 pariter
504 433 572 490 de
612 432 721 490 fide
750 438 856 491 θεῖ.
887 433 1011 490 Jam
1043 451 1173 490 vero
1207 451 1443 510 prorsus
1477 440 1779 510 repugnat,
1808 442 1976 510 prout
2011 456 2176 516 supra

258 533 382 588 fuse
426 532 811 608 probavimUS,
856 552 986 591 eum
1034 533 1133 607 qui
1167 534 1383 607 plenam
1427 533 1685 608 regendae
1720 535 1893 593 totius
1927 537 2174 601 Ecclesiae
2256 565 2262 593 ς

254 637 591 706 potestatem
626 649 726 688 seu
759 631 1176 706 jurisdictionis
1210 631 1522 707 primatum
1548 631 1787 705 obtinet,
1819 632 1876 690 id
1907 641 2010 707 est,
2053 655 2176 697 eum
2257 632 2262 695 ᾗ

256 732 356 805 qui
402 733 643 788 omnibus
682 735 925 807 superior
971 739 1078 805 est,
1117 750 1239 790 esse
1277 732 1450 789 simul
1483 734 1797 807 inferiorem
1843 734 2072 793 relative
2106 736 2172 795 ad

255 832 497 907 aliquot,
529 833 615 890 vel
646 834 818 890 etiam
842 834 1077 891 relative
1105 834 1176 891 ad
1207 834 1397 891 omnia
1441 833 1614 890 simul
1654 833 1886 891 collecta
1920 835 2172 896 Ecclesiae

253 931 533 987 membra.
570 931 865 1007 Repugnat
900 931 1138 1008 proinde
1167 931 1332 988 illum
1359 931 1640 1006 generalis
1668 931 1894 988 concilii
1913 931 2171 1005 jurisdic-

251 1029 394 1086 tioni
423 1049 677 1105 unquam
706 1030 930 1105 subjici.
969 1031 1110 1104 Ergo
1141 1031 1394 1087 Christus
1437 1032 1503 1087 cle
1528 1032 1671 1104 facto
1707 1030 1957 1087 instituit
1985 1049 2170 1104 quem-

248 1129 387 1188 libet
422 1150 621 1188 verum
656 1150 751 1189 seu
789 1132 1043 1207 legitime
1078 1132 1322 1189 electum
1353 1116 1670 1189 Romanum
1709 1131 2018 1188 antistitem
2060 1132 2168 1192 fore

248 1230 493 1287 concilio
533 1233 905 1307 superiorem.
939 1232 1083 1306 Ergo
1119 1231 1197 1288 ita
1238 1233 1303 1288 de
1332 1234 1477 1305 facto
1509 1231 1756 1288 instituit
1791 1231 1960 1288 etiam
1992 1233 2168 1305 quoad

246 1349 446 1387 verum
474 1339 528 1388 et
552 1333 804 1406 legitime
837 1332 1080 1390 electum
1114 1333 1262 1389 inter
1290 1332 1494 1389 dubios
1531 1331 1878 1390 Pontificem.
1912 1332 2075 1406 ErgO,
2110 1333 2165 1391 in

247 1447 381 1487 casu
411 1431 737 1488 schismatis
763 1432 830 1488 de
855 1450 968 1505 quo
994 1432 1202 1506 agitur,
1233 1433 1298 1488 cle
1328 1434 1471 1505 facto
1498 1431 1753 1488 Christus
1790 1449 1891 1507 pro
1921 1430 2187 1511 remedie

246 1549 359 1586 non
387 1530 659 1602 instituit,
685 1550 885 1589 verum
911 1551 974 1588 ac
1001 1531 1253 1606 legitime
1280 1532 1524 1588 electum
1541 1531 1744 1607 Papam
1769 1531 2015 1605 generali
2038 1549 2163 1587 con-

245 1631 376 1687 eilio
405 1633 729 1706 subjeetum
765 1632 904 1688 sore.
933 1667 1003 1675 —
1031 1632 1160 1696 Quae
1207 1633 1623 1706 argumentatio
1662 1633 1744 1689 sic
1784 1632 1949 1689 etiam
1994 1631 2165 1688 evolvi

244 1751 315 1806 po
351 1739 432 1789 est
457 1755 466 1786 :
495 1733 808 1809 Propositio
844 1733 973 1803 ista,
1002 1752 1128 1807 quae
1161 1733 1229 1790 ad
1260 1734 1429 1790 fidem
1458 1733 1720 1809 pertinet,
1750 1733 2000 1789 Romanis
2036 1732 2167 1788 Pon-

240 1831 464 1900 tificibus
511 1834 757 1906 competit
789 1833 1031 1906 reyemlae
1067 1836 1231 1888 totius
1265 1832 1515 1889 Ecclesiae
1549 1832 1712 1906 plena
1748 1840 2008 1906 potestas,
2041 1829 2162 1886 uni·

237 1930 472 1986 versalis
499 1937 605 1987 est.
638 1931 875 1988 Proinde
900 1950 1030 1987 vera
1069 1939 1150 1988 est
1180 1933 1349 1989 etiam
1388 1933 1574 2005 quoad
1607 1950 1804 1988 verum
1837 1938 1890 1988 et
1917 1930 2162 2004 legitime

235 2028 504 2098 electum,
547 2029 695 2085 inter
722 2030 916 2104 plures
955 2030 1022 2086 de
1049 2030 1382 2106 pontificatu
1413 2030 1837 2098 contendenteS,
1870 2049 2162 2086 summum

235 2127 584 2184 Pontificem.
622 2129 782 2194 Quod
811 2129 1152 2203 caeteroquin
1190 2149 1256 2185 ex
1283 2129 1403 2204 ipsa
1436 2129 1729 2205 hypothesi
1765 2135 1939 2205 patet.
1973 2130 2161 2184 Enim-

234 2244 363 2283 vero
391 2247 540 2305 unus
568 2246 597 2284 e
623 2228 1096 2285 contendentibus
1129 2248 1283 2285 verus
1308 2230 1454 2305 Papa
1487 2230 1849 2305 supponitur.
1870 2228 2032 2286 Verus
2064 2247 2158 2285 au-

234 2333 349 2384 tem
395 2328 538 2404 Papa
567 2348 689 2386 esse
735 2329 931 2404 nequit
963 2330 1072 2385 nisi
1119 2335 1400 2404 quatenus
1437 2329 1786 2386 Pontifieiam
1823 2335 2155 2405 potestatem

232 2446 426 2485 revera
459 2430 728 2504 possidet3
773 2449 885 2505 qua
921 2430 967 2486 si
1012 2430 1439 2500 destitueretur,
1481 2448 1595 2486 non
1629 2430 1808 2504 magis
1847 2430 1966 2504 ipse
2008 2447 2156 2486 verus
2219 2484 2226 2496 ,

228 2527 373 2602 Papa
406 2529 547 2585 foret
580 2548 751 2603 quam
780 2530 1187 2586 contendentes
1213 2529 1421 2586 caeteri.
1461 2529 1636 2602 Igitur
1669 2529 1738 2599 is,
1767 2529 1899 2585 licet
1926 2529 2150 2600 dubim,

230 2628 543 2702 primatum
571 2630 808 2704 obtinet,
854 2649 985 2687 eum
1027 2649 1138 2704 quo
1181 2636 1329 2687 stare
1373 2629 1570 2704 nequit
1607 2635 1672 2685 ut
1709 2629 1947 2686 concilio
1983 2629 2150 2704 subji-

229 2726 434 2783 ciatur.
483 2729 647 2802 ErgO,
689 2747 755 2785 ex
799 2730 1157 2786 institutione
1207 2728 1437 2799 Christi,
1483 2728 1721 2785 concilio
1768 2729 2000 2786 subesse
2040 2745 2146 2785 non

224 2832 430 2901 potest.
477 2828 618 2901 Ergo
659 2827 916 2885 Christus
951 2830 1013 2884 cle
1060 2831 1203 2902 facto
1235 2847 1337 2904 pro
1370 2828 1622 2885 remedio
1652 2847 1766 2885 non
1813 2828 2052 2885 instituit
2089 2832 2148 2884 ut

226 2927 623 3002 subjiceretur.
662 2928 772 2985 Nec
810 2929 996 2985 obstat
1026 2928 1200 3002 quod,
1241 2928 1494 3002 quandiu
1530 2928 1739 2985 dubius
1771 2935 2047 2998 remanet,
2084 2927 2147 2984 li-

224 3028 337 3084 cite
370 3029 588 3104 possint
626 3029 818 3086 fideles
849 3029 900 3087 ei
935 3030 1274 3103 obsequium
1310 3030 1609 3104 denegare.
1640 3030 1779 3086 Nam
1806 3033 2145 3087 excusantur

223 3129 456 3202 quidem
500 3137 635 3187 tunc
677 3130 872 3189 fideles
913 3150 981 3188 ex
1023 3131 1341 3205 ignorantia
1384 3130 1718 3198 invincibili;
1772 3131 1869 3189 sed
1909 3133 2013 3188 hoe
2053 3130 2143 3204 jus

219 3228 402 3304 ipsius
435 3249 551 3287 non
581 3231 752 3288 tollit.

301 3329 523 3403 objicies
552 3331 631 3387 1⁰.
657 3364 728 3372 —
757 3330 1071 3388 Concilium
1104 3331 1369 3388 Pisanum
1398 3331 1540 3389 duos
1576 3332 1647 3389 de
1678 3338 1886 3408 papatu
1914 3334 2137 3387 conten-

221 3425 419 3486 dentes
439 3430 720 3506 deposuit,
743 3431 937 3506 sieque
949 3432 1044 3507 jus
1063 3432 1378 3489 coactivum
1398 3433 1652 3490 exercuit
1675 3432 1735 3488 in
1756 3449 1952 3488 verum
1972 3429 2136 3487 etiam

219 3523 563 3598 Pontificem3
596 3530 881 3605 siquidem
915 3532 1187 3589 alteruter
1213 3531 1501 3606 legitimus
1528 3531 1671 3606 Papa
1697 3536 1836 3588 erat.

295 3622 605 3697 Respondeo
635 3650 650 3681 .-
705 3630 760 3711 1⁰
803 3630 907 3688 Eos
953 3629 1216 3705 deposuit
1254 3636 1536 3704 quatenus
1573 3629 1693 3703 jam
1735 3647 1767 3684 a
1817 3623 2130 3700 semetipsis
