2306 4010
807 207 933 253 mas
960 207 1198 254 SECUNDA.
1854 193 1943 247 35

137 318 497 392 Respondetm·
535 336 550 367 .·
585 314 803 370 Secutus
837 313 1062 387 quidem
1097 320 1180 371 est
1208 312 1483 369 Honorius
1527 328 1621 367 eos
1653 304 1941 365 haereticos

62 421 115 475 in
138 419 236 484 his,
269 415 323 470 id
357 420 459 484 est,
505 411 689 486 quoad
732 429 927 467 eorum
971 411 1255 477 haeresim3
1300 410 1396 467 sed
1431 409 1722 466 dumtaxat
1747 402 1941 462 haeresi

62 531 253 571 eorum
283 511 526 584 favendo,
558 526 670 564 non
699 525 820 564 eam
848 506 1156 582 profitendo
1178 514 1275 565 aut
1304 504 1636 564 definiendo.

138 610 192 665 δ’
217 606 492 682 Objiciunt
539 587 701 660 verba
744 603 1094 677 imperatoris
1144 603 1486 660 Constantini
1527 599 1791 675 Pogonati
1823 598 1941 655 :Ad

62 709 169 764 haec
204 714 255 763 et
289 705 594 770 Honorium,
622 703 708 772 qui
735 701 837 771 fuit
869 693 1099 772 antiqua:
1146 702 1319 757 Romae
1352 702 1519 774 Papa,
1562 702 1743 757 horum
1780 701 1942 754 haere-

0 851 2 864 γ
65 820 173 860 scos
203 803 255 856 in
283 798 514 854 omnibus
550 797 836 866 fautorem,
873 812 1235 851 concursorem
1260 804 1310 851 et
1352 799 1770 867 confirmatorem
1799 793 1944 869 (vide

73 916 257 975 supra,
281 898 307 968 ἓ
337 894 392 966 2,
427 891 758 946 documento
784 890 938 961 VIII).

148 991 521 1069 Respondetur:
562 988 760 1044 Textus
806 987 894 1043 hic
947 988 1108 1044 nobis
1148 988 1338 1063 potius
1378 1007 1548 1061 quam
1603 989 1940 1046 adversariis

77 1096 210 1151 iavet
234 1112 247 1145 :
273 1088 498 1163 explicat
525 1086 674 1142 enim
711 1086 784 1142 ibi
803 1086 960 1159 juxta
984 1086 1190 1142 thesim
1215 1093 1463 1142 nostram
1483 1086 1805 1159 imperator,
1835 1106 1944 1160 quo

73 1207 230 1248 sensu
263 1185 548 1242 haereticus
574 1183 745 1240 fuerit
767 1183 1062 1255 Honorius,
1097 1191 1148 1241 et
1186 1203 1295 1259 quo
1348 1203 1515 1241 sensu
1541 1178 1810 1258 tanquani
1835 1186 1942 1240 hae-

70 1285 268 1343 reticus
301 1282 596 1339 damnatus
629 1299 658 1336 a
705 1281 912 1355 synodo
961 1281 1171 1347 suerit;
1222 1299 1285 1338 eo
1334 1282 1480 1354 quod
1524 1299 1725 1355 nempe
1776 1281 1947 1337 fuerit

0 1388 6 1443 l
71 1384 328 1440 haereseos
360 1383 570 1460 fautor,·
600 1379 746 1452 quod
786 1386 838 1435 et
866 1397 966 1435 nos
1009 1379 1274 1446 dicimus;
1298 1367 1608 1447 concurso&
1634 1379 1687 1434 id
1713 1386 1814 1448 est,
1851 1380 1945 1434 ad-

69 1482 230 1556 jutor,
272 1478 399 1552 quia
446 1496 635 1534 revera
673 1495 773 1533 sua
814 1477 1013 1550 agendi
1046 1477 1259 1533 ratione
1295 1477 1401 1552 ipsi
1443 1477 1585 1533 vires
1614 1477 1826 1532 addidit
1857 1500 1865 1540 3
1894 1482 1946 1532 et

73 1574 286 1631 tandem
318 1575 655 1645 confirmator
675 1580 842 1646 prout
860 1579 912 1628 et
933 1591 1034 1629 nos
1060 1572 1321 1637 dicimus,
1354 1591 1417 1629 eo
1437 1590 1623 1640 sensu,
1649 1573 1796 1645 quod
1821 1590 1943 1628 eam

74 1671 362 1730 firmiorem
397 1671 725 1743 reddiderit,
756 1690 866 1727 non
896 1679 1083 1728 autem
1119 1691 1179 1728 eo
1213 1690 1378 1728 sensu
1412 1670 1560 1744 quod
1602 1671 1789 1744 aliqua
1816 1671 1945 1742 dog-

74 1770 262 1827 matica
289 1769 610 1826 delinitione
633 1787 756 1824 eam
788 1770 1173 1843 approbaverit
1201 1776 1254 1826 et
1278 1787 1461 1825 veram
1493 1768 1788 1825 definierit.

141 1867 410 1944 Praecipua
438 1870 553 1924 haec
571 1873 699 1924 sunt
725 1886 846 1940 quae
868 1874 1140 1941 urgentur
1166 1870 1232 1924 ab
1257 1867 1610 1939 adversariis,
1639 1874 1700 1922 ut
1721 1885 1944 1942 persua-

73 1965 227 2021 deant
257 1967 559 2022 Honorium
601 1973 867 2039 tanquam
914 1966 1138 2041 proprie
1171 1967 1475 2022 hereticum
1505 1985 1534 2020 a
1575 1966 1820 2038 generali
1855 1984 1944 2042 sy-

77 2063 211 2120 nodo
243 2072 390 2121 sexta
430 2066 757 2120 damnatum
802 2065 990 2120 fuisse.
1036 2066 1165 2129 Quae
1193 2083 1319 2120 cum
1351 2064 1511 2120 facile
1553 2063 1857 2133 diluantur,
1895 2071 1946 2119 et

78 2157 294 2217 aliunde
318 2167 523 2217 constet
550 2162 605 2216 in
625 2162 874 2237 epistolis
890 2162 1114 2217 llonorii
1136 2163 1347 2218 nullam
1362 2160 1634 2217 contineri
1655 2180 1946 2217 erroneam

81 2254 201 2312 fidei
221 2257 611 2332 definitionem,
642 2261 870 2316 omnino
904 2261 1274 2332 colligendum
1306 2260 1470 2330 venit,
1495 2260 1662 2316 etiam
1693 2260 1750 2315 in
1775 2256 1945 2334 hypo-

85 2349 220 2406 thesi
244 2354 381 2424 quod
422 2356 635 2413 sincera
677 2357 787 2412 sint
833 2358 1063 2429 allegata
1095 2358 1446 2426 documenta,
1474 2375 1826 2430 nequaquam
1862 2375 1945 2412 er-

85 2466 229 2504 rasse
253 2450 452 2508 dictum
469 2455 805 2525 Pontificem,
824 2474 888 2511 ex
908 2455 1168 2511 cathedra
1195 2455 1356 2510 fidem
1386 2455 1719 2511 definiendo.
1747 2455 1809 2510 Et
1832 2457 1947 2511 liaec

82 2543 158 2592 est
187 2539 364 2612 prima
387 2542 650 2614 defensio,
679 2564 849 2618 quam
883 2531 1320 2619 peremptoriam
1344 2544 1663 2601 existimant
1690 2552 1740 2601 et
1777 2545 1946 2619 potis-

78 2635 278 2695 simum
309 2651 500 2715 urgent
538 2645 743 2702 eruditi
770 2645 934 2701 multi
961 2669 970 2710 ς
1010 2645 1155 2701 inter
1180 2664 1320 2718 quos
1353 2646 1545 2701 Petrus
1575 2646 1641 2700 de
1666 2645 1861 2716 Marca,
1891 2646 1947 2701 in

0 2737 4 2742 '
75 2729 475 2806 dissertatione,
525 2758 693 2811 quam
744 2741 1026 2797 absolvere
1072 2742 1340 2815 nequivit,
1397 2748 1449 2796 et
1494 2742 1656 2815 cujus
1709 2742 1949 2798 delinea-

7 2897 11 2900 .
81 2834 260 2883 menta
296 2833 451 2889 nobis
489 2838 799 2894 transmisit
838 2839 1093 2896 Baluzius
1128 2840 1447 2913 (Concordia
1476 2842 1757 2896 sacerdotii
1784 2850 1831 2896 et
1858 2842 1946 2895 im-

77 2922 228 2989 perii,
256 2926 361 2978 vita
383 2925 524 2982 Petri
538 2932 601 2984 de
622 2932 818 3004 Mareu„
850 2954 905 2990 n.
932 2937 1046 3006 71).
1069 2936 1156 2991 Sic
1176 2936 1252 2991 ibi
1278 2936 1531 2992 Baluzius
1561 2957 1571 2988 z
1600 2958 1626 2988 «
1650 2937 1784 2991 Cum
1813 2953 1950 2990 nova

85 3018 196 3071 haec
226 3018 410 3090 opinio
435 3023 705 3094 (videlieet
738 3032 958 3086 unicam
982 3033 1038 3087 in
1066 3034 1280 3088 Christo
1309 3034 1598 3088 dicendam
1619 3049 1738 3087 esse
1765 3048 1952 3104 opera-

85 3112 329 3182 tionem),
361 3122 420 3170 ut
451 3127 579 3174 sunt
612 3124 796 3180 omnia
825 3126 996 3183 ferme
1031 3147 1190 3198 nova,
1225 3127 1671 3202 interpretationi
1709 3133 1829 3182 tum
1857 3126 1954 3181 ob·-

86 3209 243 3264 noxia
269 3219 432 3278 esset,
454 3217 679 3284 quando
699 3220 951 3278 videlicet
978 3226 1221 3279 nondum
1249 3226 1510 3280 damnata
1532 3230 1651 3279 erat
1676 3224 1743 3278 ab
1770 3223 1954 3280 Eccle-

81 3306 182 3375 sia,
235 3307 527 3379 HonoriuS,
571 3331 677 3384 quo
715 3315 931 3373 facilius
981 3320 1259 3376 Orientem
1309 3340 1338 3376 a
1386 3321 1613 3376 vetustis
1670 3321 1952 3378 erroribus

51 3412 381 3491 ‘revocaren
430 3412 734 3478 ἑικονεμικῶς
772 3417 822 3466 et
854 3431 949 3485 per
991 3414 1462 3486 dispensationem
1494 3436 1523 3471 a
1566 3436 1786 3473 summo
1824 3420 1951 3492 jurc

83 3502 328 3573 recessit,
357 3510 416 3560 ut
450 3505 637 3563 Matcae
665 3509 827 3564 verba
855 3510 922 3565 ad
953 3511 1099 3567 hunc
1126 3513 1308 3569 locuni
1338 3515 1733 3574 traham.-Haec
1764 3523 1948 3575 tamen

82 3596 418 3672 dispensatio
454 3603 748 3662 infeliciter
775 3606 855 3663 illi
884 3609 1067 3666 cessit.
1106 3611 1239 3668 Nam
1293 3611 1421 3668 hinc
1445 3613 1650 3671 sactum
1691 3622 1752 3672 ut
1792 3615 1948 3673 dam-
