2306 4010
846 173 973 221 PARS
1001 171 1242 219 SECUNDA.
1804 172 1829 208 «“
1908 167 1992 216 1δῖ

111 284 264 344 mid
288 282 427 357 quod
441 286 669 356 positum
694 290 790 352 est,
818 280 952 355 quod
981 286 1058 335 est
1086 278 1322 336 Christus
1346 277 1503 334 Jesus
1533 275 1571 347 (Ι
1594 275 1743 346 Cor.,
1765 293 1840 361 m,
1868 273 1988 345 11)).

107 412 182 425 --
205 381 566 453 Respondetur
590 400 607 432 .·
643 379 895 436 Christus
937 376 1091 434 solus
1123 381 1207 432 est
1242 374 1671 431 fundamentum
1714 372 1990 444 Ecclesiae,

104 497 203 552 per
242 479 450 534 Petrum
490 486 539 533 et
579 478 735 549 {idem
769 476 932 545 Petri,-
973 472 1215 528 concedo
1245 492 1256 525 :
1301 471 1619 529 immediate
1653 488 1751 528 seu
1785 470 1995 544 absque

111 574 218 630 fide
255 591 423 645 quam
464 571 779 647 praedicavit
813 575 867 626 et
906 567 1209 643 praedicare
1244 586 1345 642 per
1378 573 1728 626 'successores
1765 585 1878 624 non
1903 566 1994 624 de-

111 671 238 727 sinit
268 672 480 741 PetruS,
510 686 667 743 nego.
688 666 821 724 Cum
845 681 1050 738 nempe
1070 664 1207 720 fides
1231 665 1371 721 Petri
1396 684 1506 723 non
1530 666 1599 723 sit
1614 664 1995 722 infallibiliter

114 786 263 838 vera,
291 774 346 824 et
383 768 463 824 sic
490 765 919 823 fundamentum
951 761 1225 831 Ecclesiae,
1269 763 1379 818 nisi
1413 780 1480 819 ex
1510 764 1631 838 ipsa
1667 763 1870 821 Christi
1909 744 2021 820 {ac-⁵

114 865 264 922 tione
302 871 353 921 et
395 859 754 939 providentia,
790 862 1038 915 remanet
1083 859 1365 914 Christum
1394 860 1588 917 ‚solum
1629 877 1750 917 esse
1790 860 1998 934 prima—

114 962 262 1018 rium
287 959 536 1017 Ecclesiae
559 956 1008 1012 fundamentum.
1051 955 1157 1011 Sed
1186 957 1290 1011 hoc
1326 972 1438 1011 non
1474 956 1710 1030 impedit
1743 957 1879 1030 quin
1905 958 1999 1014 Pe-

112 1063 231 1113 trus
255 1054 325 1110 sit
349 1054 511 1110 etiam
535 1051 824 1108 verissimo
855 1070 1021 1109 sensu
1050 1052 1505 1108 fundamentum.
1532 1053 1690 1107 Petra
1722 1048 1994 1124 CliristuS,

110 1158 160 1208 et
182 1157 334 1224 petra
356 1151 563 1215 Petrus;
592 1150 685 1206 sed
704 1149 954 1207 Christus
978 1167 1076 1224 per
1101 1150 1347 1220 Petrum,
1375 1154 1427 1206 et
1451 1150 1645 1205 Petrus
1673 1167 1737 1206 ex
1755 1150 1992 1206 Christo.

106 1245 387 1310 Quatenus
412 1246 657 1303 Christus
681 1246 847 1303 fidem
876 1248 1045 1318 Petri,
1075 1265 1183 1320 qua
1212 1254 1393 1305 totum
1420 1246 1672 1304 Ecclesiae
1696 1246 1995 1303 aediticium

104 1344 321 1416 nititur,
351 1345 468 1419 ipse
492 1346 678 1419 posuit
704 1352 757 1402 et
782 1346 994 1420 jugiter
1020 1347 1314 1402 immotam
1341 1354 1392 1403 et
1424 1346 1658 1401 illaesam
1685 1350 1884 1416 servat,
1915 1350 1997 1400 est

104 1442 251 1498 solus
276 1442 528 1498 Ecclesiae
549 1443 998 1501 fundamentum.
1030 1444 1315 1507 Quatenus
1346 1451 1532 1500 autem
1559 1444 1694 1499 fides
1720 1442 1887 1510 Petri,
1916 1442 1995 1498 sic

106 1557 135 1593 a
159 1539 367 1594 Christo
390 1540 567 1613 posita
594 1546 647 1596 et
671 1559 849 1613 usque
882 1540 950 1596 ad
980 1541 1148 1598 finem
1177 1542 1375 1598 mundi
1400 1540 1794 1608 conservanda,
1822 1545 1994 1596 totam

104 1635 354 1692 Ecclesiae
385 1637 658 1693 unitatem
700 1643 751 1694 et
782 1645 1123 1694 structuram
1155 1637 1410 1713 producit
1452 1644 1503 1694 et
1533 1643 1830 1707 sustentat,
1876 1636 1995 1710 ipsa

109 1741 192 1791 est
217 1735 378 1791 etiam
407 1753 600 1791 verum
631 1736 1065 1793 fundamentum
1105 1755 1134 1791 a
1167 1736 1379 1793 Christo
1419 1735 1810 1791 constitutum.
1845 1733 1997 1789 Unde

106 1832 382 1906 proposita
417 1834 651 1908 objectio
677 1833 861 1889 inanis
895 1833 1171 1889 cavillatio
1211 1839 1316 1889 est.

182 1926 398 2000 Objicies
439 1930 515 1985 2⁰.
550 1962 620 1971 —
659 1930 846 1986 Caeteri
887 1929 1052 1985 etiam
1085 1928 1333 2004 Apostoli
1365 1933 1498 1983 sunt
1535 1927 1992 1995 fundamentum,

105 2022 319 2080 dicente
354 2025 518 2082 Paulo
563 2047 574 2080 :
633 2028 1050 2100 Superaedificati
1093 2046 1250 2100 super
1291 2027 1691 2099 fundamentum
1732 2027 1995 2099 apostolo·

108 2136 220 2174 rum
253 2120 463 2194 (Ephes.
505 2123 584 2193 ιι).
613 2158 688 2164 -
709 2125 1071 2198 Respomletur
1099 2146 1113 2177 :
1159 2124 1347 2180 Caeteri
1375 2124 1610 2198 apostoli
1634 2130 1763 2180 sunt
1797 2124 1995 2180 funda-

112 2220 380 2282 mentum,
419 2232 482 2270 eo
521 2218 849 2272 secundario
889 2236 1055 2273 sensu
1100 2219 1249 2288 quod
1287 2219 1451 2273 tidem
1494 2219 1638 2274 Petri
1668 2220 1996 2292 praedicave-

114 2305 248 2372 rint,
286 2310 389 2362 sub
428 2310 607 2381 ipsius
647 2312 936 2382 regimine.
974 2313 1079 2366 Sed
1118 2313 1250 2366 fides
1289 2313 1432 2367 Petri
1458 2320 1539 2368 est
1567 2314 1993 2369 fundamentum

116 2404 334 2477 proprie
365 2405 602 2470 dictum;
634 2423 694 2462 eo
720 2406 972 2463 videlicet
1003 2426 1170 2463 sensu
1197 2409 1344 2480 quod
1373 2426 1493 2464 eam
1520 2409 1663 2464 Petri
1703 2410 1866 2466 fidem
1897 2428 1994 2483 po—

114 2498 282 2554 suerit
312 2499 560 2556 Christus
586 2507 849 2574 tanquam
878 2519 1154 2572 normam,
1184 2521 1280 2576 per
1307 2522 1474 2575 quam
1502 2511 1555 2559 et
1582 2504 1642 2558 in
1668 2523 1775 2578 qua
1799 2523 1992 2561 omnes

113 2593 371 2650 deberent
416 2596 687 2651 unitatem
734 2615 971 2666 servare,
1017 2606 1068 2654 et
1114 2599 1193 2654 sic
1237 2600 1294 2654 in
1341 2601 1657 2656 societatem
1701 2602 1993 2657 hominum

109 2706 290 2744 veram
332 2690 493 2745 tidem
540 2691 919 2766 profitentium
961 2695 1290 2750 coalescere.
1334 2696 1675 2752 Constitutus
1719 2698 1993 2754 sciliceta

109 2785 320 2843 Christo
358 2789 570 2858 PetruS,
603 2807 715 2845 non
762 2797 948 2847 autem
989 2791 1140 2847 ullus
1170 2792 1314 2847 alius
1360 2794 1667 2867 apostoluS,
1707 2802 1769 2851 ut
1800 2795 1991 2852 fideles

113 2901 299 2941 omnes
336 2894 489 2958 atque
524 2890 663 2960 ipsos
696 2890 853 2943 etiam
889 2889 1155 2962 apostolos
1186 2891 1246 2944 in
1276 2891 1491 2947 unitate
1522 2891 1646 2946 fidei
1684 2899 1735 2948 et
1774 2892 1831 2946 in
1873 2892 1991 2948 offi-

112 2977 195 3033 cio
218 2996 316 3035 suo
341 2981 666 3038 contineret.
703 2983 865 3038 «Non
888 2984 1139 3055 quidem,
1167 2990 1227 3040 ut
1255 2986 1328 3042 ait
1351 2985 1656 3041 Cardinalis
1683 2987 1988 3060 Duperron,

113 3075 272 3146 quasi
312 3077 412 3132 hac
447 3078 740 3153 disciplina
779 3087 1002 3153 egerent
1036 3083 1304 3157 Apostoli,
1355 3084 1561 3156 quihus
1594 3084 1832 3155 singulis
1868 3101 1990 3157 spe-

110 3170 297 3227 ciatim
357 3173 412 3228 in
465 3176 614 3232 orbis
650 3177 936 3234 christiani
979 3178 1460 3236 administratione
1504 3180 1646 3235 Deus
1694 3179 1990 3236 adfuturus

110 3276 246 3338 erat,
275 3271 367 3327 sed
393 3278 452 3328 ut
480 3273 724 3331 Ecclesiae
748 3276 986 3331 formam
1017 3284 1371 3350 proponeret,
1406 3295 1516 3350 qua
1546 3295 1633 3332 res
1657 3284 1841 3333 essent
1866 3285 1991 3352 post.

110 3374 343 3423 mortem
386 3387 541 3426 suam
579 3372 1023 3447 componendae»
1086 3373 1400 3446 (Responsio
1450 3375 1518 3428 acl
1561 3392 1733 3447 reyem
1764 3372 1985 3449 Anqliae,

109 3478 227 3537 cap.
262 3465 380 3534 ιη).

182 3559 459 3621 Paorosmo
491 3565 598 3622 111³.
631 3562 699 3607 --‘
729 3565 884 3622 Fides
913 3567 1056 3623 Petri
1089 3586 1247 3641 super
1279 3586 1431 3642 quam
1467 3587 1499 3624 a
1528 3569 1732 3627 Christo
1759 3560 1984 3628 Ecclesia
