2262 3990
282 130 372 178 580
952 113 1252 164 TRACTATUS
1281 114 1348 160 DE
1378 113 1526 160 PAPA.

281 236 372 311 gio
399 233 520 291 sine
548 231 716 303 Papa,
746 224 846 282 sed
871 222 1100 298 utrique
1125 220 1471 297 conjunctim
1499 244 1510 289 ;
1537 219 1615 277 ita
1646 224 1711 278 ut
1735 221 1806 279 ad
1831 221 2190 302 irrefragabi-

279 335 392 391 lem
427 327 844 398 auctoritatem,
874 330 996 382 tum
1041 324 1400 382 decretorum
1436 319 1564 379 fidei
1601 326 1656 378 et
1702 319 2039 399 disciplinae,
2073 332 2194 387 tum

279 427 688 489 sententiarum
715 427 776 484 in
802 425 1040 484 materia
1062 423 1342 501 judiciali,
1383 441 1721 481 concurrere
1760 422 2197 503 debeat-utrius·

277 546 388 603 que
424 527 588 587 dictae
615 525 971 587 auctoritatis
999 542 1330 584 consensus.
1366 523 1506 580 Nam
1532 522 1703 581 etiam
1733 521 1813 580 sic
1832 542 2067 600 prorsus
2098 526 2198 586 fal-

281 648 410 688 sum
433 630 578 688 foret
603 630 762 706 Papae
789 634 1104 705 competere
1137 625 1524 702 jurisdictioni-s
1550 625 1863 699 primatum.
1891 624 2010 683 Non
2048 627 2201 703 Papae

281 735 646 808 competeret,
677 729 773 789 sed
801 728 885 787 illi
913 726 1231 787 collectioni
1260 744 1383 802 quae
1419 727 1757 784 conflaretur
1785 724 1953 784 simul
1981 728 2124 805 Papa
2148 736 2200 789 et

276 831 606 909 pluralitate
632 831 1057 907 Episcoporum.
1087 831 1356 887 Praeterea
1384 834 1720 904 sequeretur
1754 828 2091 898 absurdum,
2123 830 2200 889 vi-

275 931 481 989 delicet
516 951 546 989 a
582 930 801 989 Christo
845 948 1180 1008 supremum
1227 927 1487 986 Ecclesiae
1528 927 1785 1003 regimen
1825 927 2195 989 commissum

276 1031 456 1090 fuisse
493 1031 715 1090 duabus
748 1030 1182 1090 auctoritatibus
1223 1027 1533 1105 aequalibus
1559 1035 1612 1087 et
1657 1027 1726 1086 ab
1770 1027 2009 1087 invicem
2055 1028 2202 1090 inde-

279 1131 687 1209 pendentibus,
730 1131 806 1189 ita
857 1137 920 1189 ut
961 1136 1164 1188 neutra
1198 1128 1321 1186 sine
1361 1127 1597 1186 alterius
1635 1146 1918 1186 consensu
1966 1130 2061 1206 jus
2113 1149 2200 1189 su·

280 1229 463 1307 premi
496 1230 792 1306 regiminis
825 1230 1081 1289 haberet.
1111 1228 1229 1287 Non
1258 1228 1411 1287 enim
1433 1228 1577 1305 Papa
1604 1234 1899 1287 teneretur
1933 1227 2202 1290 assentire

282 1338 614 1389 caeterorum
651 1330 1055 1407 Episcoporum
1105 1327 1389 1386 collective
1437 1327 1681 1402 decret0,
1737 1327 1833 1384 sed
1872 1326 2116 1385 liberum
2157 1327 2203 1387 ei

283 1438 429 1488 esset
462 1429 786 1490 dissentire.
817 1429 1078 1487 Vicissim
1118 1426 1420 1502 collegium
1455 1426 1860 1503 Episcoporum
1906 1445 2022 1483 non
2057 1433 2204 1485 tene·

283 1538 444 1588 retur
471 1531 742 1588 assentire
781 1529 967 1607 papali
1010 1529 1255 1600 decretO,
1280 1528 1377 1586 sed
1426 1527 1677 1601 legitime
1708 1545 2005 1584 assensum
2043 1527 2203 1586 dene·

284 1650 418 1705 gare
454 1637 666 1709 posset.
718 1631 896 1706 Igitur
941 1630 1010 1687 ad
1056 1629 1363 1705 regendam
1413 1647 1678 1705 supremo
1720 1628 1849 1704 jure
1903 1628 2204 1686 Ecclesiam

289 1751 454 1790 suam
481 1732 867 1791 constituisset
906 1732 1162 1790 Christus
1194 1749 1389 1789 verum
1444 1729 1961 1788 manichaeismum.
2005 1730 2206 1788 Crescit

290 1840 479 1891 autem
509 1834 859 1906 absurditaS,
908 1833 955 1892 si
1008 1833 1333 1916 attendatur
1380 1831 1535 1889 aliud
1583 1831 1930 1909 principium
1983 1830 2206 1889 omnino

291 1939 533 2004 certum,
565 1940 619 1990 et
639 1924 643 1928 ⁴
666 1932 734 1989 ab
763 1932 1103 1990 adversariis
1146 1934 1310 2007 plane
1333 1940 1626 2009 receptum
1650 1977 1663 2003 ,
1697 1931 1956 1990 videlicet
1974 1931 2034 1989 in
2061 1932 2209 2014 hunc

288 2033 457 2090 finem
480 2052 509 2090 a
525 2033 746 2090 Christo
771 2033 1041 2090 collatum
1064 2034 1222 2108 Papae
1248 2032 1424 2090 fuisse
1445 2031 1859 2107 jurisdictionis
1879 2032 2208 2108 primatum,

288 2138 349 2186 ut
389 2131 642 2188 Ecclesiae
684 2132 879 2187 unitati
927 2130 1314 2201 consuleretur,
1370 2135 1424 2186 et
1477 2129 1773 2187 tolleretur
1819 2130 2109 2187 haereseon
2159 2133 2211 2186 et

287 2229 667 2287 schismatum
692 2228 933 2287 occasio.
968 2229 1108 2286 Nam
1134 2228 1316 2305 posita
1340 2229 1675 2287 necessitate
1694 2229 1881 2287 mutui
1900 2246 2209 2288 consensus

291 2328 594 2404 utriusque
627 2329 790 2387 dictae
819 2328 1073 2404 (aequalis
1102 2334 1155 2385 et
1188 2328 1256 2385 ab
1284 2326 1522 2386 invicem
1543 2327 1999 2406 independentis)
2029 2333 2209 2387 aucto-

287 2429 494 2505 ritatiS,
523 2449 864 2508 permanens
894 2431 1038 2488 soret
1087 2429 1304 2488 occasio
1342 2429 1714 2488 dissensionis
1751 2430 1958 2507 Papam
1988 2430 2135 2488 inter
2160 2435 2209 2488 et

287 2532 609 2610 episcopale
638 2532 962 2608 collegium,
991 2549 1122 2589 curn
1157 2532 1242 2607 (ex
1284 2530 1600 2608 hypothesi)
1638 2548 1741 2589 nec
1775 2530 1920 2608 Papa
1955 2529 2204 2607 collegio,

289 2647 393 2687 nec
411 2630 716 2705 collegium
735 2631 894 2707 Papae
921 2629 1119 2688 cedere
1146 2635 1456 2687 teneretur.
1476 2628 1815 2687 permanens
1836 2628 1972 2686 item
1991 2625 2206 2686 scissio-

291 2749 429 2788 num
456 2732 675 2789 occasio
700 2731 850 2789 inter
875 2730 1208 2808 episcopalis
1235 2730 1455 2805 collegii
1484 2730 1760 2788 membra.
1784 2729 1936 2788 Unde
1960 2728 2007 2786 si
2030 2727 2205 2787 Chris·

289 2835 382 2886 tus
448 2834 678 2887 econtra
728 2828 1065 2886 intendisset
1108 2827 1518 2886 schismatibus
1568 2834 1623 2886 et
1671 2827 1987 2886 haeresibus
2034 2827 2209 2884 favere

289 2948 462 3005 quam
495 2930 763 3002 maxime,
793 2928 946 2987 haud
977 2928 1182 3006 aptiori
1220 2928 1403 2986 forma
1446 2927 1756 2986 Ecclesiam
1793 2946 1954 2987 suam
2007 2924 2204 2986 consti-

289 3037 450 3088 tuere
478 3030 774 3107 potuisset.
793 3062 862 3071 —
881 3028 1164 3086 Falsitatis
1198 3028 1435 3104 insuper
1465 3029 1727 3103 arguitur
1763 3027 2204 3086 adversariorum

290 3129 638 3205 hypothesis3
671 3147 734 3188 ex
772 3147 836 3186 co
882 3128 1030 3203 quod
1075 3133 1224 3185 stare
1266 3133 1506 3202 nequeat
1539 3127 1697 3204 Papae
1738 3122 2204 3204 jurisdictionalis

290 3231 570 3304 primatus
594 3233 648 3287 in
677 3228 911 3304 sinyulos
937 3228 1247 3304 EpiscopOS,
1270 3227 1379 3284 nisi
1407 3227 1806 3286 auctoritatem
1825 3228 1994 3285 etiam
2011 3223 2203 3282 habeat

289 3333 345 3386 in
391 3332 660 3390 collective
693 3340 954 3407 sumptos,
1003 3335 1171 3407 prout
1210 3347 1381 3406 supra
1420 3328 1624 3406 (capite
1648 3330 1755 3406 vin)
1794 3327 1912 3405 Jam
1952 3321 2203 3405 probavi-

292 3446 441 3487 mue.
