2262 3990
760 208 761 211 Ἴ
795 150 924 197 rins
953 149 1150 197 unm.
1811 142 1897 190 ⁶07

27 259 403 322 definitionem
421 255 757 333 pontificiam
775 253 1244 313 confirmantium.
1258 253 1398 311 Nam
1412 266 1632 327 semper
1647 249 1756 308 dici
1770 266 1897 324 pos-

27 363 133 428 set,
150 374 242 415 eos
258 354 543 413 sufficiens
567 370 800 411 examen
830 369 943 410 non
961 349 1295 422 instituisse,
1309 348 1408 407 sed
1429 346 1757 423 simpliciter
1778 362 1900 403 sese

26 453 340 514 auctoritati
365 452 520 528 Papae
552 450 881 517 submisisse
903 474 915 519 ;
937 451 1124 525 sieque
1147 449 1304 506 nulla
1326 451 1639 505 remaneret
1662 442 1900 502 auctori-

27 558 132 620 tas,
158 551 249 609 cui
272 568 388 608 sese
412 550 469 607 in
488 548 716 607 materia
742 548 866 606 fidei
898 548 1172 622 subjicere
1215 545 1508 604 christiani
1542 548 1893 602 tenerentur.

24 651 141 708 Non
171 649 348 706 solius
376 647 675 711 Pontificis‚
721 665 888 720 quam
935 646 1371 704 insufficientem
1427 643 1690 701 effutiunt
1732 640 1899 697 Galli-

25 744 150 803 cani
177 744 490 820 systematis
518 759 809 816 sequaces;
855 760 968 799 non
1003 741 1283 806 Pontificis
1307 740 1479 796 simul
1515 745 1569 797 et
1600 737 1899 814 Episcopo-

25 860 174 913 rum,
200 841 328 916 quia
350 839 775 898 contenderetur
804 837 1095 911 Episcopos
1114 855 1223 893 non
1253 838 1542 909 judicasse,
1567 836 1667 893 sed
1691 835 1900 893 solum-

25 940 186 997 modo
215 938 370 1014 Papae
401 938 828 1012 obtemperasse.
864 936 998 992 Noto
1022 935 1209 992 notius
1238 940 1321 991 est
1352 940 1561 1007 quanta
1593 933 1896 1010 pertinacia

22 1037 343 1096 Jansenistae
371 1039 537 1094 hocce
566 1035 983 1110 propugnaculo
1011 1034 1265 1092 haeresim
1302 1051 1461 1090 suam
1494 1033 1775 1090 mordicus
1809 1050 1896 1088 re-

25 1135 198 1192 tinere
221 1133 403 1191 conati
426 1134 559 1191 sint.
603 1134 753 1190 Unde
796 1134 863 1189 ad
895 1151 987 1189 eos
1020 1131 1415 1207 expugnandos
1453 1128 1896 1203 debueruntipsi

24 1238 77 1291 et
103 1232 271 1290 etiam
306 1231 568 1288 Gallicani
603 1232 864 1307 praesules
891 1230 1207 1306 opinionem
1241 1229 1391 1285 illam
1423 1227 1736 1303 explodere.
1769 1226 1897 1293 Quae

27 1331 182 1400 ratio,
210 1329 495 1402 inquiunt,
528 1329 717 1401 siquid
757 1327 976 1398 valeret,
1013 1327 1208 1382 nullum
1236 1335 1367 1382 esset
1405 1325 1629 1398 amplius
1654 1323 1895 1398 qenerale

26 1428 313 1494 concilium,
347 1428 486 1499 cujas
516 1426 722 1481 decreta
753 1426 992 1481 similiter
1026 1426 1314 1497 impieqnari
1337 1442 1440 1480 non
1471 1429 1708 1497 possent,
1731 1439 1893 1478 cuma

27 1521 274 1593 Pontifice
303 1530 462 1577 antea
486 1524 706 1594 fuissent
727 1524 1017 1596 proposita.
1047 1522 1260 1593 Semper
1296 1523 1429 1576 enim
1466 1521 1761 1575 dicerentur
1790 1520 1895 1592 ple·

24 1617 167 1688 rique
195 1616 437 1690 Episcopi
475 1619 603 1690 ipsis
637 1619 1005 1673 subscribentes
1044 1635 1145 1671 non
1183 1617 1327 1671 alind
1369 1617 1570 1687 secisse,
1628 1617 1728 1669 nisi
1776 1615 1893 1669 sub-

22 1715 223 1769 mittere
262 1733 317 1769 se
360 1718 659 1771 auctoritati
686 1733 836 1788 qao-m
886 1716 1213 1788 infallibilem
1239 1716 1478 1786 judicant
1523 1712 1600 1786 (in
1649 1711 1892 1768 comitiis

19 1809 151 1865 cleri
186 1811 449 1867 Gallicani
492 1811 621 1866 anni
654 1812 818 1881 1728,
855 1812 940 1866 die
964 1812 995 1868 8
1023 1811 1198 1882 maii).
1806 1815 1813 1822 '

91 1908 249 1963 Nota.
275 1941 341 1950 -
362 1909 693 1965 Praesentem
717 1907 1151 1983 propositionem
1172 1915 1420 1963 nostram
1453 1906 1728 1980 (videlicet
1745 1906 1891 1979 quod

0 2004 269 2083 3Episcopi
287 2023 411 2063 vere
432 2005 544 2062 sint
575 2007 780 2079 Jadices
812 2005 1142 2062 adhaerendo
1159 2005 1313 2079 Papae
1342 2003 1676 2073 definitioni,
1698 2022 1891 2076 quam-

16 2102 96 2159 vis
116 2103 166 2159 ei
198 2102 476 2160 adhaerere
505 2110 816 2174 teneantur,
843 2109 898 2160 et
922 2103 1285 2159 dissentiendi
1315 2103 1628 2158 libertatem
1652 2114 1764 2157 non
1795 2103 1890 2158 ha-

17 2198 201 2271 beant)
237 2200 604 2274 propugnavit
632 2199 959 2256 Fenelonius
1003 2198 1419 2255 Cameracensis
1473 2198 1806 2271 EpiscopuS,
1838 2198 1893 2253 in

12 2311 110 2350 sua
140 2295 402 2369 pastorali
438 2295 822 2365 instructione,
849 2294 956 2351 diei
981 2295 1050 2350 20
1079 2294 1294 2368 aprilis,
1328 2293 1455 2348 anni
1485 2293 1627 2347 1715
1654 2316 1665 2359 ;
1698 2292 1755 2346 in
1785 2312 1890 2365 qua

11 2393 285 2467 praecipue
327 2394 725 2450 attendendum
761 2395 863 2451 hoc
897 2394 1018 2468 ejus
1060 2394 1326 2468 praeelaro
1359 2391 1566 2447 dictum
1601 2411 1611 2445 2
1640 2391 1673 2447 J
1680 2392 1888 2447 udicare

11 2499 122 2561 post
133 2491 385 2563 judiciam
402 2490 668 2563 Pantilicis
694 2500 772 2547 est
802 2510 951 2548 saum
965 2492 1220 2564 judiciam
1241 2508 1352 2546 cum
1388 2490 1661 2560 Pontificio
1691 2490 1892 2561 conjun-

13 2602 146 2655 yere.
179 2585 285 2641 Hac
310 2588 512 2642 ratione
538 2586 781 2661 Episcopi
809 2588 929 2643 olim
957 2589 1370 2660 subscripserimt
1396 2587 1624 2658 ipsoram
1658 2585 1888 2640 concilio-

17 2700 128 2738 rum
181 2684 499 2755 qeneralium
549 2685 788 2741 decretis,
828 2685 1024 2742 Eorum
1067 2685 1334 2741 submissio
1383 2691 1494 2738 erat
1526 2683 1800 2755 judicium,
1841 2691 1885 2737 et

19 2796 191 2834 eornm
207 2778 454 2851 judicium
486 2791 599 2839 erat
642 2785 933 2841 submissio,
970 2784 1351 2840 Subscribentes
1385 2799 1496 2837 sese
1529 2782 1890 2837 submittebant

20 2875 168 2928 simul
194 2884 242 2929 et
277 2880 641 2948 confirmabant
672 2882 979 2938 decisionem
1006 2882 1213 2955 synodi.

94 2971 366 3027 Pnorosmo
390 2974 491 3028 ΙΨ.
511 3008 578 3018 -
604 2978 660 3034 Si
685 2981 831 3036 nulla
856 2983 1127 3054 praecessit
1157 2980 1319 3052 Papae
1359 2978 1614 3048 delinitiO,
1645 2975 1890 3048 quamdiu

23 3070 174 3124 durat
204 3071 510 3142 definiendae
535 3080 831 3146 quaestionis
877 3098 1118 3149 examen,
1147 3097 1239 3134 nec
1269 3086 1471 3134 ventum
1497 3086 1573 3131 est
1608 3076 1676 3131 ad
1710 3076 1894 3147 defini-

22 3168 210 3222 tionem
235 3170 426 3240 ipsam,
465 3170 604 3226 Iicite
636 3184 850 3246 possunt
884 3178 1082 3232 concilii
1116 3177 1303 3232 Patres
1346 3195 1378 3231 a
1419 3175 1565 3248 Papa
1595 3176 1890 3230 dissentire.

25 3293 94 3300 —-
112 3261 307 3318 Tribus
335 3265 635 3337 praemissis
659 3269 1130 3343 propositionibus
1153 3271 1369 3344 egimus
1391 3271 1458 3326 de
1478 3289 1608 3347 casu
1633 3290 1740 3344 quo
1759 3290 1895 3345 prae-

25 3357 190 3415 cessit
218 3359 446 3417 Romani
474 3363 750 3422 Pontificis
778 3366 1150 3440 dogmaticum
1177 3369 1480 3425 decretum.
1511 3369 1607 3426 llie
1638 3387 1764 3426 vero
1803 3389 1891 3427 ea-

26 3474 150 3511 sum
183 3458 542 3532 expendimus
568 3480 676 3535 quo
702 3465 852 3521 nulla
895 3466 1166 3539 ejusmodi
1195 3467 1471 3541 praeeessit
1493 3467 1770 3542 pontificia
1800 3468 1890 3525 de-

26 3549 219 3610 finitio.
262 3555 424 3613 Porro
455 3563 588 3615 tunc
624 3562 899 3618 sententia
926 3562 1157 3619 Romani
1189 3563 1488 3634 PontificiS‚
1507 3571 1671 3638 prout
1702 3570 1754 3622 et
1785 3582 1887 3622 cae-
