2306 4010
820 226 942 273 PARS
973 224 1210 273 SECUNDA,
1861 222 1945 270 341

0 295 3 388 l
89 348 263 399 mare;
310 350 372 388 ac
416 336 675 407 praeterea
718 332 947 389 ectesim
994 331 1147 388 illam
1179 347 1290 387 non
1319 330 1593 388 occultam
1627 328 1951 386 retinuisset

85 445 264 501 usque
298 428 366 485 ad
397 429 677 502 cognitum
705 428 928 486 Honorii
955 429 1191 495 obitum,
1217 427 1312 485 sed
1339 445 1403 484 eo
1427 425 1685 483 Pontifice
1712 426 1958 507 vivente,-

86 543 148 581 ac
174 532 360 600 aperte
385 526 785 601 patrocinante,
817 544 937 583 eam
974 526 1327 601 publicasset.
1371 524 1534 599 Atqui
1578 530 1804 591 econtra
1830 522 1952 579 Ser-

0 672 2 698 ,
85 622 208 695 gius
243 622 311 679 de
344 622 564 678 Honorii
602 622 846 697 epistolis
883 630 1152 698 perpetuo
1193 623 1370 687 siluit,
1403 640 1505 678 nec
1544 620 1751 678 ectesin
1793 637 1952 677 suam

84 717 335 788 evulgare
374 734 543 771 ausus
587 723 668 772 est
709 716 815 772 nisi
861 723 984 790 post
1034 717 1167 773 dicti
1211 700 1488 773 Pontificis
1521 717 1758 773 obitum.
1813 716 1953 788 Ergo

84 810 225 868 hinae
248 810 469 865 Honorii
496 810 742 883 epistolae
765 811 1107 884 interpolatae
1135 818 1264 868 sunt
1294 813 1474 884 quoad
1503 830 1593 868 eas
1620 819 1806 887 partes
1834 813 1955 887 qui-

90 908 192 964 bus
217 906 284 962 de
315 904 478 960 unius
513 910 565 960 et
595 905 837 979 duplicis
866 907 1207 980 operationis
1245 908 1513 964 vocabulo
1556 908 1846 965 silentium
1873 909 1955 966 in·

94 1000 310 1065 dicitur,
353 1015 445 1055 seu
492 999 671 1071 quoad
706 1017 797 1057 cas
830 1007 1015 1075 partes
1043 1001 1246 1074 quibus
1273 1008 1575 1058 consonant
1617 1021 1746 1059 cum
1785 1004 1955 1077 Sergii

95 1097 275 1156 ectesi.

161 1193 368 1266 objicies
397 1194 471 1249 1⁰.
490 1194 765 1252 —Noluit
793 1195 1015 1269 Sergius
1039 1196 1253 1253 vivente
1281 1195 1521 1252 Honorio
1549 1195 1667 1270 ejus
1691 1197 1954 1270 epistolas

85 1290 356 1364 evulgare,
388 1308 487 1347 nec
526 1292 751 1350 ectesim
792 1311 950 1350 suam
988 1293 1292 1368 publicare,
1337 1311 1407 1350 ne
1443 1293 1759 1351 Pontificem
1793 1293 1954 1350 illum

86 1387 338 1446 irritaret.

157 1487 455 1561 Respondeo
478 1511 492 1543 .·
521 1490 638 1546 Non
665 1498 783 1548 erat
809 1510 908 1547 cur
934 1493 1036 1548 hoc
1062 1492 1283 1564 Sergius
1308 1491 1552 1548 timeret.
1577 1490 1711 1547 Nam
1734 1498 1955 1548 econtra

85 1584 302 1641 ectesim
330 1568 689 1660 ⁴publicando
731 1606 787 1644 se
831 1589 1072 1645 Honorio
1116 1590 1457 1646 conformem
1507 1596 1557 1646 et
1608 1588 1953 1645 obedientem

85 1683 439 1755 praestitisset.
483 1686 543 1739 ln
587 1687 872 1761 hypothesi
918 1688 1066 1744 enim
1107 1687 1251 1762 quod
1294 1688 1547 1760 genuinae
1593 1688 1702 1743 sint
1733 1687 1956 1742 Honorii

84 1779 338 1853 epistolae,
375 1783 422 1838 is
454 1783 521 1839 ad
549 1783 801 1856 Sergium
829 1786 1126 1860 scripserat
1156 1809 1165 1840 ε
1198 1785 1312 1841 Haec
1348 1788 1609 1841 nobiscum
1646 1786 1958 1856 fraternitas

83 1884 246 1932 vestra
270 1880 540 1951 praedicet,
577 1884 708 1936 sicut
735 1901 827 1938 nos
861 1901 921 1938 ea
946 1884 1204 1939 vobiscum
1231 1885 1551 1938 unanimiter
1584 1883 1952 1954 praedicamus,

84 1971 356 2037 Quomodo
389 1975 687 2033 Honorium
717 1979 988 2036 irritasset
1023 1997 1083 2035 ea
1118 1979 1484 2054 praedicandO,
1521 1996 1642 2051 quae
1669 1978 1955 2053 praedicari

87 2070 294 2128 volebat
321 2073 625 2131 Honorius?

163 2166 369 2240 Objicies
400 2171 820 2246 2⁰.—SergiuS‚
857 2181 907 2230 et
943 2176 1185 2250 Pyrrhus
1217 2175 1336 2247 ejus
1377 2192 1712 2244 succcessor,
1743 2192 1954 2230 necnon

93 2261 373 2336 MacariuS,
409 2274 520 2324 toto
554 2270 677 2326 nisu
718 2272 1048 2344 persuadere
1090 2272 1426 2344 satagebant,
1472 2271 1696 2326 unicam
1738 2272 1805 2327 ab
1853 2272 1954 2327 Ilo-

98 2357 249 2412 norio
273 2359 450 2417 doceri
474 2365 671 2422 Christi
693 2369 1058 2425 voluntatem.
1094 2369 1143 2423 Si
1179 2369 1527 2440 evulgasscnt
1558 2367 1779 2423 llonorii
1811 2367 1954 2440 epis-

99 2452 232 2508 tolas
267 2456 321 2510 in
348 2458 546 2530 quibus
577 2468 693 2518 tum
722 2465 789 2520 de
814 2483 921 2520 una
954 2473 1073 2520 tum
1110 2465 1175 2520 de
1206 2465 1414 2540 duplici
1445 2465 1763 2539 operatione
1792 2465 1958 2522 silen-

97 2548 231 2605 tium
255 2551 535 2626 indicitur,
567 2558 778 2617 intento
810 2579 908 2617 suo
943 2562 1281 2618 nocuissent.
1319 2562 1455 2634 Ergo
1487 2562 1694 2618 mirum
1729 2579 1840 2617 non
1876 2571 1953 2619 cst

89 2662 178 2701 eos
203 2649 527 2711 abstinuisse
554 2657 621 2712 ab
650 2660 969 2732 evulgandis
1001 2661 1070 2715 iis
1091 2661 1315 2716 Honorii
1346 2661 1615 2735 epistolis,

164 2745 457 2819 Respondeo
497 2757 704 2825 primo:
739 2757 1032 2829 Nunquam
1070 2758 1294 2831 jactavit
1327 2759 1574 2831 SergiuS,
1611 2776 1800 2815 secum
1836 2777 1958 2815 scn-

89 2838 192 2893 tire
231 2842 526 2901 Honorium
566 2849 631 2904 de
672 2852 833 2907 unica
867 2854 1067 2909 Christi
1112 2854 1412 2911 voluntate.
1453 2854 1658 2911 Nullibi
1702 2856 1851 2911 enim
1898 2856 1956 2909 in

94 2934 310 3006 scriptis
354 2940 468 2995 suis
511 2943 602 2998 ubi
648 2946 713 3001 dc
750 2966 860 3004 una
899 2950 1180 3007 voluntate
1222 2952 1306 3006 vel
1349 2953 1666 3026 operatione
1709 2953 1956 3019 disserit,

96 3027 388 3086 Honorium
407 3037 675 3095 nominat.
697 3041 955 3100 Praeterea
983 3046 1126 3118 quod
1145 3047 1285 3119 prim
1296 3066 1357 3102 us
1381 3049 1481 3101 hoc
1506 3047 1572 3100 de
1597 3046 1831 3100 Honorio
1845 3048 1960 3117 jac-

97 3124 285 3178 taverit
310 3125 568 3199 PyrrhuS,
602 3141 747 3189 certo
777 3138 985 3193 scimus
1015 3158 1079 3194 ex
1118 3141 1433 3196 testimonio
1452 3140 1854 3213 JoannisPapae
1877 3139 1959 3209 lv,

98 3219 188 3290 qui
238 3219 314 3275 sic
360 3222 521 3278 habet
558 3246 568 3278 ε
619 3226 698 3282 Ex
739 3231 953 3287 diversis
1004 3238 1406 3305 sitqyestionibus
1448 3237 1738 3305 didicimus,
1789 3254 1963 3291 omnes

97 3315 439 3371 occidentales
483 3327 661 3389 partes
704 3324 920 3393 turbari,
964 3327 1132 3396 fratre
1179 3338 1357 3384 nostro
1407 3331 1609 3400 Pyrrho
1654 3330 1959 3387 Patr-{archa

96 3428 220 3465 nova
263 3413 498 3483 quaedam
540 3422 588 3468 et
624 3423 811 3488 praeter
847 3417 1079 3488 reyulam
1122 3422 1242 3491 fidei
1273 3425 1609 3495 practicante,
1649 3435 1697 3482 et
1734 3427 1802 3482 ad
1836 3445 1960 3500 pro-

91 3508 259 3576 prium
286 3527 490 3563 sensum
524 3513 667 3581 quasi
697 3521 883 3567 sanctae
902 3516 1163 3569 memoriae
1194 3515 1473 3573 Honorium
1500 3520 1765 3594 Papam...
1794 3531 1960 3578 altra·

96 3601 214 3658 here
235 3603 533 3674 festinante,
574 3608 708 3678 quod
739 3626 768 3662 α
802 3615 970 3663 mente
1002 3610 1234 3667 catholici
1270 3617 1432 3687 patris
1462 3626 1575 3673 erat
1590 3622 1797 3690 penitus
1835 3622 1960 3678 alie-
