2306 4010
798 231 922 278 PARS
952 231 1190 278 SECUNDA.
1845 223 1928 270 521

63 350 207 407 circa
259 346 458 419 dogma
499 338 647 415 quod
682 335 947 393 vocabulo
988 337 1084 392 illo
1128 332 1481 411 exprimitur.
1515 331 1783 388 Praeterea
1820 346 1932 386 non

68 451 285 504 tantum
313 442 448 498 dicit
478 434 746 496 Honorius
770 430 1163 488 abstinendum
1200 449 1322 489 esse
1346 450 1377 488 a
1397 428 1662 487 vocabulo
1693 427 1931 501 duplicis,

71 544 166 602 sed
218 541 383 598 etiam
411 557 440 594 a
472 530 730 593 vocabulo
751 530 904 586 unius
940 529 1299 602 operationis,
1336 528 1392 583 Si
1426 545 1556 600 ergo
1587 525 1743 601 prius
1786 523 1939 580 idem

73 643 143 700 sit
169 660 230 697 ac
260 637 490 696 definire
514 650 622 691 non
650 646 767 688 esse
791 627 847 683 in
879 627 1097 683 Christo
1124 628 1262 683 duas
1294 628 1628 696 voluntateS,
1659 631 1722 682 ut
1745 623 1937 681 volunt

73 738 389 807 adversarii,
417 731 685 812 posterius
712 727 858 784 idem
884 726 989 782 erit
1020 744 1082 782 ac
1126 726 1358 782 definire
1390 725 1757 782 eontrarium.
1799 723 1939 795 Ergo

75 838 184 894 duo
222 834 389 893 sim'ul
429 821 846 888 contradictoria
883 821 1222 878 definivisset
1259 821 1554 878 Honorius,
1584 821 1818 878 Detinire
1843 838 1941 877 au-

78 941 187 990 tem
213 929 379 989 simul
403 927 507 983 duo
534 918 980 987 contradictoria,
1015 925 1098 974 est
1132 917 1273 973 nihil
1309 917 1558 974 definire.

153 1031 207 1086 5⁰
229 1023 496 1099 Ohjiciunt
523 1015 818 1075 adversarii
849 1015 1097 1090 phrasim
1130 1033 1240 1087 qua
1262 1014 1556 1082 HonoriuS,
1575 1013 1850 1086 loquendo
1876 1014 1945 1070 de

74 1122 270 1181 litteris
302 1117 470 1191 Sergii
507 1115 571 1172 ad
599 1112 995 1189 Sophronium,
1027 1111 1160 1168 dicit
1201 1110 1453 1184 Sergium
1489 1109 1785 1184 scripsisse
1813 1129 1941 1166 cum

70 1220 222 1274 multa
246 1215 519 1290 prudentia
570 1220 618 1267 et
652 1212 1108 1284 circumspectione
1138 1211 1275 1281 (μετά
1310 1213 1500 1277 πολλῆς
1551 1213 1827 1280 προνοίαστε
1864 1210 1947 1262 καὶ

71 1312 392 1384 ὲπίσκεψεως).
417 1311 580 1366 Porro
605 1308 825 1381 Sergius
850 1306 1348 1364 monothelismum
1374 1305 1783 1380 propugnabat.
1803 1303 1941 1376 Ergo

74 1410 338 1469 Honorius
363 1408 534 1464 dictas
559 1404 729 1479 Sergii
754 1405 971 1461 litteras
1013 1403 1376 1480 approbando
1407 1421 1468 1458 ac
1499 1401 1802 1472 laudando,
1838 1402 1945 1457 hae-

76 1507 239 1563 resim
275 1505 503 1562 edocuit.

150 1604 446 1677 Respondeo
471 1623 487 1655 .·
511 1600 785 1676 expressis
809 1598 1063 1656 terminis
1107 1597 1241 1654 dicit
1273 1597 1506 1672 ipsemet
1537 1595 1814 1653 Honorius
1844 1613 1946 1651 cur

78 1700 260 1758 laudet
282 1700 450 1756 dictas
472 1698 645 1772 Sergii
674 1698 907 1763 litteraS‚
943 1703 995 1753 et
1021 1694 1157 1768 quid
1184 1694 1242 1748 in
1271 1693 1347 1749 eis
1377 1693 1591 1761 laudet;
1634 1691 1823 1747 laudat
1863 1690 1946 1745 ni-

78 1798 273 1855 mirum
307 1797 447 1871 quod
478 1797 697 1871 Sergius
722 1795 1004 1853 censuerit
1035 1792 1407 1850 omittendum
1442 1808 1562 1848 esse
1583 1808 1789 1846 novum
1827 1788 1943 1845 sive

73 1898 216 1951 unius
240 1895 351 1952 sive
378 1897 592 1970 duplicis
620 1893 956 1970 operationis
983 1891 1335 1949 vocabulum.
1363 1890 1452 1945 Sic
1482 1888 1629 1945 enim
1664 1888 1829 1943 habet
1862 1886 1941 1942 al-

74 1995 243 2068 legata
269 1995 480 2071 phrasis
509 2016 519 2048 :
551 1995 810 2052 Intuentes
843 1994 1061 2050 multum
1090 1992 1306 2067 provide
1342 1993 1806 2064 circumspecteque
1831 1990 1940 2061 s'ra-

74 2096 358 2150 ternitatem
394 2102 618 2150 vestram
641 2095 934 2166 scripsisse,
964 2090 1235 2146 laudamus
1276 2090 1558 2144 novitatem
1592 2087 1826 2144 vocabuli
1847 2104 1940 2142 au—

74 2193 338 2263 ferentem,
363 2193 494 2264 quoa
516 2201 691 2265 posset
714 2189 1020 2247 scandalum
1045 2188 1357 2263 simplicibus
1378 2204 1651 2259 qenerare.
1673 2186 1700 2241 J
1704 2204 1791 2241 arn
1810 2203 1939 2241 vero

78 2287 368 2362 propositio
388 2288 511 2358 ista,
548 2299 890 2364 opportunum
923 2289 1103 2361 judico
1144 2288 1416 2357 utriusque
1451 2284 1684 2340 vocabuli
1708 2285 1939 2338 omissio-

82 2402 212 2455 nem,
250 2404 354 2442 non
390 2388 705 2444 versabatur
753 2388 898 2443 circa
945 2386 1165 2458 dogma,
1204 2383 1300 2439 sed
1347 2381 1494 2437 eirca
1540 2379 1935 2436 oeconomicam

84 2483 560 2558 dispensationem,
580 2493 744 2559 prout
776 2485 892 2558 jam
923 2501 1090 2558 supra
1125 2482 1423 2556 probatum
1454 2485 1564 2544 est3
1592 2477 1936 2552 proindeque

79 2598 182 2637 non
212 2581 313 2637 suit
341 2599 492 2638 error
522 2582 575 2638 in
607 2584 879 2657 dogmate.
912 2581 1084 2652 Igitur
1119 2578 1410 2634 haereticus
1435 2594 1549 2631 non
1580 2574 1681 2630 fuit
1709 2574 1935 2647 Sergius

75 2677 290 2750 praeeise
321 2680 388 2735 ob
420 2681 736 2754 hujusmodi
767 2678 1097 2736 sententiam
1126 2677 1194 2732 ad
1221 2674 1595 2750 Sophronium
1644 2672 1933 2748 scriptam.

76 2773 134 2827 Et
168 2775 371 2847 pariter
404 2794 513 2832 non
554 2778 655 2832 suit
693 2776 1005 2848 haeretieus,
1032 2794 1133 2832 nec
1167 2773 1367 2831 erravit
1396 2773 1452 2828 in
1479 2773 1734 2845 dogmate
1761 2770 1938 2827 Hono-

79 2868 215 2937 riuS,
259 2873 505 2948 eamdem
552 2876 882 2931 sententiam
933 2873 1258 2948 profitendo,
1309 2870 1664 2947 approbando
1714 2887 1775 2925 ae
1812 2869 1940 2924 'lau-

79 2963 275 3018 (lando.

157 3062 208 3115 4⁰
260 3060 534 3132 Objiciunt
592 3066 882 3121 adversarii
934 3069 1163 3141 phrases
1214 3066 1417 3138 quibus
1473 3062 1608 3118 dixit
1669 3060 1942 3115 Honorius

83 3156 401 3212 trahendam
444 3176 552 3214 non
599 3178 715 3216 esse
759 3163 826 3216 ad
857 3164 1077 3235 dogma,
1114 3164 1226 3219 sive
1253 3163 1423 3217 unius
1457 3160 1570 3216 sive
1611 3157 1850 3230 duplicis
1885 3157 1942 3212 in

79 3252 288 3308 Christo
314 3252 642 3326 operationis
669 3255 1025 3323 locutionem;
1056 3266 1108 3313 et
1122 3255 1497 3329 grammaticis
1519 3253 1940 3325 relinquendam

78 3369 195 3407 esse
221 3350 641 3423 disputationem
681 3352 746 3406 de
780 3352 899 3407 istis
938 3354 1237 3408 vocabulis,
1278 3354 1353 3407 lta
1388 3369 1585 3425 nempe
1617 3351 1855 3407 occurrit
1885 3351 1941 3408 in

81 3447 246 3520 priori
281 3446 510 3521 epistola
540 3468 549 3500 ι
583 3468 609 3498 «
635 3447 746 3501 Non
786 3454 1000 3520 oportet
1037 3448 1102 3502 ad
1131 3449 1382 3520 dogmata
1426 3449 1540 3503 haec
1571 3447 1939 3505 ecclesiastiea

81 3549 415 3615 retorquere,
461 3561 581 3616 quae
622 3560 801 3615 neque
833 3543 1124 3616 synodales
1175 3544 1358 3618 apices
1391 3562 1555 3620 super
1597 3546 1699 3601 hoc
1739 3547 1941 3603 exmni-

83 3645 292 3706 nantes‚
337 3657 512 3711 neque
561 3639 914 3695 auctoritates
954 3640 1230 3696 canonicae
1262 3641 1387 3698 visae
1424 3648 1550 3700 sunt
1582 3643 1932 3718 explanasse3

312 3757 358 3791 n.
1638 3749 1691 3796 21
