2306 4010
835 18 860 39 ss

807 198 935 247 PARS
965 197 1204 247 SECUNDA.
1868 198 1956 244 265

71 310 223 368 illius
239 306 692 380 ⁴congregationis
717 307 810 364 cui
848 307 997 364 dicto
1032 306 1280 365 remedio
1309 305 1660 374 subvenitur,
1695 305 1779 369 vel
1819 322 1954 361 non.

73 408 131 468 Si
180 409 352 480 prius,
401 403 556 460 nulla
611 404 1046 478 pertimescenda
1107 404 1348 477 collisio,
1399 403 1591 460 nullus
1640 403 1954 461 conflictuS.

74 508 377 579 Agnoscent
411 500 617 576 quippe
657 501 873 557 sodales
912 518 1105 557 omnes
1137 519 1267 581 eum
1309 502 1700 576 professorem,
1729 501 1828 574 qui
1866 499 1958 556 Se-

78 604 202 660 dem
250 599 601 676 apostolicam
659 616 756 673 pro
807 604 1117 673 opportuno
1166 601 1414 656 remedio
1461 601 1620 669 adiit,
1686 601 1811 674 jure
1862 619 1961 656 suo

83 719 264 768 usum;
298 717 472 772 neque
498 698 554 754 id
585 697 692 772 ipsi
719 698 945 754 crimini
970 702 1204 770 vertent,
1235 716 1362 754 cum
1395 717 1508 754 non
1532 698 1960 774 vituperandus,
1991 772 1994 775 ι

86 801 179 858 sed
230 800 388 875 plane
430 797 748 863 ,laudandus
799 795 870 852 sit
914 795 1216 868 cujuslibet
1264 797 1473 851 subditi
1521 797 1589 851 ad
1634 815 1961 871 supremum

88 915 247 955 suum
287 895 618 970 superiorem
663 911 947 961 recursuS,
1000 893 1312 967 praesertim
1352 899 1584 963 urgente
1626 893 1962 950 conscientia

89 995 384 1052 institutus,
428 994 655 1067 Insuper
684 991 1011 1047 rescribenti
1055 990 1285 1046 Summo
1322 989 1571 1045 Pontifici
1609 998 1663 1046 et
1697 1009 1820 1063 quae
1849 1010 1967 1047 cor-

85 1089 303 1163 rigenda
340 1094 465 1144 sunt
499 1088 818 1160 indigitanti
845 1106 906 1143 ac
934 1087 1298 1162 praecipienti,
1333 1104 1526 1142 omnes
1573 1095 1833 1160 prompta
1876 1106 1967 1141 vo—

84 1188 293 1244 luntate
325 1207 386 1243 ac
418 1188 752 1258 humilitate,
776 1194 940 1261 prout
969 1193 1251 1256 tenentur,
1283 1186 1768 1259 obtemperabunt.
1797 1185 1971 1255 Igitur

89 1285 289 1341 nedum
321 1285 615 1340 inducatur
651 1284 889 1351 collisio,
924 1284 1120 1357 procul
1159 1288 1397 1347 arcetur3
1438 1282 1723 1353 simulque
1764 1282 1832 1336 de
1861 1299 1970 1336 me-

91 1381 178 1435 dio
216 1381 427 1436 tollitur
460 1381 667 1442 absona
708 1380 803 1434 illa
849 1379 1270 1452 pernicioseque
1309 1377 1584 1432 dissensio
1626 1378 1773 1432 inter
1804 1377 1972 1431 unius

94 1478 444 1550 ejusdemque
475 1477 918 1551 congregationis
959 1477 1324 1550 professoreS,
1360 1493 1600 1547 quorum
1640 1475 1734 1529 alii
1777 1475 1971 1530 licitam

101 1581 438 1647 propugnant
479 1576 537 1630 in
574 1574 806 1629 materia
837 1572 962 1628 fidei
1005 1572 1325 1646 opinionem
1356 1590 1523 1644 quam
1565 1571 1655 1627 alii
1686 1589 1971 1627 erroneam

99 1671 365 1744 planeque
400 1673 632 1727 illicitam
654 1670 1037 1744 pronuntiant.
1074 1669 1129 1723 Si
1167 1671 1449 1740 posteriue,
1498 1668 1554 1722 id
1593 1673 1694 1736 est,
1731 1667 1777 1721 si
1819 1667 1977 1722 dicta)

94 1769 530 1840 congregationis
557 1768 769 1843 praelati
796 1785 921 1823 cum
949 1765 1187 1821 subditis
1222 1766 1339 1819 suis
1364 1765 1439 1819 ita
1464 1765 1575 1819 sint
1602 1764 1790 1818 animo
1830 1780 1978 1818 com-

92 1865 286 1935 parati,
328 1873 388 1920 ut
427 1868 731 1921 Romanum
777 1864 1090 1920 Pontificem
1129 1867 1415 1937 tanquam·
1440 1879 1770 1936 supremum
1814 1880 1976 1936 supe-

91 1957 291 2013 riorem
340 1979 504 2015 suum
547 1978 841 2032 agnoscere
875 1979 937 2015 ac
965 1960 1048 2014 illi
1080 1977 1274 2033 parere
1298 1966 1556 2030 renuant,
1604 1959 1979 2032 subsequetur

93 2054 280 2127 utique
305 2054 619 2110 istiusmodi
654 2056 929 2112 societatis
959 2057 1367 2129 conquassatio;
1411 2064 1495 2112 ast
1527 2058 1766 2131 optanda
1795 2057 1974 2119 valde,

93 2156 275 2225 utpote
299 2150 354 2205 in
384 2151 592 2206 bonum
630 2151 882 2208 Ecclesiae
923 2159 976 2208 et
1010 2154 1281 2209 teterrimi
1321 2155 1566 2210 vulneris
1607 2155 1971 2210 sanationem.

93 2249 258 2320 Atque
286 2249 500 2305 utinam
542 2250 674 2323 (nisi
715 2251 900 2305 sanari
943 2268 999 2306 se
1041 2252 1267 2306 tandem
1302 2251 1589 2307 Pontificia
1633 2270 1804 2306 manu
1848 2271 1977 2306 con-

96 2346 327 2418 gregatio
354 2346 448 2402 illa
483 2347 651 2419 sinat.)
683 2365 792 2402 non
824 2348 1182 2420 perturbetur
1209 2349 1415 2414 solum,
1453 2349 1547 2403 sed
1579 2355 1630 2403 et
1663 2349 1973 2404 scindatur.

97 2444 311 2500 resectis
338 2444 590 2500 videlicet
633 2444 873 2518 putridis
913 2446 1204 2515 membris,
1250 2464 1278 2501 e
1307 2446 1513 2518 quibus
1559 2446 1731 2519 pestis
1769 2445 1977 2500 diffun-

95 2539 258 2607 ditur3
290 2541 363 2597 ita
398 2549 459 2597 ut
494 2542 643 2598 sanis
671 2543 830 2617 copia
868 2543 960 2599 fiat
985 2545 1469 2615 congregationem
1498 2544 1699 2618 ipsam,
1742 2544 1798 2598 in
1826 2544 1980 2597 novi-

96 2641 201 2692 tate
235 2655 358 2695 vere
387 2640 643 2695 catholici
686 2641 939 2715 spirituS,
983 2660 1094 2714 quo
1138 2643 1312 2697 bonos
1346 2643 1484 2714 jam,
1531 2660 1640 2696 non
1685 2647 1985 2696 venenatos

95 2734 306 2790 fructus
353 2737 568 2806 afferat,
623 2738 1011 2795 continuandi.
1061 2740 1355 2796 Enimvero
1401 2741 1447 2795 si
1493 2759 1599 2812 qua
1652 2740 1983 2796 clericorum

98 2830 342 2901 societaS‚
388 2836 692 2907 praesertim
729 2837 1016 2892 educando
1055 2838 1202 2893 clero
1250 2838 1491 2902 addicta,
1543 2838 1885 2893 malesanam
1922 2857 1983 2892 ac

103 2929 436 2998 reprobatam
465 2950 493 2985 a
515 2932 651 2988 Sede
676 2935 971 3007 apostolica
998 2935 1310 2991 doctrinam
1343 2936 1646 2992 diffundat.
1677 2953 1777 2989 nec
1801 2936 1867 2989 ad
1895 2954 1982 2988 vo—

101 3027 217 3075 cem
246 3022 432 3079 vicarii
473 3026 669 3082 Christi
708 3029 1038 3103 resipiscere
1074 3040 1264 3105 parata
1305 3032 1396 3100 sit,
1429 3031 1625 3105 procul
1666 3029 1834 3083 dubio
1872 3047 1979 3084 non

102 3124 182 3172 est
217 3118 271 3172 in
303 3119 537 3178 Ecclesia
577 3123 632 3178 in
673 3126 1117 3190 aedificationem,
1164 3129 1259 3183 sed
1304 3110 1369 3182 in
1389 3128 1611 3183 ruinam
1650 3132 1702 3179 et
1748 3125 1977 3180 scanda-

103 3215 235 3269 lum.
289 3215 390 3272 Nec
445 3219 748 3292 periculum
801 3224 1028 3291 minuit,
1073 3224 1164 3278 sed
1213 3225 1396 3297 potius
1440 3221 1741 3291 obtegendo
1793 3231 1973 3293 auget,

100 3330 263 3384 quam
291 3333 400 3387 prae
436 3334 493 3372 se
523 3318 629 3374 sert
662 3321 1022 3392 quantumvis
1066 3320 1500 3395 laudata-pietas
1533 3336 1595 3371 ac
1632 3337 1850 3374 morum
1893 3321 1973 3374 in—

101 3411 337 3479 tegritaS.
367 3413 657 3488 Conspicui
686 3434 818 3470 sane
845 3416 979 3469 olim
1009 3416 1117 3487 piis
1142 3415 1499 3485 austerisque
1525 3416 1778 3471 moribus
1803 3435 1831 3471 e
1854 3418 1974 3490 jan-

100 3506 321 3562 seniana
347 3516 491 3566 secta
518 3510 918 3582 quamplurimi
950 3531 959 3562 ;
993 3528 1061 3564 an
1094 3510 1215 3564 ideo
1245 3528 1352 3564 non
1381 3511 1651 3567 baeretici?
1675 3514 1753 3567 An
1787 3514 1974 3571 minus

102 3604 395 3675 perniciosi
433 3625 650 3674 eorum,
678 3607 843 3662 etiam
875 3624 1001 3662 cum
1031 3606 1170 3662 bona
1204 3607 1310 3662 fide
1339 3610 1635 3687 conscripti
1668 3612 1826 3669 libri‘?
1860 3614 1974 3669 Non
