2262 3990
220 140 312 188 490
899 128 1195 177 TRACTATUS
1226 128 1294 176 DE
1323 129 1472 177 PAPA.

146 286 158 302 .
220 245 488 323 possibile
511 256 715 313 nempe
748 242 834 293 est
867 254 903 292 ‘a
930 236 1181 293 Romano
1210 235 1476 294 Pontifice
1513 235 1815 296 dissentire
1842 239 2145 320 Episcopus

219 345 318 418 qui
343 357 534 398 veram
562 335 766 394 Christi
795 334 966 392 fldem
991 336 1370 411 profitentur‚‘
1388 354 1544 408 cum,
1573 355 1641 395 ex
1666 339 2144 424 hypothesi,non-
2163 393 2173 401 „
2248 372 2249 376 =

217 438 328 494 nisi
360 452 553 492 veram
584 433 744 490 illam
774 433 942 491 fidem
969 434 1261 492 Romanus
1284 435 1536 494 Pontifex
1562 436 1764 494 docere
1791 438 1992 513 possit.
2031 487 2035 490 Α

294 535 350 590 2⁰
384 534 446 590 In
471 534 758 591 contraria
789 539 980 591 autem
1013 535 1340 611 hypothesi,
1373 534 1432 591 id
1459 541 1565 608 est,
1601 536 1649 592 si
1682 535 1828 611 Papa
1855 537 2006 595 dicto
2030 540 2146 614 pri-

216 633 419 708 vilegio
449 634 691 690 donatus
718 651 832 690 non
861 633 955 704 sit,
988 651 1262 708 exurgere
1292 633 1666 710 poterit,-imo
1692 641 1746 692 et
1780 635 2004 693 debebit
2039 637 2149 696 dis·
2197 671 2205 675 -

215 733 422 789 sidium
452 731 754 806 ejusmodi,
779 740 832 789 et
872 733 1102 807 quidem
1131 733 1468 791 insanabile.
1490 733 1632 792 Nam
1655 740 1789 791 tunc
1816 735 2023 810 poterit
2045 723 2147 795 Ross

216 849 420 888 manus
457 831 710 889 Pontifex
748 850 1000 889 errorem
1040 832 1271 889 delinire
1302 851 1368 891 ac
1403 833 1716 890 tenendum
1755 833 2144 910 praescribere.
2192 857 2198 862 ·
2254 835 2256 837 ’

154 920 161 925 ’
214 930 331 994 Quo
363 948 500 987 casu
533 931 791 1007 Episcopi
827 950 1042 999 omncS‚
1081 950 1270 989 veram
1310 932 1516 990 Christi
1554 932 1724 989 fidem
1763 939 2040 1003 tenenteS,
2070 934 2150 992 lc-

215 1030 412 1102 gitime
445 1036 713 1107 poterunt
743 1050 807 1088 ac
832 1032 1004 1088 etiam
1034 1031 1319 1090 debebunt
1344 1033 1753 1091 contradicere.
1789 1034 1851 1090 Et
1879 1052 2006 1091 ecce
2037 1032 2150 1090 dis·-
2201 1094 2207 1100 ,

616 1114 618 1116 -
2259 1112 2262 1132 «

215 1129 429 1186 sidium
459 1135 512 1186 ct
547 1114 816 1187 schisma.
862 1130 1082 1186 Scilicet
1120 1149 1327 1206 corpus
1360 1131 1622 1189 Ecclesiae
1658 1150 1687 1188 a
1720 1151 1821 1190 suo
1863 1133 2064 1207 capite,
2097 1138 2151 1190 et

123 1289 125 1291 ,
214 1236 383 1306 caput
424 1249 454 1286 a
503 1249 604 1287 suo
650 1247 885 1304 corpore
934 1229 1263 1286 liaereticum
1308 1231 1792 1305 pronuntiabitur.
1838 1232 1949 1288 Nec
1993 1231 2149 1288 dicas

213 1338 353 1387 tunc
386 1332 702 1387 Romanum
737 1329 1063 1386 Pontificem
1110 1330 1452 1388 sententiam
1495 1349 1658 1388 suam
1703 1337 1856 1388 certo
1900 1336 2177 1388 mutatu--

214 1448 343 1484 rum
377 1451 385 1483 :
421 1448 553 1485 cum
597 1429 750 1486 enim
789 1436 1148 1505 supponatur
1172 1430 1448 1501 fallibilis,
1484 1431 1691 1507 poterit
1727 1430 1787 1486 in
1818 1449 1927 1487 suo-
1956 1447 2148 1489 errore

214 1528 580 1602 pertinaciter
601 1547 914 1586 remanere.
944 1528 1175 1586 Nullum
1209 1536 1401 1586 autem
1432 1536 1590 1586 tanto
1634 1530 1786 1586 malo
1808 1534 2014 1605 praesto
2042 1528 2146 1586 erit

213 1627 556 1697 rcmcdium;
593 1627 728 1700 quia
763 1633 919 1684 certo
949 1627 1201 1701 dignosci
1229 1647 1347 1684 non
1375 1629 1581 1704 poterit
1610 1646 1675 1684 cx
1701 1647 1813 1702 qua
1856 1633 2016 1704 parte
2043 1632 2148 1685 stet

214 1728 441 1783 veritas
468 1728 586 1784 Non
619 1728 771 1784 enim
801 1734 1020 1785 certum
1055 1729 1158 1785 erit
1193 1747 1391 1786 verum
1428 1748 1550 1787 esse
1585 1729 1734 1803 quod
1763 1729 1958 1786 definit
1979 1730 2144 1806 Papa,

215 1843 345 1882 cum
368 1835 725 1902 supponatur
760 1828 1038 1887 sallibilis,
1067 1828 1170 1885 Sed
1205 1848 1389 1905 neque
1417 1838 1635 1887 certum
1666 1830 1773 1888 crit
1801 1848 1990 1886 veram
2028 1847 2151 1887 esse

217 1927 559 1982 sententiam
599 1927 998 2002 Episcoporum
1039 1929 1148 2004 ipsi
1182 1931 1718 1998 coiitradicenti11n13
1771 1930 1906 2005 quia
1946 1931 2012 1987 de
2040 1928 2147 1985 fide

215 2043 328 2082 non
357 2032 440 2082 cst
467 2044 671 2101 corpus
696 2026 1098 2102 Episcoporum
1124 2047 1154 2084 a
1185 2029 1434 2085 Romano
1466 2030 1732 2086 Pontifice
1760 2031 2149 2103 sejunctorum

216 2144 339 2183 csse
370 2126 689 2199 infallibile,
730 2144 834 2182 nec
877 2127 995 2183 ulla
1035 2127 1245 2202 legitur
1275 2127 1482 2185 Christi
1525 2127 1826 2202 promissio
1870 2126 2147 2201 ejusmodi

213 2226 439 2300 corpori
468 2225 735 2300 acephalo
765 2243 828 2281 ac
847 2232 1111 2282 truncato
1142 2226 1311 2282 sacta.
1332 2226 1433 2282 Ubi
1459 2226 1600 2300 jam,
1634 2244 1847 2299 quaeSO,
1870 2226 1998 2282 fidei
2021 2225 2151 2282 uni-

212 2327 330 2380 tas?
356 2325 455 2381 Ubi
487 2325 673 2400 gregis
707 2342 840 2381 cum
882 2331 1130 2401 pastore,
1162 2325 1385 2382 aedifieii
1425 2343 1555 2382 cum
1589 2326 1986 2396 fundament0‚
2018 2343 2148 2383 con-

212 2425 625 2483 firmandorum
674 2445 804 2483 cum
857 2426 1259 2500 confirmante,
1321 2445 1384 2483 ac
1437 2426 1725 2483 variarum
1769 2426 2147 2483 Ecclesiarum

213 2545 345 2582 cum
389 2534 583 2584 centro
622 2528 860 2584 unitatis
901 2527 1180 2585 cohaesio?
1223 2528 1402 2602 Igitur
1438 2528 1514 2584 ita
1552 2527 1870 2585 necessaria
1914 2533 2019 2603 est,
2053 2544 2148 2584 ne·
2190 2545 2198 2553 ·

213 2625 350 2680 dum
395 2626 587 2695 utilis,
636 2627 873 2684 Romani
923 2627 1206 2684 Pontificis
1250 2627 1668 2699 insolubilitas,
1722 2619 1950 2702 ut'ipsa
2003 2627 2145 2684 exis-

214 2730 387 2796 tente,
419 2723 546 2780 licet
574 2743 686 2780 non
714 2726 965 2797 definita,
995 2726 1368 2803 impossibilis
1393 2727 1513 2801 jam
1541 2726 1614 2782 sit
1639 2726 1770 2782 fidei
1799 2744 1863 2782 ac
1891 2725 2146 2783 Ecclesiae

213 2823 413 2880 scissio
443 2829 495 2880 et
521 2823 711 2893 ruina;
742 2824 863 2898 ipsa
889 2843 1020 2881 vero
1048 2825 1365 2898 deficiente,
1398 2825 1650 2882 dissidiis
1676 2826 1934 2882 eamdem
1962 2825 2145 2881 Eccle-

214 2923 359 2980 siam
390 2923 652 2994 laccrari‚
687 2942 751 2980 ac
781 2941 811 2979 a
844 2924 1025 2999 portis
1061 2924 1375 2981 inferorum
1401 2924 1651 2982 subverti
1679 2942 1910 2982 neccsse
1951 2923 2043 2980 sit.
2071 2924 2146 2964 --’

212 3023 322 3080 Nec
379 3023 556 3094 dicaS‚
603 3023 857 3099 potuisse
898 3023 1188 3081 Christum
1234 3024 1384 3081 mala
1426 3025 1543 3081 haec
1583 3042 1918 3101 praecavere,
1966 3021 2140 3099 provi-

215 3122 398 3179 dendo
423 3130 487 3180 ut
525 3123 841 3181 infallibilis
883 3131 1027 3181 essct
1068 3124 1348 3182 sententia
1378 3125 1614 3199 majoris
1650 3124 1827 3200 partis
1853 3123 2158 3199 Episcopo·-

215 3239 368 3296 rum,
397 3222 531 3281 licet
562 3243 592 3280 a
617 3224 763 3300 Papa
787 3225 1209 3299 'sejunctorum,
1248 3229 1302 3281 et
1327 3225 1745 3300 praescribendo
1776 3229 1841 3280 ut
1867 3219 2139 3281 sententia

216 3320 315 3378 illa
349 3321 654 3380 haberetur
677 3342 782 3399 pro
811 3342 1075 3399 suprema
1114 3323 1244 3381 fidei
1276 3324 1575 3398 regula.—
1594 3324 1725 3381 Esto
1760 3320 2009 3399 potuerit
2035 3320 2139 3374 hoc

218 3420 384 3476 modo
412 3421 722 3496 providere.
748 3423 816 3480 At
840 3422 1122 3480 inutiliter
1157 3422 1237 3480 ita
1271 3422 1625 3499 providisset,
1656 3421 1768 3478 nisi
1800 3421 1973 3478 simul
1996 3415 2154 3474 hanc

221 3529 381 3571 suam
408 3518 824 3578 institutionem
852 3522 1176 3580 revelasset.
1207 3522 1376 3579 Porro
1411 3521 1617 3579 nullibi
1643 3520 1951 3578 revelatum
1984 3531 2141 3590 repe-

218 3610 367 3668 ritur
404 3618 553 3688 quod
595 3619 848 3678 Christus
891 3640 992 3696 pro
1040 3640 1308 3698 suprema
1349 3628 1404 3680 et
1438 3619 1729 3679 infallibili
1776 3616 1907 3675 fidei
1944 3611 2138 3689 regula
