2306 4010
386 175 472 222 552
1057 162 1351 211 TRACTATUS
1383 161 1450 208 DE
1482 162 1627 209 PAPA-

386 283 558 341 ctiam
599 275 1006 343 Occidentales,
1046 277 1101 329 01
1134 269 1438 345 Agathonis
1476 269 1668 344 legati.
1718 270 1862 334 Quid
1895 271 1993 344 ita,
2029 272 2140 330 nisi
2165 275 2295 349 quia

384 374 910 438 condemnationem
929 371 1255 429 nullatenus
1276 370 1524 428 habebat
1546 375 1820 444 tanquam
1844 353 2157 430 oecumenice
2173 381 2297 450 pru}

385 475 699 533 nuntiatam
733 477 831 530 aut
858 472 928 529 ab
941 470 1260 548 -apostolica
1285 469 1424 527 Sede
1449 468 1880 526 confirmatam?
2264 454 2290 505 7

461 573 516 630 5⁰
542 570 833 646 Colligitur
854 572 973 627 haec
1000 569 1197 627 eadem
1225 567 1518 643 persuasio
1537 585 1603 624 ex
1624 566 1887 644 pluribus
1907 465 2298 743 SCriPtorib{

386 671 485 747 qui
513 672 652 728 dum
681 688 710 726 a
739 668 950 748 synodo
984 667 1233 744 generali
1268 671 1423 724 sexta
1468 666 1769 723 damnatos
1795 665 2088 723 haereticos
2115 666 2255 725 rece'
2293 676 2298 698 ³

389 778 537 844 sent,
585 789 945 846 nequaquam
987 768 1297 826 Honorium
1335 767 1657 824 nominant.
1685 767 1892 824 Paulus
1924 765 2216 842 diaconUS,

389 871 500 928 vita
528 868 879 926 Constantini
907 866 970 924 IV
979 912 993 939 ,
1027 867 1207 925 dictos
1247 866 1540 924 haercticos
1582 866 1858 937 referenS,
1895 865 2105 924 omittit
2131 865 2249 924 Hon

389 969 561 1026 rium.
592 967 809 1025 Omittit
844 974 898 1024 et
932 967 1198 1036 ZonaraS,
1228 965 1288 1022 in
1309 965 1422 1022 vita
1443 963 1719 1039 ejusdem.
1758 965 1876 1020 Imo
1907 963 2159 1036 PhotiuS,
2184 983 2254 1022 an

390 1075 650 1145 apertum
687 1086 856 1124 suum
894 1084 1023 1123 cum
1066 1065 1320 1122 Romana
1367 1063 1612 1120 Ecclesia
1659 1063 1982 1133 dissidium,
2022 1062 2081 1118 in
2122 1063 2246 1121 codi

390 1187 492 1225 suo
520 1168 588 1225 de
615 1173 828 1243 septem
858 1164 1108 1241 synorlffi,
1131 1164 1426 1220 damnatos
1454 1162 1513 1218 in
1541 1169 1696 1220 sexta
1719 1162 1928 1238 synodo
1957 1161 2160 1218 asserit
2190 1161 2255 1220 Sc
2276 1204 2281 1227 „

388 1266 568 1340 gium,
590 1266 815 1340 Cyrum,
843 1264 1141 1342 Pyrrhum,
1169 1261 1431 1333 Paulum,
1452 1261 1703 1332 Petrum,
1733 1261 1890 1317 nulla
1917 1278 2150 1336 prorsus
2169 1260 2254 1316 fac

387 1364 615 1422 Honorii
645 1363 954 1420 mentione.
990 1362 1109 1418 Non
1153 1378 1284 1434 ergo
1316 1361 1631 1418 habebatur
1657 1360 1886 1417 lIonorii
1914 1360 2255 1417 condemnat

394 1474 664 1540 tanquam
692 1467 1006 1522 oecvcmenice
1030 1463 1419 1540 pronuntiata,
1453 1481 1553 1520 seu
1580 1468 1852 1536 tanquam
1878 1460 2162 1537 judicium
2186 1478 2252 1536 pr

397 1566 519 1642 prie
545 1565 761 1622 dictum
790 1563 1012 1641 synodi,
1055 1563 1186 1621 licet
1220 1582 1344 1620 eam
1375 1562 1674 1637 Orientales
1698 1560 2179 1638 pronuntiassent.

471 1667 744 1724 Remanet
767 1683 898 1739 ergo
917 1663 1344 1740 pronuntiatam
1371 1662 1428 1718 in
1458 1662 1765 1719 Ilonorium
1792 1659 2255 1718 condemnatione

398 1766 870 1824 oecumenicitatis
934 1766 1134 1822 robore
1190 1763 1445 1821 destitui.
1494 1762 1837 1819 Jamdudum
1873 1760 2088 1818 scilicet
2134 1759 2256 1817 Orie

397 1866 536 1922 tales
600 1866 903 1941 Episcopos
948 1866 1232 1922 invaserat
1283 1864 1568 1920 malesana
1620 1863 1876 1938 zelotipia
1928 1862 1986 1917 in
2036 1843 2268 1918 Roman

393 1965 710 2036 Antistites,
758 1965 920 2039 cujus
975 1983 1256 2040 supremae
1304 1964 1648 2037 auctoritati,
1699 1962 1849 2020 haud
1900 1963 2142 2033 libenter
2199 1947 2264 2018 se·

394 2063 788 2139 subjiciebant.
826 2063 963 2120 l‘Iinc
993 2064 1073 2120 cis
1094 2063 1301 2119 durum
1339 2081 1460 2119 esse
1500 2063 1694 2119 debuit
1731 2061 2099 2118 condemnari
2129 2061 2225 2135 plu

394 2163 952 2238 Constantinopoleos
987 2162 1358 2236 Patriarchas,
1394 2161 1450 2218 id
1474 2168 1557 2218 est
1585 2161 1844 2235 Sergium
1878 2166 1931 2218 01
1967 2177 2256 2217 successor

395 2246 552 2338 cjus3
586 2269 762 2336 utque
802 2262 996 2319 minus
1037 2262 1376 2337 probrosum
1414 2262 1469 2316 id
1507 2261 1816 2330 videretur,
1850 2280 2048 2318 ansam
2075 2261 2224 2337 arrip

396 2371 531 2422 runt
554 2363 862 2420 damnandi
894 2363 1069 2420 simul
1112 2369 1164 2421 et
1208 2362 1445 2420 Romani
1479 2362 1757 2419 Antistitis
1792 2362 2044 2436 Ilonorii,
2090 2380 2155 2418 ex
2198 2381 2257 2437 p¹

397 2467 582 2525 ductis
611 2473 665 2524 01
690 2485 1052 2541 nequaquam
1081 2465 1355 2522 discussis
1390 2464 1611 2522 duabus
1650 2465 1770 2540 ejus
1801 2463 2154 2539 interpolatis
2181 2481 2243 2540 ep

398 2567 550 2623 toliS.
584 2565 682 2622 Cui
711 2583 847 2623 sanc
884 2569 1152 2622 attentato
1190 2582 1486 2622 assensum
1511 2582 1626 2621 non
1651 2562 1924 2621 dederunt
1954 2562 2163 2637 Legati,
2193 2561 2231 2618 li

400 2668 542 2723 nihil
572 2668 628 2723 in
663 2667 803 2724 actis
831 2667 897 2723 dc
924 2667 1027 2723 hoc
1062 2665 1397 2742 reperiatur.

474 2767 759 2821 Paorosmo
783 2765 861 2820 Vfl.
889 2797 965 2805 —
986 2765 1294 2821 Hadrianus
1318 2765 1470 2838 Papa
1506 2764 1560 2822 ΙΙ
1586 2784 1691 2821 non
1732 2766 1888 2835 (lim,
1922 2765 2206 2821 condemna

401 2867 561 2939 fuisse
587 2864 879 2921 Ηοηονὶιωη
912 2881 1028 2919 cum
1062 2881 1320 2919 consensu
1362 2864 1511 2920 Sedis
1552 2865 1875 2937 apostolicae.
1902 2899 1972 2904 —
2001 2864 2140 2920 Dum
2175 2879 2235 2920 ce
2283 2858 2306 2910 s

400 2964 657 3020 liraretur
676 2967 871 3019 contra
893 2961 1178 3034 Photium,
1208 2980 1356 3032 anno
1379 2962 1511 3034 869,
1533 2969 1725 3020 octava
1748 2962 2028 3038 generalis
2050 2959 2220 3038 synod
2247 2991 2293 3026 ,ς

402 3063 611 3119 lectum
641 3068 724 3119 est
766 3062 935 3117 hocce
978 3060 1247 3117 Hadriani
1274 3061 1318 3116 ll
1345 3061 1414 3117 ad
1441 3062 1632 3119 Patres
1670 3061 1894 3118 concilii
1930 3039 2295 3137 rescripturiii:

405 3184 430 3215 «
477 3159 852 3218 Intolerabilis
889 3165 970 3217 est
999 3158 1108 3216 ista
1135 3160 1527 3236 praesumptio,
1559 3159 1941 3232 dilectissimi,
1971 3167 2022 3218 et
2052 3161 2190 3216 lianc
2219 3165 2299 3228 atl-

400 3280 487 3319 res
533 3259 993 3337 praecordiorum,
1032 3259 1229 3332 fateor,
1275 3260 1557 3317 sustinere
1595 3279 1705 3318 non
1739 3269 1995 3336 possunt.
2035 3258 2166 3324 Quis
2209 3248 2300 3313 uu-

400 3380 570 3434 quam
602 3366 854 3418 vestrum
882 3359 996 3417 tale
1026 3359 1183 3434 quid,
1213 3378 1435 3435 precor,
1464 3360 1698 3432 audivit,
1732 3361 1819 3418 vel
1847 3359 1973 3435 quis
1995 3345 2300 3432 hujusmodi

402 3460 738 3516 temeritatis
778 3460 978 3517 saltem
1010 3458 1250 3516 lectione
1286 3459 1727 3517 immensitatem
1758 3457 2000 3516 invenit?
2034 3449 2301 3529 Siquidm!

406 3558 724 3617 Romanum
750 3559 1074 3618 Pontificem
1098 3560 1166 3617 de
1180 3560 1444 3617 omnium
1466 3561 1846 3618 Ecclesiarum
1877 3547 2303 3634 praesulihuszj'u·

409 3655 627 3716 dicasse
672 3661 952 3733 legimus3
1001 3661 1069 3719 de
1097 3679 1162 3719 eo
1195 3679 1321 3719 vero
1349 3679 1691 3736 quemquam
1722 3658 2010 3734 judicasse
2032 3672 2144 3712 non
2175 3642 2300 3721 legi-
