2262 3990
875 137 1003 186 PARS
1031 134 1270 185 SECUNDA.
1925 135 2015 183 465

133 245 337 323 pernici
368 243 433 300 de
463 250 606 299 motu
637 241 839 324 telluris
865 241 1056 299 diurno
1089 246 1140 296 et
1164 254 1332 296 annuo
1366 237 1595 294 admittit
1633 236 1869 295 Ecclesia
1903 237 2022 305 Ros

135 357 291 398 mana
311 360 327 392 .-
350 339 484 413 Erqo
506 339 734 396 admittit
754 339 811 394 in
835 337 999 396 Sacra
1026 337 1301 409 Scriptura
1331 350 1537 390 sensum
1577 333 2006 407 metaphoricum,

135 444 471 510 apparentem
501 443 548 492 et
586 436 901 509 opinativum
921 454 939 487 .-
961 442 1110 508 patet
1134 432 1519 505 consequentia,
1555 432 1678 503 quia
1710 432 2008 487 testimonia
2047 431 2058 438 ’

131 551 247 607 quae
263 539 444 589 contra
461 539 617 589 terrae
639 538 834 589 motum
857 531 1205 600 adducuntur,
1232 531 1334 585 nisi
1349 529 1421 585 ad
1443 528 1778 601 metaphoras
1809 535 1860 584 et
1881 529 2014 584 abu-

127 648 216 687 sus
231 631 602 686 sententiarum
627 630 930 697 trahantur,
950 628 1174 699 quietem
1198 627 1447 683 evincunt.
1470 625 1608 697 Erqo
1633 631 1684 681 et
1710 627 2004 698 poterimus

126 743 222 783 nos
257 726 463 782 eosdem
484 742 663 782 sensus
689 724 984 791 admittere,
1014 739 1131 778 cum
1159 738 1369 776 sacram
1399 723 1648 793 payinam
1688 724 2006 796 interpreta-

125 838 263 879 mur.
283 821 419 894 Erqo
436 827 486 877 et
502 821 815 894 poterimus,
839 818 960 872 dum
970 817 1291 890 proferimus
1302 818 1546 889 baptismi
1563 819 1740 888 verba,
1761 819 1995 889 infantes

124 918 332 974 abluere
356 936 455 990 per
476 914 734 990 famulos‚·
765 930 862 969 nos
885 914 1021 968 enim
1047 912 1325 967 moraliter
1344 914 1592 984 facimus,
1612 933 1728 986 quae
1760 919 1876 988 sieri
1908 935 2006 991 per

119 1017 382 1070 ministros
411 1013 667 1084 jubemus.
718 1009 857 1082 Erqo
888 1010 1170 1081 poterimus
1207 1011 1283 1063 uti
1317 1026 1452 1081 aqna
1490 1011 1756 1082 artificiali
1784 1016 1834 1068 in
1869 1015 2002 1088 bap·-

119 1112 270 1166 tismo
291 1109 410 1173 ;etsi
427 1110 563 1164 enim
591 1124 696 1163 non
729 1107 800 1161 sit
818 1123 956 1179 aqua
975 1123 1114 1175 vera,
1137 1113 1210 1160 est
1229 1122 1364 1178 aqua
1386 1123 1668 1178 apparens.
1691 1107 1829 1179 Erqo
1840 1117 1992 1181 pote-

115 1209 276 1263 rimus
292 1207 359 1262 ad
373 1206 727 1279 metaphoram
748 1205 954 1260 trahere
972 1205 1267 1260 testimonia
1284 1221 1393 1276 quae
1417 1204 1558 1276 apud
1577 1205 1851 1260 catholicos
1866 1224 1988 1262 con-

111 1306 416 1377 firmationis
452 1312 835 1360 sacramentum
869 1304 1127 1358 evincunt.
1158 1302 1381 1357 Peccata
1416 1319 1540 1373 erqo
1572 1309 1841 1374 tequntur,
1882 1321 1987 1359 non

113 1404 354 1459 delentur
376 1423 391 1455 .·
417 1405 587 1474 0ratia
604 1404 915 1475 imputatur,
934 1419 1037 1456 non
1056 1399 1320 1470 confertur
1335 1407 1411 1455 :et
1434 1398 1546 1455 loca
1568 1418 1739 1456 sacrae
1760 1404 1986 1474 payz‘nae,

110 1518 223 1573 qnae
247 1507 424 1555 contra
449 1500 638 1554 adduci
654 1499 847 1567 solent,
870 1499 1161 1570 siqnisicant
1179 1504 1426 1570 (sitantum
1444 1505 1683 1571 apparet.
1703 1498 1993 1555 Consecra-

109 1598 265 1651 tionis
299 1613 419 1668 eryo
442 1597 595 1652 verba
626 1603 746 1651 sunt
776 1596 1103 1651 admittenda
1134 1596 1512 1668 metaphorice,
1542 1603 1593 1650 et
1635 1597 1996 1653 transubstan-

112 1695 259 1748 tiatio
298 1694 554 1766 neqancla.
601 1693 738 1750 Ordo
770 1695 925 1765 iqitnr
965 1701 1017 1749 et
1056 1696 1466 1763 matrimonium,
1496 1696 1698 1767 politici
1739 1702 1789 1749 et
1825 1712 1991 1767 appa-

107 1796 280 1846 rentes
307 1796 472 1846 statns
510 1798 653 1859 sunt,
698 1808 801 1845 non
823 1792 932 1845 veri
954 1798 1038 1846 :et
1071 1791 1319 1863 quidquid
1357 1790 1421 1845 (le
1466 1798 1703 1845 eattrema
1735 1793 1980 1846 unctione

108 1885 318 1954 dicitur,
342 1892 539 1958 praeter
570 1886 916 1942 Romanorum
958 1888 1251 1958 opinionem
1287 1887 1417 1940 nihil
1442 1887 1615 1942 habet.
1662 1886 1797 1942 Ecce
1819 1888 1990 1942 haere-

106 1982 243 2040 ticos
276 1985 570 2039 ectheseon
608 1982 895 2038 mirabiles
935 1988 1194 2054 textoreS,
1223 2000 1390 2055 quam
1427 1989 1589 2040 caute
1621 1983 1867 2040 humana
1902 1982 1983 2040 di-

105 2080 247 2136 vinis
287 2081 620 2151 immiscent,
670 2080 1022 2137 confundunt
1060 2081 1386 2154 theologicis
1438 2082 1693 2156 physica,
1738 2101 1838 2156 pro
1879 2100 1979 2138 sua

112 2173 308 2229 haeresi
332 2176 576 2247 undique
607 2182 934 2247 argumenta
961 2176 1283 2231 corradunt.
1838 2248 1842 2253 ἢ

190 2289 218 2320 α
245 2269 386 2332 Quid
424 2271 490 2325 ad
517 2273 630 2326 haec
672 2259 997 2327 debere'mus
1021 2272 1355 2345 respondere
1381 2271 1682 2327 catholici?
1706 2272 1856 2328 Nihil
1895 2292 1984 2330 oc-

116 2362 289 2419 currit
314 2364 549 2435 saciliuS,
566 2366 705 2421 nihil
722 2366 922 2422 melius
939 2385 1106 2439 quam
1125 2367 1371 2441 primum
1401 2367 1731 2424 antecedens
1758 2386 1978 2443 negare.

112 2458 379 2543 Debemus
410 2462 579 2534 igitur
608 2481 767 2536 agere
792 2465 996 2537 gratias
1015 2464 1601 2522 Eminentissimorum
1621 2466 1978 2523 dominorum

113 2552 484 2611 Cardinalium
533 2558 840 2628 consessui,
892 2560 1040 2632 quod
1093 2578 1195 2615 nos
1248 2561 1316 2615 ab
1358 2561 1459 2616 hoc
1496 2569 1826 2633 arg-umento
1876 2569 1989 2618 tam

113 2649 262 2706 facili
323 2653 539 2725 negotio
606 2655 940 2729 expedierit,
1007 2657 1292 2732 Copernici
1355 2647 1667 2714 doctrinam
1725 2659 1985 2717 condem-

116 2747 322 2804 nando,

195 2862 222 2893 «
243 2842 377 2898 Hinc
402 2852 547 2917 patet
575 2847 707 2919 quid
732 2849 1181 2923 respondendum
1209 2851 1280 2907 sit
1315 2851 1733 2925 inquirentibus
1759 2873 1769 2904 z
1797 2854 1878 2908 An
1909 2856 1995 2923 qui.

120 2937 353 2993 tellurem
379 2941 779 3016 circumducunt,
799 2947 1000 3002 dicendi
1023 2950 1127 3003 sint
1161 2949 1532 3018 inobedienteS,
1558 2967 1625 3004 an
1647 2951 1802 3003 etiam
1822 2949 1988 3003 ltaere-

123 3035 231 3105 tici,
264 3034 342 3088 vel
369 3039 659 3093 temerarii?

191 3150 219 3182 α
247 3129 565 3203 Respondco
601 3133 740 3190 hanc
767 3138 1226 3211 propositionem,
1261 3148 1405 3195 terra
1438 3147 1690 3211 movetur,
1719 3138 1977 3197 bifariam

118 3245 276 3302 posse
301 3227 635 3285 considerari
660 3253 670 3295 ;
701 3231 992 3302 nimirum,
1020 3241 1081 3290 ut
1112 3236 1385 3291 haereseos
1411 3237 1716 3291 damnatam
1752 3237 1813 3290 ab
1852 3236 1994 3294 Emi—

117 3329 435 3382 nentissimis
488 3326 892 3399 Cardinalibus,
932 3331 1345 3404 praescindendo
1393 3352 1423 3389 a
1464 3333 1723 3390 Pontifice
1768 3354 1780 3387 :
1826 3340 1876 3390 et
1929 3342 1992 3392 ut

120 3423 419 3478 danniatam
457 3443 487 3479 a
523 3425 731 3480 Summo
762 3426 1032 3498 Pontifice,
1064 3446 1160 3484 seu
1193 3428 1430 3486 Ecclesia
1479 3430 1752 3507 Romana.
1784 3431 1838 3487 Si
1868 3437 1989 3490 tan-

118 3521 403 3580 tummodo
437 3529 579 3580 esset
623 3523 984 3582 condemnata
1024 3526 1091 3582 ab
1118 3526 1580 3586 Eminentissimis
1601 3530 1860 3602 dominiS,
1892 3532 1989 3606 qui
