2262 3990
782 233 908 280 PARS
937 232 1178 280 SECUNDA.
1837 229 1927 276 575

125 343 178 400 2.
226 341 327 398 Sed
371 358 552 415 neque
597 340 836 413 genuina
881 338 1101 415 probari
1141 342 1395 414 possunt,
1426 353 1492 393 ex
1527 354 1592 393 eo
1624 336 1740 392 solo
1779 337 1926 409 quod

52 439 256 514 stylum
287 437 539 513 Cypriani
560 437 859 494 redoleant.
890 436 946 492 ld
978 436 1113 492 scite
1145 435 1490 491 demonstrat
1512 434 1772 490 laudatus
1795 431 1931 490 Nisi-

52 535 263 591 biensis
287 534 741 608 Archiepiscopus
772 535 952 608 (opere
977 532 1160 601 eitat0,
1191 531 1391 607 pagina
1426 531 1539 603 75).
1578 530 1777 587 «Haud
1801 548 1930 587 sane

59 630 403 705 impossibile
442 635 547 698 est,
596 629 798 702 inquit,
844 627 1132 702 scriptoris
1176 627 1411 699 alicujus
1449 627 1653 704 stylum
1695 625 1926 682 imitari.

58 728 131 783 Ad
175 728 230 783 id
271 727 541 802 siquidem
582 725 954 800 praestandum
996 725 1104 780 alio
1134 742 1245 779 non
1282 735 1419 797 opus
1453 730 1537 780 est
1573 743 1742 798 quam
1784 731 1932 781 certo

56 823 295 896 quodam
314 822 516 895 ingenii
539 821 815 887 acumine,
851 826 902 875 et
925 819 1261 893 scriptorum
1296 819 1692 875 imitandorum
1727 826 1932 878 attenta

56 919 109 971 et
131 916 318 971 solerti
349 915 802 970 consideratione.
833 914 896 968 Ut
934 915 1093 983 ade0,
1115 931 1181 968 ex
1210 914 1383 968 simili
1411 914 1768 987 periodorum
1804 933 1933 970 con-

51 1017 198 1068 textu
248 1011 652 1082 verborumque
695 1009 1059 1083 usurpatione
1107 1026 1458 1081 nequaquam
1518 1010 1706 1082 colligi
1756 1012 1933 1066 valeat

52 1106 238 1180 scripti
274 1106 511 1178 alicujus
551 1106 855 1162 sinceritaS.
888 1130 911 1158 »
947 1106 1126 1163 Facile
1152 1113 1450 1181 potuerunt
1477 1107 1721 1162 haeretici
1759 1109 1932 1162 Dona-

48 1203 206 1273 tistae,
235 1209 294 1259 ut
328 1221 544 1259 errores
581 1222 708 1259 suos
743 1204 998 1278 Cypriani
1039 1205 1364 1261 auctoritate
1400 1210 1771 1278 protegerent,
1802 1223 1931 1259 con-

51 1299 172 1356 ficta
199 1307 247 1355 et
275 1300 544 1373 Cypriano
569 1301 710 1374 stylo
734 1301 999 1357 adornata
1024 1303 1231 1375 scripta
1258 1302 1507 1375 quaedam
1536 1302 1643 1375 ipsi
1663 1302 1930 1374 tribuere,

51 1413 111 1454 ac
150 1395 206 1451 in
243 1396 440 1468 vulgus
480 1397 752 1453 emittere.
796 1398 981 1470 quue
1012 1398 1227 1454 facilior
1266 1399 1440 1468 fraus,
1482 1399 1629 1470 quod
1676 1399 1933 1472 Cypriani

51 1511 211 1568 opera
235 1511 342 1548 non
381 1502 628 1550 constent
666 1495 859 1568 paucis
895 1496 1216 1552 tractatibus
1255 1497 1507 1551 eamdem
1543 1497 1835 1551 materiam
1877 1497 1933 1550 in

51 1592 269 1666 longum
301 1593 698 1660 evolventibus3
738 1594 832 1649 sed
871 1594 1126 1668 epistolis
1159 1595 1272 1649 fere
1314 1597 1383 1649 ac'
1408 1594 1719 1668 opusculis;
1762 1595 1838 1650 ita
1874 1601 1935 1650 ut

53 1690 119 1746 ad
143 1685 459 1747 inserendas
482 1692 539 1746 in
562 1692 778 1748 codices
796 1691 1144 1766 Cyprianieos
1168 1694 1387 1768 spurias
1410 1693 1758 1767 scriptioneS,
1785 1693 1933 1747 haud

54 1804 269 1844 necesse
291 1789 458 1844 suerit
490 1796 755 1846 tractatus
787 1790 1024 1862 alicujus
1063 1791 1260 1846 seriem
1305 1792 1556 1847 scindere
1593 1809 1654 1846 ac
1693 1791 1935 1863 interpo-

56 1882 186 1952 lare,
234 1886 327 1940 sed
356 1887 490 1942 satis
533 1887 700 1942 suerit
738 1887 994 1962 spurium
1040 1888 1504 1955 additamentum,
1544 1894 1668 1960 post
1710 1888 1932 1942 ahsolu-

55 1983 174 2034 tum
197 1980 418 2052 aliquod
441 1983 775 2056 opusculum
803 1984 1114 2056 aliquamve
1140 1984 1455 2058 epistolam,
1485 1984 1840 2058 interponere
1871 2004 1933 2041 ae

53 2075 220 2131 veluti
253 2095 537 2135 consuere.
588 2081 760 2153 Igitur
799 2082 1094 2155 hypothesi
1131 2083 1546 2156 suppositorum
1581 2101 1609 2136 a
1637 2082 1931 2139 Donatistis

54 2172 509 2229 documentorum
560 2195 910 2249 nequaquam
953 2180 1134 2233 obstat
1169 2180 1423 2233 codicum
1461 2180 1786 2251 antiquitaS,
1834 2198 1933 2236 nec

55 2266 383 2339 Cyprianicae
402 2271 601 2325 similis
626 2274 753 2344 styli
787 2275 982 2328 forma.

128 2361 475 2419 Recensenda
509 2367 596 2421 hic
621 2368 889 2439 ejusmodi
925 2370 1383 2427 documentorum
1417 2373 1607 2440 series;
1633 2381 1706 2443 et,
1743 2376 1927 2446 quoad

54 2462 490 2534 unumquodque
536 2465 764 2520 seorsim
811 2466 1141 2540 inspectum,
1175 2471 1489 2542 promenda}
1523 2471 1774 2526 rationes
1809 2490 1930 2543 quas¹

53 2555 268 2611 obstant
299 2575 366 2612 ne
395 2578 492 2632 pro
519 2562 760 2632 genuino
793 2563 1082 2619 habeatur.

126 2719 150 2770 g
170 2718 207 2758 4.
235 2742 285 2749 —
308 2722 486 2763 Conticta
510 2723 640 2766 fuisse
664 2737 686 2764 a
707 2726 930 2768 Donatistis
954 2729 1063 2770 dicta
1088 2729 1333 2772 documenta
1354 2732 1641 2784 colligendum
1667 2736 1781 2776 venit
1806 2749 1853 2777 ex

794 2794 979 2846 ipsorum
1006 2802 1164 2838 tenore.

129 2911 167 2965 l.
201 2913 435 2984 Epistola
470 2919 524 2973 S.
563 2921 810 2992 Cypriani
843 2926 911 2978 ad
938 2926 1217 2998 Episcopos
1244 2928 1515 2984 Numidiae.

130 3007 474 3080 inscribitur,
509 3015 573 3067 ml
607 3016 919 3074 ,lavinarium
940 3030 987 3075 et
1020 3031 1235 3077 caeteros
1265 3024 1553 3095 Episcopos
1584 3024 1836 3078 Numidas
1868 3025 1930 3078 tle

57 3103 375 3174 baptizandis
405 3107 680 3177 haereticiS,
713 3119 765 3167 et
786 3119 866 3168 est
891 3118 1296 3188 septuagesima
1320 3118 1378 3172 in
1404 3119 1645 3193 editione
1673 3119 1923 3190 Pamelii‚

58 3195 406 3268 habeturque
436 3201 579 3271 apud
604 3202 780 3259 Labhe
815 3208 880 3279 (t.
905 3208 948 3276 l,
975 3210 1079 3264 col.
1118 3211 1244 3278 762,
1274 3212 1518 3279 Parisiis,
1551 3212 1734 3278 1671).

134 3292 186 3345 1⁰
219 3292 511 3350 Confietam
550 3296 723 3354 fuisse
752 3300 894 3357 hanc
928 3304 1219 3376 epistolam
1261 3308 1548 3379 colligitur
1590 3327 1652 3364 ex
1685 3327 1748 3365 eo
1776 3311 1922 3383 quod

53 3385 390 3445 inducantur
416 3391 666 3468 Episcopi
691 3394 962 3452 Numidiae
986 3404 1254 3473 tanquam
1285 3403 1420 3459 certi
1446 3404 1613 3461 simul
1648 3413 1699 3462 et
1727 3407 1920 3464 incerti

55 3480 121 3538 de
144 3485 374 3541 tenenda
413 3487 659 3546 doctrina
690 3497 743 3547 et
771 3510 962 3550 norma
988 3498 1170 3568 quoad
1195 3498 1468 3573 baptisma
1505 3498 1913 3564 haereticorum.

57 3575 143 3635 Sic
169 3582 399 3656 epistola
434 3588 744 3653 exorditur:
783 3591 910 3649 Cum
936 3595 1091 3651 simul
1121 3599 1171 3652 in
1200 3599 1419 3658 concilio
1447 3619 1695 3673 essemus,
1723 3606 1919 3677 fratres
