2262 3990
810 158 934 207 PARS
963 157 1202 207 SECUNDA.
1867 154 1955 203 575

78 269 304 333 barem,
341 272 398 320 ut
427 282 540 319 cam
567 281 664 337 per
695 264 1063 319 auctoritatem
1084 259 1356 334 Aqrippini
1383 260 1562 316 sanari
1591 263 1876 333 oporteret,
1898 259 1951 314 si

75 366 136 422 ab
150 363 435 438 Ayrippino
462 379 623 435 usque
643 362 712 418 ad
738 361 1055 435 Cyprianum
1071 359 1166 415 hoc
1183 357 1387 415 tenebat
1405 356 1668 414 Ecclesia?
1694 354 1863 431 (libro
1878 353 1952 411 111

74 467 266 521 contra
291 459 620 531 DonatistaS‚
657 458 836 534 capite
866 477 952 527 m,
987 457 1093 514 col.
1123 457 1251 523 1143
1281 455 1417 513 tomi
1449 454 1536 527 IX,
1568 453 1828 511 editionis
1854 453 1950 510 Be-

75 554 530 627 nedictinorum).
563 555 683 611 llaec
708 553 755 611 si
779 553 922 610 bene
946 551 1380 627 perpendantur,
1407 568 1517 606 non
1549 549 1816 625 Cypriane
1852 548 1954 606 tri-

74 654 294 711 buenda
325 651 601 709 videbitur
631 650 859 725 epistola
901 642 1029 719 ista,
1067 649 1164 705 sed
1199 649 1369 705 alicui
1407 647 1723 705 Donatistae.
1759 646 1862 711 Qui
1894 654 1956 704 ut

74 750 415 808 occasionem
442 746 797 804 verisimilem
832 745 1059 801 haberet
1093 744 1246 799 illam
1282 745 1551 819 Cypriane
1581 743 1953 813 adscribendi,

71 845 227 902 finxit
253 845 322 901 de
358 842 663 917 quaestione
701 840 1017 897 consultum
1055 857 1184 895 eum
1222 840 1394 896 fuisse
1429 842 1498 896 ab
1533 841 1816 916 Episeopis
1844 841 1956 896 Nu-

71 942 276 997 midiae.
316 940 517 996 Simul=-
535 945 743 1009 autem,
783 937 913 1010 quia
956 938 1380 1011 propugnabant
1418 938 1711 994 Donatista}
1751 939 1952 996 unani-

68 1055 216 1094 mem
239 1035 481 1093 extitisse
506 1034 564 1089 in
587 1033 769 1089 Africa
795 1033 1171 1107 rebaptizandi
1199 1033 1438 1107 praxim,
1463 1034 1654 1090 debuit
1678 1035 1952 1114 impostor

68 1149 159 1190 eos
181 1131 473 1206 Episcopos
495 1130 758 1187 inducere
784 1136 1049 1203 tanquam
1081 1130 1177 1203 qui
1204 1130 1581 1199 consulerent,
1611 1133 1865 1203 quamvis
1885 1131 1952 1187 de

69 1243 174 1301 quo
200 1226 559 1283 consulebant
588 1226 908 1282 nullatenus
935 1226 1171 1282 dubium
1204 1227 1502 1283 haberent.

147 1324 364 1380 2⁰11ahe
384 1341 534 1379 nunc
558 1324 711 1380 aliud
731 1325 1051 1399 imposturae
1075 1326 1318 1398 signum.
1343 1326 1623 1381 Docuisset
1644 1324 1949 1399 Cyprianus

78 1421 144 1479 ad
176 1420 509 1478 validitatem
545 1422 808 1496 baptismi
854 1423 1225 1479 necessariam
1259 1440 1380 1480 esse
1416 1424 1474 1478 in
1517 1423 1954 1492 minist1²o‚‚non

77 1518 249 1575 solum
292 1519 478 1589 fidem,
523 1519 617 1575 sed
658 1520 825 1575 etiam
868 1526 1074 1576 statum
1114 1521 1302 1593 gratiae
1341 1531 1438 1576 seu
1473 1522 1825 1575 sanctitatem.
1872 1519 1952 1573 En

75 1614 309 1690 epistolae
338 1617 502 1672 verba
527 1637 537 1669 :
574 1618 835 1684 Quomodo
858 1626 1029 1674 autem
1054 1620 1306 1673 micndare
1331 1626 1380 1673 et
1410 1620 1737 1688 sanctificare
1765 1633 1952 1687 aquam

66 1719 232 1785 potest
273 1717 358 1785 qui
398 1716 503 1787 ipse
552 1717 846 1770 immundus
887 1724 963 1770 est
1010 1724 1059 1771 et
1101 1716 1242 1787 apud
1275 1733 1424 1786 quem
1465 1715 1692 1786 Spiritus
1738 1720 1949 1766 sanctus

70 1827 172 1866 non
197 1819 271 1866 est
287 1815 372 1867 !...
403 1812 508 1868 Aut
539 1815 792 1885 quomodo
827 1815 1096 1886 baptizans
1124 1815 1251 1869 dare
1279 1814 1434 1868 alteri
1472 1814 1744 1867 remissam
1775 1826 1953 1882 pecca-

73 1911 238 1962 torum
279 1917 475 1981 potest,
515 1913 600 1981 qai
632 1912 740 1982 ipse
775 1929 869 1965 sua
900 1918 1114 1984 peccata
1169 1911 1426 1982 deponere
1467 1916 1617 1964 eastra
1661 1906 1948 1962 Ecclesiam

67 2021 170 2060 non
205 2009 467 2077 potest?...
498 2008 643 2063 Scire
669 2017 841 2064 autem
865 2017 915 2064 et
940 2011 1235 2064 meminisse
1270 2009 1507 2062 debemus
1536 2008 1785 2078 scriptum
1815 2023 1948 2074 esse⁷

67 2098 259 2156 Oleum
293 2104 592 2179 peccatoris
622 2123 732 2159 nen
769 2111 939 2176 ungat
972 2111 1136 2177 caput
1168 2122 1376 2159 meum.
1406 2103 1555 2169 Quod
1584 2110 1702 2157 ante
1729 2104 1777 2155 in
1808 2102 1951 2174 psal-

70 2198 166 2250 mis
199 2203 502 2267 praemonuit
535 2200 756 2271 Spiritus
780 2210 1010 2269 sanctus,
1038 2220 1103 2255 ne
1128 2203 1240 2270 quis
1269 2201 1568 2254 eoeorliitans
1603 2207 1650 2254 et
1677 2217 1706 2252 a
1739 2201 1823 2252 via
1861 2215 1947 2252 ve-

72 2291 243 2343 ritatis
268 2309 518 2346 esserrans
547 2296 682 2365 apud
705 2296 972 2348 haereticos
1001 2302 1049 2348 et
1073 2295 1262 2350 Christi
1293 2295 1619 2349 adversarios
1640 2300 1944 2364 unqeretur.

74 2385 176 2441 Sed
201 2395 246 2440 et
260 2406 364 2458 pro
406 2389 654 2459 baptizato
688 2408 842 2461 quam
868 2408 1076 2462 precem
1106 2392 1280 2462 facere
1304 2398 1479 2463 potest
1513 2391 1758 2446 sacerdos
1782 2392 1947 2446 sacri-

74 2482 218 2553 leqas
255 2492 304 2538 et
348 2487 622 2555 peccator?
673 2504 785 2541 cum
822 2490 1074 2559 scriptum
1117 2490 1185 2543 sit
1218 2510 1232 2540 .·
1275 2489 1412 2543 Deus
1453 2493 1795 2562 peccatorem
1836 2505 1947 2542 non

71 2579 218 2634 audit
245 2601 255 2631 ε
285 2580 385 2635 Sed
417 2582 511 2653 qui
540 2600 666 2637 eum
693 2584 926 2639 coluerit
951 2592 999 2639 et
1030 2586 1370 2640 voluntatem
1395 2587 1515 2659 ejus
1540 2585 1752 2653 fecerit,
1780 2584 1942 2640 illum

69 2677 240 2734 audit.
278 2677 405 2744 Quis
438 2687 609 2734 antem
646 2689 817 2753 potest
856 2682 983 2737 clare
1021 2684 1156 2755 qnod
1195 2686 1303 2755 ipse
1340 2702 1443 2739 non
1482 2686 1655 2752 habet,
1701 2692 1789 2739 aut
1818 2702 1943 2756 quo-

71 2775 219 2828 modo
258 2783 424 2846 potest
463 2779 754 2849 spiritualia
788 2797 937 2850 assere
973 2782 1056 2851 qui
1085 2783 1194 2852 ipse
1226 2782 1457 2838 amiserit
1493 2781 1748 2854 Spiritum
1791 2800 1940 2837 sanc-

71 2870 279 2924 tnm?...
315 2871 371 2926 Si
400 2874 661 2944 baptizare
682 2877 872 2946 potuit,
896 2880 1066 2948 potuit
1089 2886 1138 2932 et
1164 2878 1416 2950 Spiritum
1439 2887 1679 2949 sanctum
1701 2879 1848 2933 dare.
1885 2878 1942 2933 Si

70 2971 241 3018 autem
271 2965 517 3036 Spiritum
539 2979 774 3024 sanctum
807 2972 934 3026 dare
968 2991 1070 3028 non
1094 2982 1289 3046 potest,
1321 2978 1439 3046 quia
1464 2976 1599 3044 foris
1633 2976 1942 3029 constitutus

71 3080 180 3117 cum
205 3062 585 3133 Spiritasancto
611 3075 830 3136 nonest,
855 3087 947 3124 nec
963 3072 1230 3143 baptizare
1252 3074 1508 3128 venientes
1523 3079 1716 3143 potest,
1737 3072 1940 3142 qnando

70 3166 120 3214 et
153 3159 403 3230 baptisma
434 3178 587 3215 arnan
616 3164 703 3229 sit,
732 3170 782 3217 et
802 3163 1030 3235 Spiritus
1053 3175 1266 3222 sanctus
1299 3185 1454 3236 unaS,
1494 3173 1541 3220 et
1575 3184 1675 3221 una
1707 3167 1941 3222 Ecclesia

69 3275 102 3312 a
125 3256 329 3314 Christo
356 3256 574 3312 Domino
602 3276 756 3329 super
784 3260 996 3316 Petrum
1021 3265 1221 3334 oz’iyiiie
1258 3265 1469 3318 unitatis
1495 3270 1544 3317 et
1578 3266 1782 3318 ratione
1820 3267 1940 3336 [αη-

68 3354 210 3410 data.
252 3354 328 3409 Ibi
371 3354 551 3428 palam
593 3355 921 3428 exprimitur
955 3372 1108 3412 error
1161 3357 1228 3413 de
1264 3358 1590 3414 necessitate
1631 3359 1937 3418 sanctitatis

67 3469 167 3511 seu
194 3458 369 3509 status
394 3452 580 3524 gratiae
611 3452 666 3526 in
696 3453 1019 3527 baptizante.
1048 3454 1213 3510 Porro
1243 3473 1395 3511 error
1433 3456 1537 3513 iste
1574 3458 1678 3514 fuit
1706 3459 1931 3532 quidem

68 3550 471 3609 Donatistarum
505 3552 620 3624 (qui
657 3558 786 3609 ante
814 3553 1233 3611 Constantinum
1260 3555 1643 3631 imperatorem
1681 3577 1791 3616 non
1815 3577 1934 3616 exs-
