<?xml version="1.0" encoding="UTF-8"?>
<!DOCTYPE html PUBLIC "-//W3C//DTD XHTML 1.0 Transitional//EN"
    "http://www.w3.org/TR/xhtml1/DTD/xhtml1-transitional.dtd">
<html xmlns="http://www.w3.org/1999/xhtml" xml:lang="en" lang="en">
 <head>
  <title>
</title>
<meta http-equiv="Content-Type" content="text/html;charset=utf-8" />
  <meta name='ocr-system' content='tesseract 3.04.00' />
  <meta name='ocr-capabilities' content='ocr_page ocr_carea ocr_par ocr_line ocrx_word'/>
</head>
<body>
  <div class='ocr_page' id='page_1' title='image "a548470102bouiuoft_0440.png"; bbox 0 0 2262 3990; ppageno 0'>
   <div class='ocr_carea' id='block_1_1' title="bbox 2140 209 2262 2543">
    <p class='ocr_par' dir='ltr' id='par_1_1' title="bbox 2140 209 2262 2543">
     <span class='ocr_line' id='line_1_1' title="bbox 2153 209 2262 562; baseline 0 -254"><span class='ocrx_word' id='word_1_1' title='bbox 2153 209 2262 562; x_wconf 95' lang='lat' dir='ltr'><strong>    </strong></span> 
     </span>
     <span class='ocr_line' id='line_1_2' title="bbox 2140 562 2262 863; baseline 0 0"><span class='ocrx_word' id='word_1_2' title='bbox 2140 562 2262 863; x_wconf 95' lang='lat' dir='ltr'><strong>  </strong></span> 
     </span>
     <span class='ocr_line' id='line_1_3' title="bbox 2167 863 2262 1159; baseline 0 0"><span class='ocrx_word' id='word_1_3' title='bbox 2167 863 2262 1159; x_wconf 95' lang='lat' dir='ltr'><strong>      </strong></span> 
     </span>
     <span class='ocr_line' id='line_1_4' title="bbox 2186 1159 2262 1459; baseline 0 -199"><span class='ocrx_word' id='word_1_4' title='bbox 2186 1159 2262 1459; x_wconf 95' lang='lat' dir='ltr'><strong>   </strong></span> 
     </span>
     <span class='ocr_line' id='line_1_5' title="bbox 2148 1459 2262 1759; baseline 0 -55"><span class='ocrx_word' id='word_1_5' title='bbox 2148 1459 2262 1759; x_wconf 95' lang='lat' dir='ltr'><strong>    </strong></span> 
     </span>
     <span class='ocr_line' id='line_1_6' title="bbox 2173 1759 2261 2052; baseline 0 -196"><span class='ocrx_word' id='word_1_6' title='bbox 2173 1759 2261 2052; x_wconf 95' lang='lat' dir='ltr'><strong>   </strong></span> 
     </span>
     <span class='ocr_line' id='line_1_7' title="bbox 2188 2052 2261 2149; baseline 0 1841"><span class='ocrx_word' id='word_1_7' title='bbox 2188 2052 2261 2149; x_wconf 95' lang='lat' dir='ltr'><strong> </strong></span> 
     </span>
     <span class='ocr_line' id='line_1_8' title="bbox 2154 2149 2261 2543; baseline 0 -149"><span class='ocrx_word' id='word_1_8' title='bbox 2154 2149 2261 2543; x_wconf 95' lang='lat' dir='ltr'><strong>   </strong></span> 
     </span>
    </p>
   </div>
   <div class='ocr_carea' id='block_1_2' title="bbox 279 139 1524 204">
    <p class='ocr_par' dir='ltr' id='par_1_2' title="bbox 279 139 1524 204">
     <span class='ocr_line' id='line_1_9' title="bbox 279 139 1524 204; baseline -0.01 -5"><span class='ocrx_word' id='word_1_9' title='bbox 279 151 370 199; x_wconf 71' lang='lat'><strong>452</strong></span> <span class='ocrx_word' id='word_1_10' title='bbox 739 201 742 204; x_wconf 16' lang='lat'><strong>⁴</strong></span> <span class='ocrx_word' id='word_1_11' title='bbox 961 139 1249 188; x_wconf 84' lang='lat' dir='ltr'><strong>TRACTATUS</strong></span> <span class='ocrx_word' id='word_1_12' title='bbox 1279 139 1346 187; x_wconf 88' lang='lat' dir='ltr'><strong>DE</strong></span> <span class='ocrx_word' id='word_1_13' title='bbox 1376 140 1524 188; x_wconf 81' lang='lat' dir='ltr'><strong>PAPA.</strong></span> 
     </span>
    </p>
   </div>
   <div class='ocr_carea' id='block_1_3' title="bbox 236 247 2262 3700">
    <p class='ocr_par' dir='ltr' id='par_1_3' title="bbox 236 247 2262 3700">
     <span class='ocr_line' id='line_1_10' title="bbox 286 247 2205 324; baseline -0.004 -6"><span class='ocrx_word' id='word_1_14' title='bbox 286 261 461 318; x_wconf 91' lang='lat' dir='ltr'><strong>claret</strong></span> <span class='ocrx_word' id='word_1_15' title='bbox 483 252 748 322; x_wconf 81' lang='lat' dir='ltr'><strong>BasiliuS,</strong></span> <span class='ocrx_word' id='word_1_16' title='bbox 774 265 834 305; x_wconf 91' lang='lat' dir='ltr'><strong>se</strong></span> <span class='ocrx_word' id='word_1_17' title='bbox 863 247 1164 322; x_wconf 83' lang='lat' dir='ltr'><strong>diligenter</strong></span> <span class='ocrx_word' id='word_1_18' title='bbox 1199 248 1585 324; x_wconf 82' lang='lat' dir='ltr'><strong>inquisivisse,</strong></span> <span class='ocrx_word' id='word_1_19' title='bbox 1610 250 1750 324; x_wconf 92' lang='lat' dir='ltr'><strong>quid</strong></span> <span class='ocrx_word' id='word_1_20' title='bbox 1778 251 1928 310; x_wconf 84' lang='lat' dir='ltr'><strong>circa</strong></span> <span class='ocrx_word' id='word_1_21' title='bbox 1951 253 2112 313; x_wconf 86' lang='lat' dir='ltr'><strong>illam</strong></span> <span class='ocrx_word' id='word_1_22' title='bbox 2145 276 2205 310; x_wconf 55' lang='lat' dir='ltr'><strong>vs.</strong></span> 
     </span>
     <span class='ocr_line' id='line_1_11' title="bbox 281 346 2254 429; baseline 0 -14"><span class='ocrx_word' id='word_1_23' title='bbox 281 350 722 429; x_wconf 82' lang='lat' dir='ltr'><strong>rebaptizatione</strong></span> <span class='ocrx_word' id='word_1_24' title='bbox 746 347 1118 422; x_wconf 86' lang='lat' dir='ltr'><strong>quaestionem</strong></span> <span class='ocrx_word' id='word_1_25' title='bbox 1146 349 1353 423; x_wconf 81' lang='lat' dir='ltr'><strong>antiqui</strong></span> <span class='ocrx_word' id='word_1_26' title='bbox 1377 348 1721 406; x_wconf 83' lang='lat' dir='ltr'><strong>tradiderint</strong></span> <span class='ocrx_word' id='word_1_27' title='bbox 1753 355 1850 407; x_wconf 91' lang='lat' dir='ltr'><strong>aut</strong></span> <span class='ocrx_word' id='word_1_28' title='bbox 1874 353 2175 416; x_wconf 82' lang='lat' dir='ltr'><strong>statuerint</strong></span> <span class='ocrx_word' id='word_1_29' title='bbox 2196 346 2212 427; x_wconf 54' lang='lat' dir='ltr'>J</span> <span class='ocrx_word' id='word_1_30' title='bbox 2251 386 2254 395; x_wconf 95' lang='lat'>·</span> 
     </span>
     <span class='ocr_line' id='line_1_12' title="bbox 281 445 2257 523; baseline -0.001 -15"><span class='ocrx_word' id='word_1_31' title='bbox 281 449 476 508; x_wconf 88' lang='lat' dir='ltr'><strong>debuit</strong></span> <span class='ocrx_word' id='word_1_32' title='bbox 506 447 723 505; x_wconf 89' lang='lat' dir='ltr'><strong>factum</strong></span> <span class='ocrx_word' id='word_1_33' title='bbox 764 445 1166 523; x_wconf 83' lang='lat' dir='ltr'><strong>Cyprianicum</strong></span> <span class='ocrx_word' id='word_1_34' title='bbox 1209 445 1461 504; x_wconf 84' lang='lat' dir='ltr'><strong>ediscere</strong></span> <span class='ocrx_word' id='word_1_35' title='bbox 1501 464 1567 504; x_wconf 87' lang='lat' dir='ltr'><strong>ac</strong></span> <span class='ocrx_word' id='word_1_36' title='bbox 1594 447 1852 523; x_wconf 88' lang='lat' dir='ltr'><strong>apprime</strong></span> <span class='ocrx_word' id='word_1_37' title='bbox 1875 453 2080 508; x_wconf 91' lang='lat' dir='ltr'><strong>notum</strong></span> <span class='ocrx_word' id='word_1_38' title='bbox 2255 468 2257 470; x_wconf 86' lang='grc'><em>·</em></span> 
     </span>
     <span class='ocr_line' id='line_1_13' title="bbox 278 550 2196 618; baseline -0.001 -13"><span class='ocrx_word' id='word_1_39' title='bbox 278 550 432 605; x_wconf 87' lang='lat' dir='ltr'><strong>bere.</strong></span> <span class='ocrx_word' id='word_1_40' title='bbox 2182 558 2196 618; x_wconf 71' lang='lat' dir='ltr'><em>f</em></span> 
     </span>
     <span class='ocr_line' id='line_1_14' title="bbox 347 641 2206 723; baseline -0.001 -18"><span class='ocrx_word' id='word_1_41' title='bbox 347 648 471 705; x_wconf 85' lang='lat' dir='ltr'><strong>Jam</strong></span> <span class='ocrx_word' id='word_1_42' title='bbox 506 665 646 704; x_wconf 82' lang='lat' dir='ltr'><strong>vero</strong></span> <span class='ocrx_word' id='word_1_43' title='bbox 677 646 860 722; x_wconf 85' lang='lat' dir='ltr'><strong>ipsius</strong></span> <span class='ocrx_word' id='word_1_44' title='bbox 886 641 1123 722; x_wconf 87' lang='lat' dir='ltr'><strong>epistola</strong></span> <span class='ocrx_word' id='word_1_45' title='bbox 1153 645 1544 704; x_wconf 87' lang='lat' dir='ltr'><strong>omnimodam</strong></span> <span class='ocrx_word' id='word_1_46' title='bbox 1576 646 1763 722; x_wconf 85' lang='lat' dir='ltr'><strong>arguit</strong></span> <span class='ocrx_word' id='word_1_47' title='bbox 1801 649 1906 705; x_wconf 91' lang='lat' dir='ltr'><strong>hac</strong></span> <span class='ocrx_word' id='word_1_48' title='bbox 1939 648 2007 707; x_wconf 91' lang='lat' dir='ltr'><strong>de</strong></span> <span class='ocrx_word' id='word_1_49' title='bbox 2037 667 2119 723; x_wconf 85' lang='lat' dir='ltr'><strong>re,</strong></span> <span class='ocrx_word' id='word_1_50' title='bbox 2146 647 2206 716; x_wconf 47' lang='grc' dir='ltr'><strong>,ρξ’</strong></span> 
     </span>
     <span class='ocr_line' id='line_1_15' title="bbox 277 746 2184 824; baseline -0.001 -18"><span class='ocrx_word' id='word_1_51' title='bbox 277 755 383 819; x_wconf 91' lang='lat' dir='ltr'><strong>est,</strong></span> <span class='ocrx_word' id='word_1_52' title='bbox 410 749 478 805; x_wconf 92' lang='lat' dir='ltr'><strong>de</strong></span> <span class='ocrx_word' id='word_1_53' title='bbox 504 746 831 824; x_wconf 90' lang='lat' dir='ltr'><strong>supradicto</strong></span> <span class='ocrx_word' id='word_1_54' title='bbox 852 746 1122 822; x_wconf 91' lang='lat' dir='ltr'><strong>Stephani</strong></span> <span class='ocrx_word' id='word_1_55' title='bbox 1137 746 1299 822; x_wconf 86' lang='lat' dir='ltr'><strong>Papae</strong></span> <span class='ocrx_word' id='word_1_56' title='bbox 1326 746 1964 823; x_wconf 84' lang='lat' dir='ltr'><strong>decretoignorantiam.</strong></span> <span class='ocrx_word' id='word_1_57' title='bbox 1990 749 2141 808; x_wconf 84' lang='lat' dir='ltr'><strong>Eten&#39;</strong></span> <span class='ocrx_word' id='word_1_58' title='bbox 2160 780 2184 806; x_wconf 68' lang='grc' dir='ltr'>ι</span> 
     </span>
     <span class='ocr_line' id='line_1_16' title="bbox 271 847 2253 926; baseline -0.001 -19"><span class='ocrx_word' id='word_1_59' title='bbox 271 850 644 924; x_wconf 89' lang='lat' dir='ltr'><strong>quaestionem</strong></span> <span class='ocrx_word' id='word_1_60' title='bbox 673 847 942 924; x_wconf 86' lang='lat' dir='ltr'><strong>expendit</strong></span> <span class='ocrx_word' id='word_1_61' title='bbox 979 847 1219 904; x_wconf 85' lang='lat' dir='ltr'><strong>Basilius</strong></span> <span class='ocrx_word' id='word_1_62' title='bbox 1244 847 1476 925; x_wconf 86' lang='lat' dir='ltr'><strong>perinde</strong></span> <span class='ocrx_word' id='word_1_63' title='bbox 1513 866 1578 905; x_wconf 91' lang='lat' dir='ltr'><strong>ac</strong></span> <span class='ocrx_word' id='word_1_64' title='bbox 1607 848 1655 904; x_wconf 92' lang='lat' dir='ltr'><strong>si</strong></span> <span class='ocrx_word' id='word_1_65' title='bbox 1678 848 1908 906; x_wconf 91' lang='lat' dir='ltr'><strong>nullum</strong></span> <span class='ocrx_word' id='word_1_66' title='bbox 1949 855 2198 926; x_wconf 80' lang='lat' dir='ltr'><strong>unqua&#39;</strong></span> <span class='ocrx_word' id='word_1_67' title='bbox 2250 870 2253 873; x_wconf 90' lang='lat'><em>·</em></span> 
     </span>
     <span class='ocr_line' id='line_1_17' title="bbox 273 946 2188 1026; baseline 0.002 -22"><span class='ocrx_word' id='word_1_68' title='bbox 273 948 667 1006; x_wconf 89' lang='lat' dir='ltr'><strong>intervenisset</strong></span> <span class='ocrx_word' id='word_1_69' title='bbox 699 946 981 1023; x_wconf 88' lang='lat' dir='ltr'><strong>ejusmodi</strong></span> <span class='ocrx_word' id='word_1_70' title='bbox 1027 946 1351 1014; x_wconf 90' lang='lat' dir='ltr'><strong>decretum;</strong></span> <span class='ocrx_word' id='word_1_71' title='bbox 1391 946 1507 1004; x_wconf 92' lang='lat' dir='ltr'><strong>imo</strong></span> <span class='ocrx_word' id='word_1_72' title='bbox 1547 947 1786 1023; x_wconf 89' lang='lat' dir='ltr'><strong>perinde</strong></span> <span class='ocrx_word' id='word_1_73' title='bbox 1821 967 1886 1006; x_wconf 90' lang='lat' dir='ltr'><strong>ac</strong></span> <span class='ocrx_word' id='word_1_74' title='bbox 1928 949 1976 1005; x_wconf 90' lang='lat' dir='ltr'><strong>si</strong></span> <span class='ocrx_word' id='word_1_75' title='bbox 2016 949 2188 1026; x_wconf 90' lang='lat' dir='ltr'><strong>opini</strong></span> 
     </span>
     <span class='ocr_line' id='line_1_18' title="bbox 274 1045 2262 1122; baseline 0.003 -20"><span class='ocrx_word' id='word_1_76' title='bbox 274 1045 538 1122; x_wconf 80' lang='lat' dir='ltr'><strong>Cypriani</strong></span> <span class='ocrx_word' id='word_1_77' title='bbox 569 1046 758 1103; x_wconf 92' lang='lat' dir='ltr'><strong>adhuc</strong></span> <span class='ocrx_word' id='word_1_78' title='bbox 796 1045 973 1102; x_wconf 91' lang='lat' dir='ltr'><strong>libere</strong></span> <span class='ocrx_word' id='word_1_79' title='bbox 1005 1050 1191 1120; x_wconf 92' lang='lat' dir='ltr'><strong>posset</strong></span> <span class='ocrx_word' id='word_1_80' title='bbox 1233 1063 1338 1121; x_wconf 91' lang='lat' dir='ltr'><strong>pro</strong></span> <span class='ocrx_word' id='word_1_81' title='bbox 1371 1045 1652 1120; x_wconf 91' lang='lat' dir='ltr'><strong>cujusque</strong></span> <span class='ocrx_word' id='word_1_82' title='bbox 1701 1045 1937 1103; x_wconf 88' lang='lat' dir='ltr'><strong>arbitrio</strong></span> <span class='ocrx_word' id='word_1_83' title='bbox 1983 1047 2197 1108; x_wconf 83' lang='lat' dir='ltr'><strong>admitt</strong></span> <span class='ocrx_word' id='word_1_84' title='bbox 2259 1064 2262 1066; x_wconf 80' lang='grc'><em>·</em></span> 
     </span>
     <span class='ocr_line' id='line_1_19' title="bbox 273 1141 2186 1221; baseline -0.002 -18"><span class='ocrx_word' id='word_1_85' title='bbox 273 1146 361 1203; x_wconf 84' lang='lat' dir='ltr'><strong>vel</strong></span> <span class='ocrx_word' id='word_1_86' title='bbox 391 1146 570 1221; x_wconf 86' lang='lat' dir='ltr'><strong>rejici.</strong></span> <span class='ocrx_word' id='word_1_87' title='bbox 615 1147 921 1218; x_wconf 87' lang='lat' dir='ltr'><strong>Postquam</strong></span> <span class='ocrx_word' id='word_1_88' title='bbox 949 1141 1144 1198; x_wconf 90' lang='lat' dir='ltr'><strong>retulit</strong></span> <span class='ocrx_word' id='word_1_89' title='bbox 1179 1141 1410 1199; x_wconf 90' lang='lat' dir='ltr'><strong>irritum</strong></span> <span class='ocrx_word' id='word_1_90' title='bbox 1444 1161 1475 1198; x_wconf 89' lang='lat' dir='ltr'><strong>a</strong></span> <span class='ocrx_word' id='word_1_91' title='bbox 1507 1143 1781 1219; x_wconf 84' lang='lat' dir='ltr'><strong>Cypriano</strong></span> <span class='ocrx_word' id='word_1_92' title='bbox 1813 1144 2143 1203; x_wconf 89' lang='lat' dir='ltr'><strong>existimatu</strong></span> <span class='ocrx_word' id='word_1_93' title='bbox 2179 1173 2186 1199; x_wconf 71' lang='grc' dir='ltr'><strong><em>ι</em></strong></span> 
     </span>
     <span class='ocr_line' id='line_1_20' title="bbox 270 1241 2206 1319; baseline 0 -16"><span class='ocrx_word' id='word_1_94' title='bbox 270 1244 452 1305; x_wconf 86' lang='lat' dir='ltr'><strong>fuisse</strong></span> <span class='ocrx_word' id='word_1_95' title='bbox 489 1247 860 1303; x_wconf 89' lang='lat' dir='ltr'><strong>Catharorum</strong></span> <span class='ocrx_word' id='word_1_96' title='bbox 886 1249 939 1300; x_wconf 86' lang='lat' dir='ltr'><strong>ot</strong></span> <span class='ocrx_word' id='word_1_97' title='bbox 961 1241 1405 1313; x_wconf 86' lang='lat' dir='ltr'><strong>Euoratitarum,</strong></span> <span class='ocrx_word' id='word_1_98' title='bbox 1438 1260 1542 1300; x_wconf 90' lang='lat' dir='ltr'><strong>nec</strong></span> <span class='ocrx_word' id='word_1_99' title='bbox 1566 1261 1680 1300; x_wconf 90' lang='lat' dir='ltr'><strong>non</strong></span> <span class='ocrx_word' id='word_1_100' title='bbox 1706 1244 2206 1319; x_wconf 81' lang='lat' dir='ltr'><strong>Hydroparastata-·</strong></span> 
     </span>
     <span class='ocr_line' id='line_1_21' title="bbox 274 1342 2254 1422; baseline -0.003 -19"><span class='ocrx_word' id='word_1_101' title='bbox 274 1365 405 1404; x_wconf 91' lang='lat' dir='ltr'><strong>rum</strong></span> <span class='ocrx_word' id='word_1_102' title='bbox 434 1346 740 1420; x_wconf 84' lang='lat' dir='ltr'><strong>baptisma,</strong></span> <span class='ocrx_word' id='word_1_103' title='bbox 774 1343 928 1399; x_wconf 90' lang='lat' dir='ltr'><strong>addit</strong></span> <span class='ocrx_word' id='word_1_104' title='bbox 960 1361 1128 1419; x_wconf 91' lang='lat' dir='ltr'><strong>posse</strong></span> <span class='ocrx_word' id='word_1_105' title='bbox 1168 1342 1546 1399; x_wconf 84' lang='lat' dir='ltr'><strong>nihilominus</strong></span> <span class='ocrx_word' id='word_1_106' title='bbox 1578 1343 1930 1401; x_wconf 87' lang='lat' dir='ltr'><strong>contrarium</strong></span> <span class='ocrx_word' id='word_1_107' title='bbox 1974 1345 2210 1420; x_wconf 72' lang='lat' dir='ltr'><strong>teneri,</strong></span> <span class='ocrx_word' id='word_1_108' title='bbox 2252 1419 2254 1422; x_wconf 10' lang='lat' dir='ltr'>y</span> 
     </span>
     <span class='ocr_line' id='line_1_22' title="bbox 267 1441 2194 1519; baseline 0.001 -19"><span class='ocrx_word' id='word_1_109' title='bbox 267 1451 322 1501; x_wconf 92' lang='lat' dir='ltr'><strong>et</strong></span> <span class='ocrx_word' id='word_1_110' title='bbox 350 1445 418 1501; x_wconf 91' lang='lat' dir='ltr'><strong>de</strong></span> <span class='ocrx_word' id='word_1_111' title='bbox 454 1446 559 1500; x_wconf 89' lang='lat' dir='ltr'><strong>hac</strong></span> <span class='ocrx_word' id='word_1_112' title='bbox 591 1462 695 1500; x_wconf 89' lang='lat' dir='ltr'><strong>sua</strong></span> <span class='ocrx_word' id='word_1_113' title='bbox 735 1442 1015 1500; x_wconf 88' lang='lat' dir='ltr'><strong>sententia</strong></span> <span class='ocrx_word' id='word_1_114' title='bbox 1059 1441 1281 1498; x_wconf 90' lang='lat' dir='ltr'><strong>nullam</strong></span> <span class='ocrx_word' id='word_1_115' title='bbox 1327 1441 1500 1498; x_wconf 88' lang='lat' dir='ltr'><strong>aliam</strong></span> <span class='ocrx_word' id='word_1_116' title='bbox 1533 1442 1815 1500; x_wconf 89' lang='lat' dir='ltr'><strong>rationem</strong></span> <span class='ocrx_word' id='word_1_117' title='bbox 1855 1444 2021 1500; x_wconf 89' lang='lat' dir='ltr'><strong>affert</strong></span> <span class='ocrx_word' id='word_1_118' title='bbox 2060 1444 2262 1519; x_wconf 79' lang='lat' dir='ltr'><strong>nisi,</strong></span> 
     </span>
     <span class='ocr_line' id='line_1_23' title="bbox 272 1541 2238 1617; baseline -0.001 -18"><span class='ocrx_word' id='word_1_119' title='bbox 272 1544 521 1617; x_wconf 81' lang='lat' dir='ltr'><strong>quoniam</strong></span> <span class='ocrx_word' id='word_1_120' title='bbox 547 1542 820 1598; x_wconf 77' lang='lat' dir='ltr'><strong>nonnullis</strong></span> <span class='ocrx_word' id='word_1_121' title='bbox 859 1541 1108 1598; x_wconf 72' lang='lat' dir='ltr'><strong>Asiaticis</strong></span> <span class='ocrx_word' id='word_1_122' title='bbox 1149 1541 1358 1596; x_wconf 79' lang='lat' dir='ltr'><strong>omnino</strong></span> <span class='ocrx_word' id='word_1_123' title='bbox 1395 1542 1565 1595; x_wconf 83' lang='lat' dir='ltr'><strong>visam</strong></span> <span class='ocrx_word' id='word_1_124' title='bbox 1598 1548 1677 1596; x_wconf 81' lang='lat' dir='ltr'><strong>est</strong></span> <span class='ocrx_word' id='word_1_125' title='bbox 1719 1558 1902 1597; x_wconf 80' lang='lat' dir='ltr'><strong>eoram</strong></span> <span class='ocrx_word' id='word_1_126' title='bbox 1937 1543 2191 1616; x_wconf 78' lang='lat' dir='ltr'><strong>baptism</strong></span> <span class='ocrx_word' id='word_1_127' title='bbox 2233 1573 2238 1582; x_wconf 88' lang='lat'><em>·</em></span> 
     </span>
     <span class='ocr_line' id='line_1_24' title="bbox 266 1639 2238 1720; baseline -0.003 -20"><span class='ocrx_word' id='word_1_128' title='bbox 266 1644 658 1717; x_wconf 78' lang='lat' dir='ltr'><strong>suscipiemlmn</strong></span> <span class='ocrx_word' id='word_1_129' title='bbox 696 1661 829 1699; x_wconf 82' lang='lat' dir='ltr'><strong>esse.</strong></span> <span class='ocrx_word' id='word_1_130' title='bbox 877 1641 1021 1697; x_wconf 91' lang='lat' dir='ltr'><strong>Sane</strong></span> <span class='ocrx_word' id='word_1_131' title='bbox 1050 1641 1098 1697; x_wconf 89' lang='lat' dir='ltr'><strong>si</strong></span> <span class='ocrx_word' id='word_1_132' title='bbox 1130 1648 1331 1697; x_wconf 91' lang='lat' dir='ltr'><strong>notum</strong></span> <span class='ocrx_word' id='word_1_133' title='bbox 1372 1640 1668 1698; x_wconf 87' lang='lat' dir='ltr'><strong>habuisset</strong></span> <span class='ocrx_word' id='word_1_134' title='bbox 1718 1641 1989 1716; x_wconf 89' lang='lat' dir='ltr'><strong>Stephani</strong></span> <span class='ocrx_word' id='word_1_135' title='bbox 2037 1639 2238 1720; x_wconf 48' lang='lat' dir='ltr'><strong>Papa-&#39;1</strong></span> 
     </span>
     <span class='ocr_line' id='line_1_25' title="bbox 266 1724 2241 1819; baseline 0.001 -19"><span class='ocrx_word' id='word_1_136' title='bbox 266 1744 581 1815; x_wconf 82' lang='lat' dir='ltr'><strong>decretum,</strong></span> <span class='ocrx_word' id='word_1_137' title='bbox 612 1763 723 1818; x_wconf 89' lang='lat' dir='ltr'><strong>quo</strong></span> <span class='ocrx_word' id='word_1_138' title='bbox 750 1742 1002 1800; x_wconf 86' lang='lat' dir='ltr'><strong>validum</strong></span> <span class='ocrx_word' id='word_1_139' title='bbox 1028 1724 1439 1799; x_wconf 81' lang='lat' dir='ltr'><strong>decernebatur</strong></span> <span class='ocrx_word' id='word_1_140' title='bbox 1470 1742 1755 1817; x_wconf 86' lang='lat' dir='ltr'><strong>baptisma</strong></span> <span class='ocrx_word' id='word_1_141' title='bbox 1797 1743 2132 1802; x_wconf 83' lang='lat' dir='ltr'><strong>haereticoru</strong></span> <span class='ocrx_word' id='word_1_142' title='bbox 2164 1735 2190 1807; x_wconf 64' lang='lat' dir='ltr'>J</span> <span class='ocrx_word' id='word_1_143' title='bbox 2232 1772 2241 1819; x_wconf 82' lang='lat'>-&#39;.-</span> 
     </span>
     <span class='ocr_line' id='line_1_26' title="bbox 268 1842 2223 1917; baseline 0 -17"><span class='ocrx_word' id='word_1_144' title='bbox 268 1842 653 1917; x_wconf 89' lang='lat' dir='ltr'><strong>quorumlibet</strong></span> <span class='ocrx_word' id='word_1_145' title='bbox 692 1844 781 1915; x_wconf 72' lang='lat' dir='ltr'><strong>(ew</strong></span> <span class='ocrx_word' id='word_1_146' title='bbox 818 1860 1141 1915; x_wconf 76' lang='lat' dir='ltr'><strong>quacumque</strong></span> <span class='ocrx_word' id='word_1_147' title='bbox 1174 1843 1365 1898; x_wconf 65' lang='lat' dir='ltr'><strong>haeresi</strong></span> <span class='ocrx_word' id='word_1_148' title='bbox 1389 1844 1704 1915; x_wconf 78' lang='lat' dir='ltr'><strong>venientes),</strong></span> <span class='ocrx_word' id='word_1_149' title='bbox 1741 1848 1794 1899; x_wconf 93' lang='lat' dir='ltr'><strong>et</strong></span> <span class='ocrx_word' id='word_1_150' title='bbox 1827 1843 1933 1899; x_wconf 91' lang='lat' dir='ltr'><strong>sub</strong></span> <span class='ocrx_word' id='word_1_151' title='bbox 1977 1859 2223 1900; x_wconf 87' lang='lat' dir='ltr'><strong>excom·</strong></span> 
     </span>
     <span class='ocr_line' id='line_1_27' title="bbox 266 1937 2249 2014; baseline 0.001 -18"><span class='ocrx_word' id='word_1_152' title='bbox 266 1940 653 1996; x_wconf 87' lang='lat' dir='ltr'><strong>municatione</strong></span> <span class='ocrx_word' id='word_1_153' title='bbox 671 1938 863 1994; x_wconf 87' lang='lat' dir='ltr'><strong>iterari</strong></span> <span class='ocrx_word' id='word_1_154' title='bbox 892 1937 1326 2012; x_wconf 84' lang='lat' dir='ltr'><strong>prohibebatur,</strong></span> <span class='ocrx_word' id='word_1_155' title='bbox 1359 1957 1472 1995; x_wconf 94' lang='lat' dir='ltr'><strong>non</strong></span> <span class='ocrx_word' id='word_1_156' title='bbox 1500 1938 1735 1996; x_wconf 84' lang='lat' dir='ltr'><strong>dixisset</strong></span> <span class='ocrx_word' id='word_1_157' title='bbox 1761 1938 2054 1997; x_wconf 84' lang='lat' dir='ltr'><strong>dumtaxat</strong></span> <span class='ocrx_word' id='word_1_158' title='bbox 2075 1957 2199 2014; x_wconf 84' lang='lat' dir='ltr'><strong>qao·</strong></span> <span class='ocrx_word' id='word_1_159' title='bbox 2246 1952 2249 1955; x_wconf 82' lang='grc'><strong>’</strong></span> 
     </span>
     <span class='ocr_line' id='line_1_28' title="bbox 264 2037 2184 2112; baseline -0.001 -15"><span class='ocrx_word' id='word_1_160' title='bbox 264 2043 408 2097; x_wconf 82' lang='lat' dir='ltr'><strong>niam</strong></span> <span class='ocrx_word' id='word_1_161' title='bbox 431 2038 701 2096; x_wconf 75' lang='lat' dir='ltr'><strong>nonnullis</strong></span> <span class='ocrx_word' id='word_1_162' title='bbox 724 2038 968 2094; x_wconf 78' lang='lat' dir='ltr'><strong>Asiaticis</strong></span> <span class='ocrx_word' id='word_1_163' title='bbox 994 2039 1160 2092; x_wconf 81' lang='lat' dir='ltr'><strong>visum</strong></span> <span class='ocrx_word' id='word_1_164' title='bbox 1187 2046 1285 2108; x_wconf 83' lang='lat' dir='ltr'><strong>est,</strong></span> <span class='ocrx_word' id='word_1_165' title='bbox 1307 2037 1404 2093; x_wconf 88' lang='lat' dir='ltr'><strong>sed</strong></span> <span class='ocrx_word' id='word_1_166' title='bbox 1430 2038 1799 2112; x_wconf 90' lang='lat' dir='ltr'><strong>potissimum</strong></span> <span class='ocrx_word' id='word_1_167' title='bbox 1830 2046 1882 2096; x_wconf 90' lang='lat' dir='ltr'><strong>et</strong></span> <span class='ocrx_word' id='word_1_168' title='bbox 1916 2046 2047 2098; x_wconf 89' lang='lat' dir='ltr'><strong>ante</strong></span> <span class='ocrx_word' id='word_1_169' title='bbox 2072 2059 2184 2098; x_wconf 91' lang='lat' dir='ltr'><strong>om-</strong></span> 
     </span>
     <span class='ocr_line' id='line_1_29' title="bbox 262 2135 2186 2215; baseline 0.001 -19"><span class='ocrx_word' id='word_1_170' title='bbox 262 2139 357 2197; x_wconf 93' lang='lat' dir='ltr'><strong>nia</strong></span> <span class='ocrx_word' id='word_1_171' title='bbox 399 2144 752 2215; x_wconf 88' lang='lat' dir='ltr'><strong>provocasset</strong></span> <span class='ocrx_word' id='word_1_172' title='bbox 789 2137 858 2192; x_wconf 90' lang='lat' dir='ltr'><strong>ad</strong></span> <span class='ocrx_word' id='word_1_173' title='bbox 904 2137 1141 2211; x_wconf 88' lang='lat' dir='ltr'><strong>hujusce</strong></span> <span class='ocrx_word' id='word_1_174' title='bbox 1189 2135 1399 2193; x_wconf 86' lang='lat' dir='ltr'><strong>decreti</strong></span> <span class='ocrx_word' id='word_1_175' title='bbox 1442 2136 1865 2209; x_wconf 85' lang='lat' dir='ltr'><strong>auctoritatem,</strong></span> <span class='ocrx_word' id='word_1_176' title='bbox 1917 2156 1982 2195; x_wconf 90' lang='lat' dir='ltr'><strong>ac</strong></span> <span class='ocrx_word' id='word_1_177' title='bbox 2020 2139 2088 2196; x_wconf 91' lang='lat' dir='ltr'><strong>de</strong></span> <span class='ocrx_word' id='word_1_178' title='bbox 2126 2157 2186 2198; x_wconf 90' lang='lat' dir='ltr'><strong>eo</strong></span> 
     </span>
     <span class='ocr_line' id='line_1_30' title="bbox 262 2235 883 2296; baseline -0.006 -2"><span class='ocrx_word' id='word_1_179' title='bbox 262 2238 610 2296; x_wconf 86' lang='lat' dir='ltr'><strong>mentionem</strong></span> <span class='ocrx_word' id='word_1_180' title='bbox 637 2235 883 2291; x_wconf 88' lang='lat' dir='ltr'><strong>fecisset.</strong></span> 
     </span>
     <span class='ocr_line' id='line_1_31' title="bbox 332 2323 2184 2411; baseline 0.001 -17"><span class='ocrx_word' id='word_1_181' title='bbox 332 2323 659 2411; x_wconf 66' lang='lat' dir='ltr'><strong>Ignoratum</strong></span> <span class='ocrx_word' id='word_1_182' title='bbox 691 2353 720 2391; x_wconf 87' lang='lat' dir='ltr'><strong>a</strong></span> <span class='ocrx_word' id='word_1_183' title='bbox 742 2332 947 2389; x_wconf 89' lang='lat' dir='ltr'><strong>Basilio</strong></span> <span class='ocrx_word' id='word_1_184' title='bbox 972 2332 1188 2389; x_wconf 84' lang='lat' dir='ltr'><strong>dictum</strong></span> <span class='ocrx_word' id='word_1_185' title='bbox 1224 2332 1517 2390; x_wconf 87' lang='lat' dir='ltr'><strong>decretum</strong></span> <span class='ocrx_word' id='word_1_186' title='bbox 1554 2334 1743 2408; x_wconf 83' lang='lat' dir='ltr'><strong>arguit</strong></span> <span class='ocrx_word' id='word_1_187' title='bbox 1779 2335 1949 2392; x_wconf 89' lang='lat' dir='ltr'><strong>etiam</strong></span> <span class='ocrx_word' id='word_1_188' title='bbox 1978 2336 2098 2411; x_wconf 90' lang='lat' dir='ltr'><strong>ejus</strong></span> <span class='ocrx_word' id='word_1_189' title='bbox 2120 2337 2184 2395; x_wconf 87' lang='lat' dir='ltr'><strong>·d·</strong></span> 
     </span>
     <span class='ocr_line' id='line_1_32' title="bbox 260 2420 2230 2506; baseline -0.001 -12"><span class='ocrx_word' id='word_1_190' title='bbox 260 2436 557 2494; x_wconf 86' lang='lat' dir='ltr'><strong>Encratitis</strong></span> <span class='ocrx_word' id='word_1_191' title='bbox 605 2420 907 2492; x_wconf 80' lang='lat' dir='ltr'><strong>sententia,</strong></span> <span class='ocrx_word' id='word_1_192' title='bbox 944 2431 1229 2488; x_wconf 74' lang='lat' dir='ltr'><strong>Nimirum</strong></span> <span class='ocrx_word' id='word_1_193' title='bbox 1257 2431 1361 2489; x_wconf 91' lang='lat' dir='ltr'><strong>etsi</strong></span> <span class='ocrx_word' id='word_1_194' title='bbox 1389 2437 1548 2506; x_wconf 82' lang='lat' dir='ltr'><strong>putet</strong></span> <span class='ocrx_word' id='word_1_195' title='bbox 1593 2432 1906 2490; x_wconf 85' lang='lat' dir='ltr'><strong>invalidum</strong></span> <span class='ocrx_word' id='word_1_196' title='bbox 1939 2452 2061 2492; x_wconf 91' lang='lat' dir='ltr'><strong>esse</strong></span> <span class='ocrx_word' id='word_1_197' title='bbox 2095 2453 2179 2492; x_wconf 90' lang='lat' dir='ltr'><strong>eo·</strong></span> <span class='ocrx_word' id='word_1_198' title='bbox 2228 2422 2230 2427; x_wconf 40' lang='lat'><strong>¹</strong></span> 
     </span>
     <span class='ocr_line' id='line_1_33' title="bbox 262 2530 2175 2610; baseline 0.001 -19"><span class='ocrx_word' id='word_1_199' title='bbox 262 2555 393 2592; x_wconf 91' lang='lat' dir='ltr'><strong>rum</strong></span> <span class='ocrx_word' id='word_1_200' title='bbox 419 2534 728 2610; x_wconf 89' lang='lat' dir='ltr'><strong>baptisma,</strong></span> <span class='ocrx_word' id='word_1_201' title='bbox 758 2550 861 2608; x_wconf 88' lang='lat' dir='ltr'><strong>pro</strong></span> <span class='ocrx_word' id='word_1_202' title='bbox 887 2531 1034 2588; x_wconf 93' lang='lat' dir='ltr'><strong>bono</strong></span> <span class='ocrx_word' id='word_1_203' title='bbox 1060 2530 1437 2588; x_wconf 89' lang='lat' dir='ltr'><strong>nihilominus</strong></span> <span class='ocrx_word' id='word_1_204' title='bbox 1465 2531 1685 2588; x_wconf 86' lang='lat' dir='ltr'><strong>admitti</strong></span> <span class='ocrx_word' id='word_1_205' title='bbox 1720 2551 1881 2607; x_wconf 90' lang='lat' dir='ltr'><strong>posse</strong></span> <span class='ocrx_word' id='word_1_206' title='bbox 1906 2533 2175 2605; x_wconf 88' lang='lat' dir='ltr'><strong>concedit,</strong></span> 
     </span>
     <span class='ocr_line' id='line_1_34' title="bbox 256 2631 2237 2707; baseline 0.001 -17"><span class='ocrx_word' id='word_1_207' title='bbox 256 2634 478 2691; x_wconf 89' lang='lat' dir='ltr'><strong>ratione</strong></span> <span class='ocrx_word' id='word_1_208' title='bbox 506 2631 939 2690; x_wconf 85' lang='lat' dir='ltr'><strong>consuetudinis</strong></span> <span class='ocrx_word' id='word_1_209' title='bbox 972 2638 1024 2688; x_wconf 91' lang='lat' dir='ltr'><strong>et</strong></span> <span class='ocrx_word' id='word_1_210' title='bbox 1050 2631 1411 2688; x_wconf 87' lang='lat' dir='ltr'><strong>oeconomicae</strong></span> <span class='ocrx_word' id='word_1_211' title='bbox 1439 2632 1906 2707; x_wconf 80' lang='lat' dir='ltr'><strong>dispensationis,</strong></span> <span class='ocrx_word' id='word_1_212' title='bbox 1935 2634 2175 2692; x_wconf 87' lang='lat' dir='ltr'><strong>Profecto</strong></span> <span class='ocrx_word' id='word_1_213' title='bbox 2235 2645 2237 2651; x_wconf 62' lang='lat'><strong>⁴</strong></span> 
     </span>
     <span class='ocr_line' id='line_1_35' title="bbox 236 2729 2173 2810; baseline -0.001 -19"><span class='ocrx_word' id='word_1_214' title='bbox 236 2750 443 2806; x_wconf 12' lang='lat' dir='ltr'><strong>,neque</strong></span> <span class='ocrx_word' id='word_1_215' title='bbox 480 2734 626 2788; x_wconf 87' lang='lat' dir='ltr'><strong>hanc</strong></span> <span class='ocrx_word' id='word_1_216' title='bbox 669 2731 950 2788; x_wconf 91' lang='lat' dir='ltr'><strong>emisisset</strong></span> <span class='ocrx_word' id='word_1_217' title='bbox 979 2729 1326 2804; x_wconf 79' lang='lat' dir='ltr'><strong>opinionem,</strong></span> <span class='ocrx_word' id='word_1_218' title='bbox 1363 2731 1411 2787; x_wconf 93' lang='lat' dir='ltr'><strong>si</strong></span> <span class='ocrx_word' id='word_1_219' title='bbox 1453 2750 1484 2787; x_wconf 92' lang='lat' dir='ltr'><strong>a</strong></span> <span class='ocrx_word' id='word_1_220' title='bbox 1521 2732 1800 2808; x_wconf 88' lang='lat' dir='ltr'><strong>Stephano</strong></span> <span class='ocrx_word' id='word_1_221' title='bbox 1827 2733 1973 2810; x_wconf 91' lang='lat' dir='ltr'><strong>Papa</strong></span> <span class='ocrx_word' id='word_1_222' title='bbox 2001 2733 2173 2792; x_wconf 70' lang='lat' dir='ltr'><strong>sanci·</strong></span> 
     </span>
     <span class='ocr_line' id='line_1_36' title="bbox 254 2820 2242 2907; baseline 0.002 -19"><span class='ocrx_word' id='word_1_223' title='bbox 254 2838 379 2888; x_wconf 90' lang='lat' dir='ltr'><strong>tum</strong></span> <span class='ocrx_word' id='word_1_224' title='bbox 415 2830 692 2899; x_wconf 85' lang='lat' dir='ltr'><strong>scivisset,</strong></span> <span class='ocrx_word' id='word_1_225' title='bbox 717 2829 901 2885; x_wconf 85' lang='lat' dir='ltr'><strong>valere</strong></span> <span class='ocrx_word' id='word_1_226' title='bbox 930 2834 984 2884; x_wconf 87' lang='lat' dir='ltr'><strong>et</strong></span> <span class='ocrx_word' id='word_1_227' title='bbox 1014 2828 1340 2886; x_wconf 86' lang='lat' dir='ltr'><strong>iterandum</strong></span> <span class='ocrx_word' id='word_1_228' title='bbox 1365 2847 1479 2887; x_wconf 93' lang='lat' dir='ltr'><strong>non</strong></span> <span class='ocrx_word' id='word_1_229' title='bbox 1506 2848 1628 2888; x_wconf 89' lang='lat' dir='ltr'><strong>esse</strong></span> <span class='ocrx_word' id='word_1_230' title='bbox 1655 2833 2043 2905; x_wconf 89' lang='lat' dir='ltr'><strong>quorumlibet</strong></span> <span class='ocrx_word' id='word_1_231' title='bbox 2067 2820 2242 2907; x_wconf 11' lang='lat' dir='ltr'><strong>hae-[¹7</strong></span> 
     </span>
     <span class='ocr_line' id='line_1_37' title="bbox 254 2914 2242 3003; baseline -0.001 -18"><span class='ocrx_word' id='word_1_232' title='bbox 254 2930 563 2987; x_wconf 78' lang='lat' dir='ltr'><strong>leticorum</strong></span> <span class='ocrx_word' id='word_1_233' title='bbox 594 2927 898 3003; x_wconf 89' lang='lat' dir='ltr'><strong>baptisma.</strong></span> <span class='ocrx_word' id='word_1_234' title='bbox 2238 2914 2242 2918; x_wconf 39' lang='lat'>⁵</span> 
     </span>
     <span class='ocr_line' id='line_1_38' title="bbox 330 3025 2214 3106; baseline 0.002 -20"><span class='ocrx_word' id='word_1_235' title='bbox 330 3029 435 3086; x_wconf 88' lang='lat' dir='ltr'><strong>Sed</strong></span> <span class='ocrx_word' id='word_1_236' title='bbox 461 3045 645 3103; x_wconf 87' lang='lat' dir='ltr'><strong>neque</strong></span> <span class='ocrx_word' id='word_1_237' title='bbox 682 3026 999 3102; x_wconf 87' lang='lat' dir='ltr'><strong>scripsisset</strong></span> <span class='ocrx_word' id='word_1_238' title='bbox 1027 3025 1196 3083; x_wconf 84' lang='lat' dir='ltr'><strong>verba</strong></span> <span class='ocrx_word' id='word_1_239' title='bbox 1223 3028 1378 3085; x_wconf 86' lang='lat' dir='ltr'><strong>haec:</strong></span> <span class='ocrx_word' id='word_1_240' title='bbox 1408 3028 1809 3103; x_wconf 79' lang='lat' dir='ltr'><strong>Pepuzenorum</strong></span> <span class='ocrx_word' id='word_1_241' title='bbox 1857 3040 2034 3090; x_wconf 82' lang='lat' dir='ltr'><strong>autem</strong></span> <span class='ocrx_word' id='word_1_242' title='bbox 2061 3033 2214 3106; x_wconf 30' lang='lat' dir='ltr'><strong>bap-⁴,¹</strong></span> 
     </span>
     <span class='ocr_line' id='line_1_39' title="bbox 255 3102 2209 3212; baseline 0.002 -25"><span class='ocrx_word' id='word_1_243' title='bbox 255 3133 413 3187; x_wconf 85' lang='lat' dir='ltr'><strong>tisma</strong></span> <span class='ocrx_word' id='word_1_244' title='bbox 440 3129 646 3185; x_wconf 75' lang='lat' dir='ltr'><strong>millam</strong></span> <span class='ocrx_word' id='word_1_245' title='bbox 669 3129 796 3184; x_wconf 85' lang='lat' dir='ltr'><strong>mihi</strong></span> <span class='ocrx_word' id='word_1_246' title='bbox 821 3129 1012 3183; x_wconf 83' lang='lat' dir='ltr'><strong>habere</strong></span> <span class='ocrx_word' id='word_1_247' title='bbox 1038 3130 1301 3184; x_wconf 77' lang='lat' dir='ltr'><strong>rationem</strong></span> <span class='ocrx_word' id='word_1_248' title='bbox 1323 3130 1564 3196; x_wconf 58' lang='lat' dir='ltr'><strong>videtum·</strong></span> <span class='ocrx_word' id='word_1_249' title='bbox 1587 3134 1757 3187; x_wconf 83' lang='lat' dir='ltr'><strong>etmir</strong></span> <span class='ocrx_word' id='word_1_250' title='bbox 1762 3140 1878 3189; x_wconf 82' lang='lat' dir='ltr'><strong>atus</strong></span> <span class='ocrx_word' id='word_1_251' title='bbox 1903 3151 2019 3189; x_wconf 82' lang='lat' dir='ltr'><strong>sam</strong></span> <span class='ocrx_word' id='word_1_252' title='bbox 2050 3102 2209 3212; x_wconf 58' lang='lat' dir='ltr'><strong>quo-vl</strong></span> 
     </span>
     <span class='ocr_line' id='line_1_40' title="bbox 249 3222 2247 3308; baseline 0.001 -23"><span class='ocrx_word' id='word_1_253' title='bbox 249 3229 405 3286; x_wconf 84' lang='lat' dir='ltr'><strong>modo</strong></span> <span class='ocrx_word' id='word_1_254' title='bbox 435 3229 532 3285; x_wconf 89' lang='lat' dir='ltr'><strong>hoc</strong></span> <span class='ocrx_word' id='word_1_255' title='bbox 577 3227 884 3301; x_wconf 83' lang='lat' dir='ltr'><strong>Dionysium</strong></span> <span class='ocrx_word' id='word_1_256' title='bbox 909 3227 1125 3299; x_wconf 60' lang='lat' dir='ltr'><strong>fugerit.</strong></span> <span class='ocrx_word' id='word_1_257' title='bbox 1171 3227 1356 3285; x_wconf 91' lang='lat' dir='ltr'><strong>Posito</strong></span> <span class='ocrx_word' id='word_1_258' title='bbox 1395 3230 1547 3286; x_wconf 90' lang='lat' dir='ltr'><strong>enim</strong></span> <span class='ocrx_word' id='word_1_259' title='bbox 1585 3231 1738 3305; x_wconf 94' lang='lat' dir='ltr'><strong>quod</strong></span> <span class='ocrx_word' id='word_1_260' title='bbox 1782 3231 2052 3308; x_wconf 89' lang='lat' dir='ltr'><strong>Stephani</strong></span> <span class='ocrx_word' id='word_1_261' title='bbox 2079 3222 2203 3294; x_wconf 47' lang='lat' dir='ltr'><strong>deff</strong></span> <span class='ocrx_word' id='word_1_262' title='bbox 2242 3227 2247 3232; x_wconf 77' lang='grc'>’</span> 
     </span>
     <span class='ocr_line' id='line_1_41' title="bbox 251 3325 2198 3404; baseline -0.001 -19"><span class='ocrx_word' id='word_1_263' title='bbox 251 3335 471 3387; x_wconf 90' lang='lat' dir='ltr'><strong>cretum</strong></span> <span class='ocrx_word' id='word_1_264' title='bbox 516 3327 754 3399; x_wconf 85' lang='lat' dir='ltr'><strong>noverit,</strong></span> <span class='ocrx_word' id='word_1_265' title='bbox 785 3325 1040 3383; x_wconf 88' lang='lat' dir='ltr'><strong>validum</strong></span> <span class='ocrx_word' id='word_1_266' title='bbox 1084 3327 1380 3387; x_wconf 90' lang='lat' dir='ltr'><strong>declarans</strong></span> <span class='ocrx_word' id='word_1_267' title='bbox 1430 3330 1724 3404; x_wconf 89' lang='lat' dir='ltr'><strong>quodlibet</strong></span> <span class='ocrx_word' id='word_1_268' title='bbox 1778 3330 2198 3388; x_wconf 87' lang='lat' dir='ltr'><strong>haereticorum</strong></span> 
     </span>
     <span class='ocr_line' id='line_1_42' title="bbox 251 3425 2182 3504; baseline -0.001 -23"><span class='ocrx_word' id='word_1_269' title='bbox 251 3426 556 3502; x_wconf 86' lang='lat' dir='ltr'><strong>baptisma,</strong></span> <span class='ocrx_word' id='word_1_270' title='bbox 592 3425 879 3500; x_wconf 92' lang='lat' dir='ltr'><strong>numquid</strong></span> <span class='ocrx_word' id='word_1_271' title='bbox 924 3443 1097 3483; x_wconf 91' lang='lat' dir='ltr'><strong>ausus</strong></span> <span class='ocrx_word' id='word_1_272' title='bbox 1134 3433 1281 3484; x_wconf 90' lang='lat' dir='ltr'><strong>esset</strong></span> <span class='ocrx_word' id='word_1_273' title='bbox 1323 3427 1564 3485; x_wconf 91' lang='lat' dir='ltr'><strong>Basilius</strong></span> <span class='ocrx_word' id='word_1_274' title='bbox 1611 3428 1930 3504; x_wconf 90' lang='lat' dir='ltr'><strong>oppositum</strong></span> <span class='ocrx_word' id='word_1_275' title='bbox 1983 3427 2182 3501; x_wconf 19' lang='lat' dir='ltr'><strong>decer-›—&gt;</strong></span> 
     </span>
     <span class='ocr_line' id='line_1_43' title="bbox 250 3518 2173 3600; baseline 0.001 -23"><span class='ocrx_word' id='word_1_276' title='bbox 250 3539 406 3595; x_wconf 91' lang='lat' dir='ltr'><strong>nere,</strong></span> <span class='ocrx_word' id='word_1_277' title='bbox 427 3544 498 3581; x_wconf 90' lang='lat' dir='ltr'><strong>ne</strong></span> <span class='ocrx_word' id='word_1_278' title='bbox 515 3525 661 3582; x_wconf 88' lang='lat' dir='ltr'><strong>facta</strong></span> <span class='ocrx_word' id='word_1_279' title='bbox 680 3524 910 3599; x_wconf 90' lang='lat' dir='ltr'><strong>quidem</strong></span> <span class='ocrx_word' id='word_1_280' title='bbox 931 3524 1205 3581; x_wconf 87' lang='lat' dir='ltr'><strong>Pontificii</strong></span> <span class='ocrx_word' id='word_1_281' title='bbox 1227 3524 1435 3583; x_wconf 90' lang='lat' dir='ltr'><strong>decreti</strong></span> <span class='ocrx_word' id='word_1_282' title='bbox 1458 3526 1780 3583; x_wconf 78' lang='lat' dir='ltr'><strong>mentione?</strong></span> <span class='ocrx_word' id='word_1_283' title='bbox 1797 3526 1861 3582; x_wconf 91' lang='lat' dir='ltr'><strong>Et</strong></span> <span class='ocrx_word' id='word_1_284' title='bbox 1877 3518 2173 3600; x_wconf 61' lang='lat' dir='ltr'><strong>praeterea5‘5</strong></span> 
     </span>
     <span class='ocr_line' id='line_1_44' title="bbox 254 3616 2173 3700; baseline 0.001 -26"><span class='ocrx_word' id='word_1_285' title='bbox 254 3618 435 3676; x_wconf 90' lang='lat' dir='ltr'><strong>sciens</strong></span> <span class='ocrx_word' id='word_1_286' title='bbox 474 3622 582 3678; x_wconf 92' lang='lat' dir='ltr'><strong>sibi</strong></span> <span class='ocrx_word' id='word_1_287' title='bbox 621 3622 926 3695; x_wconf 89' lang='lat' dir='ltr'><strong>adversari,</strong></span> <span class='ocrx_word' id='word_1_288' title='bbox 959 3629 1085 3680; x_wconf 90' lang='lat' dir='ltr'><strong>tum</strong></span> <span class='ocrx_word' id='word_1_289' title='bbox 1110 3622 1362 3700; x_wconf 83' lang='lat' dir='ltr'><strong>Dionysii</strong></span> <span class='ocrx_word' id='word_1_290' title='bbox 1407 3623 1755 3699; x_wconf 90' lang='lat' dir='ltr'><strong>opinionem,</strong></span> <span class='ocrx_word' id='word_1_291' title='bbox 1782 3628 1906 3680; x_wconf 90' lang='lat' dir='ltr'><strong>tum</strong></span> <span class='ocrx_word' id='word_1_292' title='bbox 1941 3616 2173 3696; x_wconf 61' lang='lat' dir='ltr'><strong>proprie5</strong></span> 
     </span>
    </p>
   </div>
  </div>
 </body>
</html>
