2306 4010
760 183 892 231 PARS
921 181 1159 230 SECUNDA.
1325 212 1333 220 .
1815 175 1897 222 221

0 284 1 292 ἵ
28 296 84 364 Si
104 295 419 368 supponant
455 288 748 364 Episcopos
775 288 1058 345 collective
1089 290 1344 360 sumptos
1375 301 1404 340 a
1444 282 1690 339 Romano
1721 280 1904 337 Ponti-

23 392 123 462 fiee
148 409 250 448 non
283 406 436 464 posse
471 388 764 456 dissentire,
806 403 936 459 ergo
975 386 1083 461 ipsi
1117 383 1401 443 definienti
1437 399 1654 456 semper
1681 381 1906 438 obedire

26 494 300 558 tenentur,
337 490 402 540 et*
430 484 533 539 hoc
560 482 680 556 ipso
710 482 996 538 Romanus
1022 481 1270 539 Pontifex
1305 478 1616 536 infallibilis
1653 478 1905 552 agnosci-

29 594 139 647 tur.
163 586 216 643 Si
248 588 473 640 econtra
498 585 817 656 supponant
843 579 1168 649 adversarii,
1193 579 1490 651 collegium
1509 578 1907 652 Episcoporum

31 703 63 742 a
98 683 341 739 Romano
372 677 635 734 Pontifice
668 694 824 751 posse
877 675 1171 742 dissent-ire,
1211 675 1327 747 jam
1371 674 1738 730 infallibilitas
1781 673 1906 745 erit,

33 779 115 841 vel
151 794 319 853 penes
354 773 651 846 collegium
683 771 1080 846 Episcoporum
1114 769 1194 824 sic
1227 787 1256 824 a
1302 770 1442 840 Papa
1469 771 1806 827 dissentiens
1846 787 1911 826 ac

33 876 361 951 sejunctum,
395 871 479 928 vel
506 870 669 927 etiam
698 874 835 925 tunc
858 867 1204 940 agnoscenda
1230 865 1336 921 erit
1366 865 1424 920 in
1453 866 1700 922 Romano
1727 866 1910 922 Ponti-

34 971 148 1031 flce.
185 969 348 1044 Atqui
392 986 512 1024 esse
545 964 738 1039 nequit
779 961 1147 1020 infallibilitas
1186 961 1244 1016 in
1279 960 1677 1035 Episcoporum
1716 962 1914 1019 collec-

35 1068 196 1138 tione,
226 1086 252 1124 a
284 1067 531 1122 Romano
560 1062 824 1120 Pontifice
854 1061 1103 1134 sejuncta
1145 1065 1197 1116 et
1223 1059 1605 1128 dissentiente;
1652 1060 1802 1131 quod
1834 1061 1915 1116 sic

36 1165 276 1242 probavit
295 1163 532 1220 eximius
550 1162 839 1233 theologus
858 1159 914 1215 P.
940 1158 1136 1214 Martin
1157 1156 1445 1213 Societatis
1466 1157 1490 1211 J
1498 1174 1597 1212 esu
1615 1178 1625 1210 :
1651 1177 1678 1207 «
1701 1157 1753 1210 1ο
1770 1156 1916 1211 Talis

36 1261 394 1319 infallibilitas
423 1278 533 1315 non
556 1263 736 1332 potest
760 1257 893 1312 huic
917 1254 1226 1311 collectioni
1253 1259 1564 1327 competere
1593 1253 1643 1308 vi
1682 1252 1918 1327 promis-

42 1356 255 1414 sionum
284 1357 559 1411 factarum
590 1353 698 1427 ipsi
730 1358 917 1407 sancto
946 1351 1102 1406 Petro
1129 1351 1252 1420 soli,
1279 1355 1340 1405 ut
1370 1355 1519 1423 patet
1546 1368 1612 1405 ex
1636 1342 1914 1405 terminisss

45 1450 145 1520 Nec
173 1453 225 1508 2⁰
257 1457 569 1525 competere
598 1449 703 1523 ipsi
733 1455 910 1523 potest
947 1447 999 1502 ri
1035 1446 1474 1521 promissionum
1514 1446 1787 1502 factarum
1816 1447 1920 1500 col-

58 1547 281 1603 lectioni:
313 1549 512 1606 etenim
542 1547 942 1622 promissiones
969 1546 1086 1602 istae
1117 1545 1475 1600 continentur
1511 1545 1599 1601 his
1633 1545 1873 1601 textibus
1906 1564 1916 1595 :

61 1643 239 1701 Euntes
282 1639 520 1703 docetess..
554 1646 621 1702 Et
648 1664 762 1701 ecce
804 1664 892 1716 eyo
938 1646 1198 1699 vobiscum
1237 1661 1354 1698 sum
1395 1645 1626 1698 ommibus
1670 1644 1917 1699 (liebus...

61 1740 375 1814 Quaecuquae
409 1744 747 1817 ligaveritis..
782 1747 835 1796 et
878 1741 1004 1796 aliis
1037 1740 1280 1796 textibus
1309 1739 1468 1795 citari
1502 1739 1681 1794 solitis
1724 1738 1821 1793 ubi
1856 1738 1923 1793 de

60 1836 440 1894 infallibilitate
463 1839 730 1896 Ecclesiae.
770 1838 934 1910 Atqui
970 1837 1060 1894 isti
1099 1845 1282 1893 textus
1322 1835 1554 1891 minime
1585 1835 1788 1904 favent,
1822 1852 1924 1890 nec

55 1932 357 2005 quidquam
395 1935 644 1992 tribuunt
682 1935 996 1993 collectioni
1044 1935 1110 1992 dc
1150 1953 1258 2007 qua
1297 1934 1498 2006 agitur.
1549 1933 1767 1990 Scilicet
1810 1935 1924 1988 haec

54 2027 194 2101 dicta
220 2036 351 2085 sunt
380 2030 607 2104 collegio
632 2032 1026 2106 apostolorum;
1067 2031 1163 2087 sed
1198 2036 1423 2085 sanctus
1458 2030 1650 2085 Petrus
1674 2035 1791 2085 erat
1819 2029 1924 2084 sal-

50 2132 158 2180 tem
190 2127 499 2182 membrum
533 2127 694 2184 istius
721 2128 961 2200 collegii,
994 2145 1094 2183 nec
1125 2134 1259 2183 tunc
1286 2126 1548 2182 undecim
1586 2132 1743 2181 erant
1766 2127 1832 2181 ab
1864 2143 1926 2180 eo

52 2219 457 2279 dissentientes
498 2226 636 2294 Ergo
663 2225 830 2279 etiam
877 2226 995 2295 ipse
1034 2231 1248 2295 partem
1286 2241 1446 2277 suam
1479 2223 1670 2277 babuit
1706 2223 1762 2277 in
1804 2222 1927 2277 istis

54 2317 541 2389 promissionibus3
579 2336 677 2373 seu
719 2319 901 2390 potius
939 2318 1029 2371 isti
1066 2317 1357 2372 duodecim
1388 2318 1495 2371 sibi
1532 2319 1676 2372 uniti
1711 2325 1761 2373 et
1802 2336 1929 2372 con-

50 2414 251 2486 juncti,
278 2431 572 2485 veramque
613 2413 882 2469 unitatem
919 2413 1338 2482 constituentes,
1380 2414 1493 2468 haec
1525 2415 1799 2486 promissa
1834 2434 1930 2470 au-

55 2510 277 2567 dierunt
298 2516 352 2565 et
368 2517 717 2583 acceperunt.
746 2510 882 2582 Ergo
906 2528 968 2566 ex
992 2510 1197 2565 talibus
1221 2510 1510 2583 promissis
1535 2512 1676 2567 nibil
1703 2513 1930 2568 omnino

53 2606 305 2679 sequitur
340 2624 663 2662 concessum
697 2607 790 2661 tali
835 2606 1147 2662 collectioni
1178 2607 1256 2678 (id
1286 2614 1366 2663 est
1406 2627 1434 2663 a
1470 2609 1715 2665 Romano
1749 2612 1932 2666 Ponti·

57 2703 155 2760 sice
190 2704 445 2776 sejuncta}
476 2710 526 2759 ct
554 2704 945 2776 dissentienti).
980 2704 1116 2777 Ergo
1147 2705 1377 2760 unicum
1404 2715 1655 2780 superest
1683 2709 1929 2764 medium

59 2798 403 2870 intelligendi
433 2818 621 2856 omncs
654 2800 1051 2874 promissiones
1081 2800 1253 2856 factas
1287 2802 1545 2859 omnibus
1579 2805 1749 2860 simul
1775 2804 1963 2880 apos-'

63 2892 209 2960 tulis,
229 2895 458 2951 scilicet:
485 2897 666 2952 omnis
684 2902 925 2970 potestas
948 2897 1072 2954 data
1092 2904 1174 2954 est
1192 2898 1242 2952 S.
1266 2899 1445 2967 Petro,
1476 2901 1574 2972 qui
1595 2903 1933 2957 constitutus

63 2995 140 3043 est
171 2990 422 3063 princeps
451 2998 503 3047 et
534 3001 697 3066 caput
731 2994 944 3066 collegii
978 2995 1285 3067 apostolici.
1324 2995 1427 3051 Sed
1466 2997 1580 3068 ipsc
1618 2999 1809 3053 Petrus
1835 3016 1934 3053 nec

64 3090 271 3157 poterat
297 3103 397 3142 nec
425 3087 654 3144 debebat
681 3095 851 3146 totam
889 3091 1188 3147 Ecclesiam
1220 3094 1336 3166 (per
1378 3111 1436 3149 se
1475 3095 1679 3162 solum)
1722 3112 1932 3166 regere.

65 3180 213 3236 Unde
243 3180 346 3254 ipsi
389 3181 501 3237 dati
543 3190 671 3238 sunt
697 3187 856 3256 quasi
894 3189 1267 3260 coadjutores,
1310 3207 1407 3244 seu
1454 3195 1700 3262 pastores
1727 3190 1938 3246 anima·

67 3295 214 3339 rum,
261 3294 456 3350 nempe
497 3279 749 3351 apostoli,
789 3298 886 3337 seu
922 3283 1193 3356 Episcopi;
1246 3285 1339 3356 qui
1386 3285 1488 3339 sub
1530 3285 1669 3357 ipso,
1721 3287 1937 3360 ipsique

70 3371 298 3444 subditi,
344 3372 714 3442 subordinati,
747 3376 1136 3447 obsequentes
1184 3385 1237 3433 ct
1274 3396 1482 3434 munus
1523 3381 1591 3435 ab
1637 3381 1756 3455 ipso
1799 3385 1936 3440 acci-

0 3534 6 3535 ?
73 3467 281 3542 pientes
324 3476 489 3542 atque
518 3477 862 3543 potestatem,
904 3473 1169 3545 speciales
1211 3482 1396 3547 partes
1436 3477 1615 3550 gregis
1651 3489 1936 3552 pascerent

74 3569 124 3620 et
147 3571 414 3638 regerent,
447 3567 580 3621 dum
610 3567 725 3640 ipse
761 3575 1068 3624 remaneret
1095 3577 1279 3642 pastor
1300 3576 1349 3628 et
1378 3579 1554 3630 rector
1584 3577 1932 3636 universalis.
