2306 4010
315 159 403 207 που
715 133 720 136 ’
986 142 1277 194 TRACTATUS
1307 142 1372 187 DE
1403 140 1548 187 PAPA.

315 269 443 344 pida
467 260 948 324 circumducimus
966 254 1034 311 ad
1057 258 1331 307 terrorem
1358 247 2060 316 omnibusincutiendu1113
2090 267 2220 306 cum

313 362 530 420 sicariis
571 377 634 414 ac
680 351 979 432 parricidis
1024 345 1336 403 teterrimis
1384 345 1694 420 ergastulis
1730 345 1938 403 inclusi
1979 344 2222 421 suspiria

313 453 808 519 mittimus-surdis
845 446 1077 506 auribus
1103 444 1504 521 excipienda...
1532 444 1816 520 Stupenda
1853 445 1950 503 sed
1975 464 2105 503 vera
2143 445 2223 501 lo-

308 576 472 632 quor,
506 557 666 610 Pater
696 544 1076 605 sanctissime.
1104 544 1401 602 Extinctus
1427 543 1583 602 enim
1611 549 1694 602 est
1725 543 2098 618 sublatusque
2119 543 2227 605 du-,

306 652 517 711 rissimi
555 646 797 705 carceris
838 642 1212 701 incommodis
1252 644 1592 702 reverendus
1633 648 1791 718 pater
1829 642 2010 712 Carla,
2057 661 2221 698 cano-

305 752 465 808 nicus
493 767 555 805 ac
580 747 737 824 prior
759 751 972 813 noster3
999 744 1131 802 felix
1157 745 1307 820 quod
1331 744 1608 802 libertatis
1631 743 2021 802 ecclesiasticae
2038 743 2220 819 prima

299 850 523 907 victima
552 846 829 905 cecidit...
859 844 1195 917 LaboribuS,
1237 845 1472 916 morbis,
1512 852 1566 902 et
1596 851 1843 902 extrema
1887 842 2064 900 macie
2092 862 2221 900 con·
2274 836 2278 839 ’

299 951 476 1007 fectus
501 946 721 1023 rapitur
746 944 1107 1018 trahiturque
1132 944 1455 1002 inultimos
1485 943 1676 1001 Galliae
1703 961 1988 1015 recessus,
2026 942 2221 1016 ibique

299 1050 355 1106 in
395 1049 637 1123 quadam
677 1065 805 1125 arce
838 1045 1178 1118 includitur,
1219 1064 1341 1119 quae
1375 1046 1482 1102 sub
1526 1043 1814 1121 pestilenti
1850 1061 1979 1119 aere
2017 1042 2219 1118 posita,

295 1150 505 1225 optimo
537 1147 655 1204 seni
687 1145 857 1203 exitio
885 1145 1015 1202 fuit.
1045 1145 1306 1202 Morienti
1341 1146 1604 1202 Ecclesiae
1636 1148 1989 1201 sacramenta
2022 1150 2218 1217 negata

297 1256 501 1307 sunt...
532 1247 921 1305 Reverendum
951 1247 1166 1303 Patrem
1199 1246 1530 1305 Michaelem
1555 1243 1905 1303 d'Aubarede
1930 1244 2216 1320 presbyte-

298 1369 523 1423 rum...,
575 1367 743 1423 quem
782 1348 1126 1423 putabamus
1171 1346 1338 1404 exilio
1391 1353 1614 1403 tantum
1658 1345 2021 1413 mulctatum,
2058 1343 2216 1400 audi-

296 1450 476 1507 vimus
530 1449 766 1505 ductum
817 1447 1149 1517 Codomum,
1198 1445 1391 1520 ibique
1443 1446 1501 1501 in
1533 1461 1838 1525 ‘carcerem
1894 1443 2210 1499 detrusum.

294 1546 647 1603 Reverendus
694 1546 854 1603 Pater
892 1546 1065 1615 Rech,
1117 1550 1229 1600 tam
1281 1551 1431 1601 arcta
1482 1542 1737 1600 custodia
1778 1541 2037 1596 inclusus
2082 1558 2212 1595 con-

297 1645 638 1718 strictusque
662 1653 763 1715 est,
789 1651 851 1700 ut
877 1643 1009 1718 quid
1041 1644 1108 1700 de
1131 1662 1194 1700 eo
1221 1644 1433 1700 factum
1460 1643 1528 1699 sit
1555 1642 1783 1718 penitus
1807 1639 2209 1713 ignoremus..

221 1733 223 1736 ’
294 1743 485 1799 Caeteri
517 1743 771 1798 canonici
801 1743 1091 1815 regulares
1127 1743 1330 1798 fratres
1358 1742 1469 1797 mei
1514 1741 1740 1798 sedibus
1780 1743 1900 1799 suis
1940 1739 2112 1813 pulsi,
2154 1738 2210 1794 in

295 1842 465 1898 variis
507 1841 750 1917 oppidis,
797 1841 945 1896 inter
983 1859 1041 1896 se
1084 1846 1136 1895 et
1175 1859 1205 1896 a
1248 1839 1410 1896 nobis
1449 1839 1685 1910 dissitis,
1718 1842 2021 1897 exulant...
2061 1838 2213 1894 Alios

295 1942 610 2018 permultos
651 1940 870 2011 omitto,
903 1940 1061 1996 Pater
1096 1938 1474 2008 sanctissime,
1508 1957 1608 2013 pro
1648 1957 1816 1995 causa
1846 1939 1940 1996 Dei
1966 1944 2212 1995 extrema

296 2059 531 2116 quaeque
557 2041 937 2097 subeuntes...

375 2138 853 2195 «Illustrissimus
887 2137 1361 2212 Archiepiscopus
1418 2136 1724 2193 Tolosanus
1786 2156 1898 2194 non
1939 2135 2213 2194 dubitavit

291 2238 684 2312 presbyterum
718 2237 1021 2310 quemdam
1055 2236 1301 2305 mittere,
1337 2236 1432 2310 qui
1461 2254 1561 2311 per
1591 2255 1875 2292 summam
1908 2236 2022 2292 vim
2051 2235 2213 2291 nobis

292 2336 559 2392 omnibus
588 2336 859 2410 expulsis,
902 2336 961 2390 in
996 2336 1093 2391 illa
1123 2335 1390 2408 Ecclesia,
1426 2336 1555 2392 sede
1595 2343 1848 2408 vacante,
1880 2336 2029 2393 vices
2060 2335 2214 2392 illius

292 2442 501 2510 ageret,
540 2454 734 2492 revera
772 2442 835 2492 ut
863 2454 1132 2510 sponsam
1163 2435 1368 2492 Christi
1395 2435 1702 2510 regalistiS,
1736 2442 1798 2492 ut
1831 2443 2054 2508 vocant,
2083 2455 2216 2492 con-

293 2534 624 2591 culcandam
664 2535 1211 2608 adulterandamque
1239 2535 1511 2591 traderet.
1551 2535 1764 2609 Religio
1805 2555 2006 2610 magna
2038 2542 2121 2592 est
2153 2555 2213 2592 ac

294 2652 517 2690 summa
545 2632 723 2707 pietas
753 2632 885 2687 huic
910 2632 1117 2688 vicario
1148 2633 1394 2706 generali
1427 2640 1648 2708 partam
1685 2641 1882 2692 contra
1914 2635 2214 2692 canonicas

294 2728 614 2785 sanctiones
638 2727 1060 2797 authoritatem,
1095 2729 1293 2797 armiS,
1321 2728 1526 2803 quibus
1552 2736 1668 2788 tota
1703 2733 1857 2807 regio
1887 2733 2212 2808 perstrepit,

295 2845 574 2893 asserere3
638 2828 995 2883 anathemate
1048 2828 1339 2902 perculsos
1382 2829 1642 2886 homines
1697 2832 1970 2888 altaribus
2026 2833 2215 2889 admo-

297 2931 440 2993 ver‘e3
469 2926 691 3000 plebem
718 2926 1088 2983 christianam
1114 2928 1183 2983 ad
1208 2928 1543 2985 celebranda
1566 2949 1691 2985 cum
1716 2931 2216 2988 excommunicatis

298 3026 561 3102 mysteria
607 3032 660 3083 et
704 3026 773 3081 ab
815 3025 886 3082 iis
939 3027 1300 3102 suscipienda
1352 3035 1704 3086 sacramenta
1748 3030 2022 3088 immissis
2066 3031 2215 3087 mili-

299 3126 448 3182 tibus
497 3126 739 3200 adigere3
791 3127 1094 3183 monachos
1133 3133 1187 3183 et
1231 3127 1687 3186 sanctimoniales
1730 3129 1788 3185 in
1829 3130 2099 3205 obsequio
2134 3148 2215 3186 re-

297 3233 611 3296 manentes,
642 3227 710 3282 ab
736 3245 844 3282 usu
870 3233 1355 3284 sacramentorum
1389 3247 1582 3286 arcere
1611 3237 1663 3286 et
1694 3230 2054 3288 monasteriis
2093 3229 2212 3287 suis

296 3326 567 3398 ejicere...

375 3423 667 3481 «Accessit
697 3426 945 3484 haeresis.
973 3426 1144 3494 Aiunt
1175 3427 1326 3483 enim
1371 3428 1627 3486 homines
1661 3428 1755 3485 isti
1793 3426 2054 3484 Ecclesiae
2087 3444 2208 3502 pere

294 3521 529 3590 duelleS,
573 3542 636 3579 ac
667 3526 910 3599 publicis
953 3526 1350 3584 instrumentis
1395 3527 1750 3602 consignant,
1795 3527 1892 3601 jus
1932 3525 2084 3583 istud
2122 3544 2207 3582 re-

293 3622 473 3696 galiae,
509 3640 622 3678 non
654 3624 880 3683 aliunde
907 3627 1180 3695 adcitum,
1222 3647 1335 3684 non
1379 3627 1638 3686 Ecclesiae
1676 3632 1771 3684 aut
1809 3632 2017 3683 sanctae
2049 3626 2208 3683 Sedis
