2306 4010
903 195 1032 242 PARS
1063 193 1299 242 SECUNDA.
1965 190 2046 238 141

176 330 201 359 α
232 305 480 375 docente,
523 302 708 358 cuncti
749 302 938 359 fideles
979 302 1367 359 incunctanter
1405 298 1886 373 obtemperant...;
1924 287 2054 356 cum

176 425 202 456 «
231 421 293 459 eo
324 402 504 459 solum
541 400 885 470 discrimine,
918 400 1064 474 quod
1089 400 1541 456 ultramontanus
1570 415 1628 454 58
1663 396 1942 454 submittit
1969 398 2058 452 ab·

176 523 203 554 α
232 503 418 566 solute,
452 499 622 556 veluti
650 498 866 555 veritati
893 498 1020 554 fidei
1047 497 1366 571 theologicae
1400 514 1497 552 scu
1521 495 1736 567 divinae;
1766 496 1901 552 dum
1934 495 2059 551 Gal·

178 621 203 650 «
237 598 450 654 licanus
482 596 764 671 praestabit
790 593 1123 667 obsequium
1158 594 1382 662 mentis,
1414 596 1671 660 sincerum
1696 592 1945 666 quidem,
1969 592 2062 648 sed

181 718 206 745 «
238 694 394 751 veluti
435 693 814 766 quodammodo
856 689 1312 758 SUSPENSIVUM,
1355 708 1484 746 cum
1527 709 1702 746 nomm
1754 691 2062 746 certitudine

183 813 207 841 «
238 790 385 864 quod
408 787 651 844 Pontifex
687 803 880 842 sanam
910 784 1220 840 doctrinam
1246 784 1560 855 tradiderit3
1596 805 1705 842 non
1732 791 1915 843 tamen
1944 804 2064 842 eam

171 907 208 937 ·«
237 891 298 939 ut
322 883 447 938 fidei
476 883 676 954 dogma
711 879 824 935 sive
849 879 1051 935 divinae
1083 879 1196 935 sive
1227 879 1531 950 catholicae,
1564 899 1739 952 usquc
1771 882 1904 937 dum
1936 900 2066 937 con-

181 1002 206 1031 «
238 978 437 1035 stiterit
468 978 534 1034 de
571 976 900 1033 universalis
924 976 1180 1032 Ecclesiae
1210 963 1396 1031 sensu.
1427 976 1581 1031 Prior
1618 978 1710 1033 dat
1738 979 2064 1051 obsequium

183 1098 209 1128 «
240 1074 388 1143 fidei,
423 1073 563 1129 alter
589 1090 716 1128 vero
741 1071 1073 1144 obsequium
1109 1071 1444 1128 humilitatis
1472 1078 1524 1127 et
1550 1074 1720 1146 hujus
1744 1073 2071 1130 obedientiae

186 1194 212 1224 «
241 1191 303 1228 ac
329 1170 714 1228 ecclesiasticae
746 1169 1242 1238 subordinationiS‚
1270 1189 1382 1242 qua
1416 1170 1708 1227 inferiores
1742 1171 1944 1228 debent
1972 1190 2070 1227 au-

189 1293 215 1324 «
246 1270 364 1326 dire
388 1287 574 1326 vocem
601 1267 954 1342 superioris»
988 1267 1170 1341 (ibid.,
1202 1267 1307 1322 col.
1342 1267 1534 1339 1150).
1565 1267 1604 1323 Ο
1629 1270 1795 1325 homo
1823 1269 1988 1324 bonet
2026 1268 2071 1324 si

188 1367 448 1424 Gallicani
477 1365 729 1423 hodierni
749 1364 1052 1421 Pontificiis
1075 1365 1493 1421 definitionibus
1512 1366 1843 1440 obsequium
1869 1366 2074 1422 mentis

191 1470 459 1540 praestent,
485 1482 547 1520 eo
595 1481 760 1536 quem
802 1462 941 1518 dicis
982 1464 1168 1534 modo,
1218 1465 1488 1519 habemus
1531 1483 1631 1539 per
1668 1471 1722 1520 te
1753 1465 2073 1525 confitentes

195 1580 332 1618 reos
366 1561 640 1617 Nimirum
675 1579 965 1617 assensum
990 1566 1252 1634 praestant
1280 1579 1390 1616 non
1414 1562 1726 1631 absolutum,
1760 1561 1855 1617 sed
1881 1580 2076 1616 snspen-

196 1679 326 1715 swun
366 1677 523 1732 usq-ue
569 1660 690 1714 dum
728 1660 1015 1714 constiterit
1045 1659 1108 1713 de
1136 1659 1443 1714 universalis
1471 1658 1715 1714 Ecclesiae
1747 1677 1924 1722 sensu‚·
1966 1675 2077 1714 non

199 1772 323 1811 cum
353 1755 602 1811 absoluta
627 1754 982 1822 certitudine,
1018 1754 1110 1810 sed
1139 1754 1426 1834 dumtaxat
1456 1774 1584 1810 cum
1615 1753 1944 1810 certitudine
1969 1773 2078 1809 ino-

199 1854 316 1922 rali,
345 1871 467 1925 quae.
497 1870 661 1908 omne
690 1851 924 1908 dubium
951 1858 1003 1907 et
1035 1870 1255 1908 omnem
1290 1852 1493 1908 erroris
1520 1858 1731 1908 metum
1759 1870 1867 1907 non
1893 1851 2077 1907 exclu—

201 1948 299 2018 dit;
340 1955 392 2006 et
430 1950 534 2005 hoc
570 1948 730 2004 modo
762 1950 1072 2023 praestando
1097 1948 1446 2022 obsequium,
1482 1954 1765 2023 praestant,
1803 1948 1962 2022 juxta
2003 1954 2075 2015 te,

198 2046 484 2100 sincerum!
514 2062 644 2101 sane
681 2044 845 2100 istam
883 2047 1230 2101 sinceritatem
1269 2045 1593 2102 Jansenistae
1638 2047 1784 2101 haud
1814 2044 2078 2120 suspicati

203 2147 350 2196 sunt.
402 2140 629 2203 Quando
675 2141 810 2213 ipsis
849 2141 1164 2214 injunctum
1211 2147 1293 2197 est
1341 2143 1715 2215 praestandum
1763 2142 2007 2198 definitis
2049 2161 2078 2197 a

201 2234 341 2306 Papa
377 2237 635 2288 internum
657 2238 845 2292 mentis
873 2238 1186 2306 obsequium,
1218 2242 1485 2309 putarunt
1521 2238 1606 2308 agi
1641 2239 1707 2293 de
1736 2257 1968 2294 assensu
1997 2240 2080 2293 ab-

203 2330 505 2383 soluto-non
530 2329 597 2383 de
625 2333 943 2400 suspensivm
976 2332 1043 2385 de
1070 2349 1298 2386 assensu
1335 2351 1442 2404 quo
1470 2333 1846 2388 definitionem
1881 2334 2078 2388 admit-

204 2429 381 2478 terent
404 2431 664 2496 tanquam
692 2431 840 2480 certo
859 2443 1042 2481 veram
1063 2427 1392 2482 certitudine
1416 2428 1577 2502 plena
1599 2436 1649 2484 et
1672 2429 1946 2499 absoluta,
1969 2448 2077 2486 non

204 2540 309 2594 quo
347 2539 463 2576 cam
493 2522 842 2577 admitterent
873 2540 1057 2578 veram
1092 2523 1417 2580 certitudine
1456 2526 1662 2596 morali,
1697 2526 1751 2580 id
1787 2534 1890 2597 est,
1922 2528 2080 2584 valde

203 2615 575 2687 probabiliter,
606 2615 660 2669 id
687 2622 789 2683 est,
812 2617 995 2683 dubie3
1019 2619 1086 2673 de
1109 2637 1338 2675 assensu
1362 2638 1469 2692 quo
1495 2622 1804 2691 crederent,
1835 2642 1941 2678 non
1971 2643 2079 2696 quo

200 2713 531 2776 dubitarent;
567 2713 631 2768 de
656 2731 879 2769 assensu
916 2714 1136 2770 tandem
1171 2734 1280 2788 quo
1309 2718 1662 2787 assentirent,
1706 2738 1816 2775 non
1849 2740 1957 2794 quo
1995 2741 2079 2777 as-

201 2826 423 2864 sensum
468 2810 860 2882 suspenderent,
906 2795 1093 2879 idest,
1136 2812 1489 2884 denegarent.
1532 2815 1594 2870 Et
1635 2815 1754 2872 ideo
1795 2817 2078 2874 internum

204 2922 467 2958 assensum
509 2906 693 2959 mentis
727 2922 786 2960 58
819 2923 1053 2962 renuere
1085 2907 1415 2982 simpliciter
1446 2911 1682 2983 professi
1717 2921 1869 2983 sunt,
1905 2921 1955 2969 et
1995 2917 2079 2970 ob-

202 3002 488 3071 sequiosum
529 3001 812 3057 dumtaxat
854 3003 1117 3059 silentium
1152 3006 1551 3079 praestiterunt.
1604 3010 1911 3066 Insortunio
1949 3030 2080 3068 sane

209 3095 631 3169 simplicioribus
662 3098 782 3154 istis
824 3100 1096 3156 haereticis
1135 3103 1483 3172 vertendum,
1532 3106 1675 3179 quod
1723 3114 1783 3162 tu
1830 3108 2077 3163 nondum

212 3199 372 3247 natus
409 3211 587 3264 esseS,
630 3202 690 3250 ut
726 3195 804 3251 eis
841 3195 898 3250 in
936 3196 1232 3252 seminario
1266 3198 1450 3254 Sancti
1490 3201 1710 3274 Sulpitii
1756 3203 2080 3274 praeclaram

213 3288 351 3343 hanc
380 3294 529 3345 tuam
570 3292 880 3348 machinam
908 3293 975 3349 de
997 3311 1224 3349 assensu
1263 3295 1465 3351 mentis
1497 3299 1816 3369 suspensum,
1842 3301 2083 3358 sinceris-

209 3387 338 3441 simo
363 3392 567 3456 tamen,
598 3389 877 3463 detegeres
921 3409 983 3446 ac
1014 3391 1416 3465 suppeditares
1467 3393 1660 3464 Igitur,
1699 3412 1766 3450 ne
1798 3396 2078 3470 pluribus,

215 3479 273 3536 in
298 3500 355 3538 re
387 3485 519 3540 satis
558 3486 797 3556 notoria,
826 3492 1170 3555 excurratur‚
1210 3487 1495 3543 fatendum
1532 3496 1612 3546 est
1648 3490 1706 3546 in
1745 3492 1933 3551 Galliis
1966 3501 2084 3552 tan-

217 3577 338 3635 dem
380 3583 730 3655 praevaluisse
774 3589 1012 3651 quatuor
1046 3582 1412 3639 articulorum
1456 3585 1792 3660 doctrinam3
1837 3599 2001 3666 atque
2029 3595 2083 3650 in
