2306 4010
350 150 438 198 558
1019 145 1314 195 TRACTATUS
1347 146 1414 194 DE
1444 146 1571 195 ΡΑΡΑ
1580 184 1590 195 .

2005 314 2030 323 s

342 366 368 419 5
388 365 428 406 5.
458 386 509 395 -
539 359 735 404 Defensio
761 359 901 402 tertia.
930 381 984 390 —
1006 360 1189 403 Conficta
1215 366 1288 404 aut
1315 361 1567 416 interpolata
1607 366 1708 404 sunt
1729 374 1827 417 quae
1860 367 2005 406 contra
2031 364 2265 415 Honorium
2291 399 2302 410 ,,

394 431 670 486 proferuntur
686 428 952 477 documenta,
973 434 1133 480 praeter
1157 430 1480 484 pronuntiatam
1497 444 1522 473 a
1540 436 1657 475 sexta
1673 432 1832 486 synodo
1849 434 2240 478 condemnationem
2247 426 2304 489 373⁴

395 501 469 543 sed
491 499 705 542 damnatio
723 500 815 542 haec
839 499 926 542 vim
943 502 1191 544 oeoumenici
1211 501 1373 544 decreti
1398 515 1482 546 non
1512 503 1652 555 habet,
1680 508 1826 557 utpote
1851 516 1874 545 a
1895 503 2092 546 Romanis
2117 471 2306 549 Ponti-53

390 569 543 612 ficibus
570 581 794 622 nunquam
819 575 1001 624 recepta.
1033 571 1246 614 Honorius
1280 571 1456 623 scilicet,
1481 585 1559 616 nec
1594 572 1970 615 monothelismum
2002 573 2158 634 docuit,
2186 570 2306 620 neei'

387 637 672 681 omittendum
709 638 816 681 dixit
846 639 935 681 sive
967 641 1095 683 unius
1123 640 1210 683 sive
1233 641 1419 692 duplicis
1442 642 1697 694 operationis
1728 643 1998 692 vocabulum,
2024 655 2101 686 nec
2130 640 2279 695 ullam.)
2303 652 2306 698 j

387 707 660 762 negligentiae
681 714 755 751 aut
783 721 928 763 pravae
950 710 1198 752 oeconomiae
1222 711 1393 764 culpam
1418 712 1639 754 contraxit.
2268 726 2270 731 ·
2297 700 2302 715 ’

406 845 484 903 Ita
510 851 700 904 tenent
729 865 792 903 ac
811 855 1191 924 propugnant,
1218 848 1367 906 inter
1389 849 1552 922 alios,
1575 849 2031 924 praestantissimi
2053 849 2279 919 Wirce-[

328 945 638 1021 burgenses
665 946 915 1021 theologi
945 949 1211 1023 (tractatu
1248 950 1313 1005 de
1337 948 1732 1020 Incarnatione,
1763 948 2158 1008 dissertatione
2189 950 2279 1021 11,

330 1045 575 1103 sectione
599 1047 697 1115 1113
719 1046 962 1104 recentis
982 1046 1247 1105 editionis
1274 1048 1409 1105 anni
1438 1048 1609 1120 1855,
1638 1055 1790 1106 tomo
1817 1049 1883 1119 ΙΙ,
1913 1049 2115 1125 pagina
2147 1049 2250 1107 171
2284 1116 2286 1118 ,

324 1152 377 1203 et
398 1147 565 1220 seq.).
595 1147 782 1204 Potest
808 1152 999 1204 autem
1020 1149 1136 1204 haec
1160 1147 1326 1205 tertia
1346 1147 1591 1206 defensio
1612 1149 1835 1206 institui
1865 1168 1928 1206 ac
1946 1149 2148 1225 exponi
2170 1168 2254 1207 se-

326 1247 520 1320 quenti
562 1247 1017 1324 propositionum
1052 1248 1218 1305 serie.

400 1348 687 1406 Pnorosrno
724 1350 785 1407 1³.
806 1349 961 1406 -Ιη
984 1367 1045 1405 ea
1066 1357 1224 1424 parte
1251 1350 1548 1408 litterarum
1587 1353 1830 1425 Honora,
1865 1371 2017 1426 quam
2050 1361 2251 1410 constat

324 1465 438 1503 esse
462 1448 837 1520 authenticam,
866 1446 1066 1521 falsum
1107 1450 1318 1506 omnino
1354 1457 1431 1507 est
1454 1453 1711 1508 contineri
1735 1453 2120 1509 'monothelismi
2145 1454 2250 1510 hae-

323 1546 503 1603 resim.
2280 1615 2281 1619 ἵ

398 1646 437 1700 Ι.
470 1646 866 1704 Anthenticam
895 1665 1018 1706 esse
1040 1655 1259 1725 partem
1299 1648 1456 1706 illam
1485 1648 1735 1726 epistolae
1759 1650 2008 1723 Honorii,
2050 1650 2105 1708 in
2134 1671 2243 1727 qua
2276 1647 2277 1650 '

322 1741 480 1817 dicit,
532 1764 693 1802 rimam
747 1749 1071 1804 voluntatem
1106 1748 1338 1821 fatemur
1373 1749 1587 1806 Domini
1630 1752 1798 1806 nostri
1845 1751 1974 1807 Jesn
2024 1750 2240 1823 Christi,

320 1851 537 1903 constat
582 1845 939 1904 documentis
988 1847 1180 1918 certis,
1227 1848 1551 1906 testimonio
1592 1850 1854 1908 videlicet
1902 1857 2024 1908 tum
2067 1850 2242 1908 sancti

320 1945 567 2018 Maximi,
596 1951 716 2002 tum
743 1947 974 2004 Joannis
989 1947 1282 2023 Symponi,
1308 1950 1404 2023 qui
1431 1950 1734 2025 epistolam
1760 1951 2087 2027 scripserat,
2117 1957 2236 2008 tum

315 2041 546 2102 Joannis
583 2045 645 2101 lv
670 2045 890 2101 Summi
914 2045 1222 2115 Pontifieis,
1255 2047 1352 2121 qui
1399 2048 1567 2105 tertio
1600 2056 1724 2124 post
1764 2049 1989 2107 Honorii
2024 2050 2240 2109 obitum
2276 2055 2277 2058 ’

317 2162 463 2200 anno
495 2145 692 2201 Sedeni
738 2145 1044 2201 Romanam
1083 2145 1284 2202 tenuit.
1338 2147 1475 2202 Nam
1512 2153 1624 2203 tres
1661 2147 1744 2202 illi
1780 2147 1885 2203 viri
1918 2154 2241 2224 contempo-

315 2244 470 2300 ranei
505 2244 758 2320 phrasim
796 2245 954 2300 illam
993 2251 1309 2302 memorant
1355 2253 1625 2320 tanquam
1664 2246 1721 2302 in
1748 2247 1975 2304 Honorii
2008 2248 2240 2323 epistola

314 2359 509 2402 rexera
553 2351 898 2417 contentam,
947 2345 1373 2421 Honoriumque
1421 2347 1734 2404 defendunt
1781 2349 2124 2406 ostendendo
2159 2349 2235 2406 ibi

312 2443 566 2501 locutum
595 2444 921 2501 Pontificem
948 2445 1017 2501 de
1048 2446 1166 2502 sola
1192 2446 1421 2502 humana
1447 2446 1650 2503 Christi
1678 2448 1982 2506 voluntate.

386 2544 449 2599 ΙΙ.
473 2543 629 2608 Quod
654 2550 845 2601 autem
872 2562 935 2600 ea
955 2563 1085 2620 pars
1117 2545 1366 2620 epistolae
1392 2545 1621 2603 Honorii
1654 2547 2083 2606 monothelismi
2114 2547 2234 2606 labe
2298 2570 2306 2618 ἴ·

312 2661 543 2716 prorsus
574 2663 773 2720 expers
805 2645 901 2717 sit,
935 2652 1155 2702 constat
1188 2668 1197 2698 :

388 2745 441 2797 v1⁰
469 2742 551 2798 Ex
585 2750 854 2799 contemtu.
889 2777 957 2784 —
981 2743 1263 2800 Nimirum
1300 2745 1564 2820 expendit
1609 2746 1685 2803 ihi
1730 2747 2005 2806 Honorius
2037 2756 2224 2808 utrum
2252 2772 2254 2774 ·
2299 2767 2306 2810 ἱ

310 2835 367 2897 in
405 2841 625 2898 Christo
652 2842 786 2911 sint,
823 2842 969 2899 sicut
1006 2843 1063 2898 in
1092 2843 1280 2917 nohis,
1311 2845 1436 2901 duae
1458 2846 1567 2902 illae
1594 2849 1890 2906 contrariae
1914 2851 2226 2920 voluntates
2252 2835 2254 2838 ’

304 2942 569 3000 humanae
611 2961 736 3017 quae
783 2943 1053 3000 dicuntur
1100 2945 1307 3002 mentis
1355 2953 1406 3003 et
1449 2947 1656 3018 earnis,
1690 2955 1742 3005 et
1771 2949 1839 3007 de
1871 2951 2080 3025 quibus
2114 2949 2250 3024 agit
2289 3022 2293 3028 Ι

302 3043 613 3118 apostolus,
659 3043 1024 3100 memorando
1075 3043 1239 3117 quem
1297 3047 1644 3103 membrorum
1692 3058 2074 3124 relinquentem
2125 3050 2221 3122 qui

303 3144 513 3198 mentia.
546 3142 866 3219 Respondet
889 3147 1080 3199 autem
1111 3163 1175 3200 ex
1203 3146 1392 3201 vitiata
1424 3152 1630 3202 natura
1657 3148 1954 3222 provenire
1979 3149 2038 3204 in
2062 3145 2220 3204 nobis
2251 3171 2273 3227 3⁴

302 3241 534 3299 alteram
587 3243 745 3300 illam
786 3243 1181 3300 membrorum
1212 3252 1263 3301 et
1296 3246 1486 3302 carnis
1523 3249 1890 3322 voluntatem,
1949 3245 2216 3306 voluntati

301 3342 508 3399 mentis
528 3349 970 3418 repngnantenn
1004 3362 1105 3400 nec
1129 3362 1251 3400 eam
1279 3345 1452 3402 fuisse
1479 3346 1537 3402 in
1564 3347 1775 3405 Adamo
1803 3356 1929 3406 ante
1956 3350 2176 3425 lapsum
2200 3368 2211 3414 3
2244 3358 2246 3361 ’
2289 3340 2291 3342 ’

304 3441 536 3513 proinde
563 3442 621 3498 in
652 3443 891 3513 Christe,
924 3443 1023 3518 qui
1061 3450 1327 3501 naturam
1351 3450 1605 3503 nostram
1641 3448 1974 3524 assumpsit,
2001 3462 2111 3504 non
2144 3446 2215 3502 via

302 3539 507 3610 tiatam,
538 3542 633 3598 sed
664 3543 969 3620 integram,
998 3550 1165 3620 prout
1193 3551 1312 3602 erat
1346 3545 1404 3601 in
1438 3546 1652 3604 Adamo
1683 3554 1810 3606 ante
1837 3548 2085 3623 lapsum,
2105 3560 2214 3601 non

299 3633 495 3693 adesse
520 3638 661 3695 duas
695 3637 820 3698 illas
861 3642 1173 3700 contrarias
1197 3649 1250 3701 et
1291 3642 1530 3702 invicem
1554 3650 1869 3722 pugnantes
1900 3644 2228 3701 voluntates.
