<?xml version="1.0" encoding="UTF-8"?>
<!DOCTYPE html PUBLIC "-//W3C//DTD XHTML 1.0 Transitional//EN"
    "http://www.w3.org/TR/xhtml1/DTD/xhtml1-transitional.dtd">
<html xmlns="http://www.w3.org/1999/xhtml" xml:lang="en" lang="en">
 <head>
  <title>
</title>
<meta http-equiv="Content-Type" content="text/html;charset=utf-8" />
  <meta name='ocr-system' content='tesseract 3.04.00' />
  <meta name='ocr-capabilities' content='ocr_page ocr_carea ocr_par ocr_line ocrx_word'/>
</head>
<body>
  <div class='ocr_page' id='page_1' title='image "a548470102bouiuoft_0736.png"; bbox 0 0 2262 3990; ppageno 0'>
   <div class='ocr_carea' id='block_1_1' title="bbox 155 89 1608 152">
    <p class='ocr_par' dir='ltr' id='par_1_1' title="bbox 155 89 1608 152">
     <span class='ocr_line' id='line_1_1' title="bbox 155 89 1608 152; baseline -0.002 -8"><span class='ocrx_word' id='word_1_1' title='bbox 155 96 244 144; x_wconf 90' lang='grc'><strong>720</strong></span> <span class='ocrx_word' id='word_1_2' title='bbox 418 118 425 126; x_wconf 87' lang='grc'><em>·</em></span> <span class='ocrx_word' id='word_1_3' title='bbox 617 92 784 142; x_wconf 85' lang='lat' dir='ltr'>INDEX</span> <span class='ocrx_word' id='word_1_4' title='bbox 813 91 975 139; x_wconf 76' lang='lat' dir='ltr'>JUXTA</span> <span class='ocrx_word' id='word_1_5' title='bbox 1003 90 1338 152; x_wconf 63' lang='lat' dir='ltr'><strong>Mummium</strong></span> <span class='ocrx_word' id='word_1_6' title='bbox 1369 89 1608 141; x_wconf 73' lang='lat' dir='ltr'><strong>onnmmt.</strong></span> 
     </span>
    </p>
   </div>
   <div class='ocr_carea' id='block_1_2' title="bbox 143 195 1936 2184">
    <p class='ocr_par' dir='ltr' id='par_1_2' title="bbox 205 195 1934 391">
     <span class='ocr_line' id='line_1_2' title="bbox 205 195 1930 252; baseline -0.003 -8"><span class='ocrx_word' id='word_1_7' title='bbox 205 203 293 244; x_wconf 63' lang='lat' dir='ltr'><strong>Cir.</strong></span> <span class='ocrx_word' id='word_1_8' title='bbox 317 202 403 246; x_wconf 88' lang='lat' dir='ltr'>VII.</span> <span class='ocrx_word' id='word_1_9' title='bbox 432 223 486 232; x_wconf 92' lang='lat'><em>-</em></span> <span class='ocrx_word' id='word_1_10' title='bbox 503 199 816 250; x_wconf 78' lang='lat' dir='ltr'><strong>Argumentum</strong></span> <span class='ocrx_word' id='word_1_11' title='bbox 839 207 892 238; x_wconf 82' lang='lat' dir='ltr'><strong>ex</strong></span> <span class='ocrx_word' id='word_1_12' title='bbox 925 195 1179 238; x_wconf 80' lang='lat' dir='ltr'>necessitate</span> <span class='ocrx_word' id='word_1_13' title='bbox 1213 195 1530 249; x_wconf 81' lang='lat' dir='ltr'><strong>approbationis</strong></span> <span class='ocrx_word' id='word_1_14' title='bbox 1560 206 1639 248; x_wconf 88' lang='lat' dir='ltr'><strong>per</strong></span> <span class='ocrx_word' id='word_1_15' title='bbox 1669 197 1930 252; x_wconf 60' lang='lat' dir='ltr'><strong>Papam,»ut</strong></span> 
     </span>
     <span class='ocr_line' id='line_1_3' title="bbox 253 263 1916 313; baseline -0.002 0"><span class='ocrx_word' id='word_1_16' title='bbox 253 268 482 313; x_wconf 89' lang='lat' dir='ltr'><strong>concilium</strong></span> <span class='ocrx_word' id='word_1_17' title='bbox 503 266 560 307; x_wconf 93' lang='lat' dir='ltr'><strong>sit</strong></span> <span class='ocrx_word' id='word_1_18' title='bbox 582 263 894 307; x_wconf 88' lang='lat' dir='ltr'><strong>oecumenicum</strong></span> <span class='ocrx_word' id='word_1_19' title='bbox 909 267 952 306; x_wconf 91' lang='lat' dir='ltr'><strong>et</strong></span> <span class='ocrx_word' id='word_1_20' title='bbox 968 263 1054 307; x_wconf 81' lang='lat' dir='ltr'><strong>vim</strong></span> <span class='ocrx_word' id='word_1_21' title='bbox 1073 263 1243 306; x_wconf 89' lang='lat' dir='ltr'><strong>concilii</strong></span> <span class='ocrx_word' id='word_1_22' title='bbox 1265 263 1517 306; x_wconf 89' lang='lat' dir='ltr'><strong>oecumenici</strong></span> <span class='ocrx_word' id='word_1_23' title='bbox 1534 263 1692 306; x_wconf 87' lang='lat' dir='ltr'><strong>habeat</strong></span> <span class='ocrx_word' id='word_1_24' title='bbox 1695 294 1916 312; x_wconf 91' lang='grc'><strong>.....</strong></span> 
     </span>
     <span class='ocr_line' id='line_1_4' title="bbox 254 332 1934 391; baseline 0 -13"><span class='ocrx_word' id='word_1_25' title='bbox 254 341 380 391; x_wconf 79' lang='lat' dir='ltr'><strong>Prop.</strong></span> <span class='ocrx_word' id='word_1_26' title='bbox 404 335 456 376; x_wconf 74' lang='lat'><strong>1¹.</strong></span> <span class='ocrx_word' id='word_1_27' title='bbox 489 357 537 366; x_wconf 95' lang='grc'>-</span> <span class='ocrx_word' id='word_1_28' title='bbox 554 332 788 376; x_wconf 82' lang='lat' dir='ltr'>Concilium</span> <span class='ocrx_word' id='word_1_29' title='bbox 803 333 875 376; x_wconf 91' lang='lat' dir='ltr'><strong>cui</strong></span> <span class='ocrx_word' id='word_1_30' title='bbox 901 334 1012 387; x_wconf 90' lang='lat' dir='ltr'><strong>Papa</strong></span> <span class='ocrx_word' id='word_1_31' title='bbox 1033 344 1161 375; x_wconf 91' lang='lat' dir='ltr'><strong>suum</strong></span> <span class='ocrx_word' id='word_1_32' title='bbox 1185 344 1404 376; x_wconf 83' lang='lat' dir='ltr'>assensum</span> <span class='ocrx_word' id='word_1_33' title='bbox 1420 338 1605 384; x_wconf 79' lang='lat' dir='ltr'>recusat,</span> <span class='ocrx_word' id='word_1_34' title='bbox 1627 345 1719 377; x_wconf 85' lang='lat' dir='ltr'><strong>non</strong></span> <span class='ocrx_word' id='word_1_35' title='bbox 1740 338 1805 378; x_wconf 90' lang='lat' dir='ltr'><strong>est</strong></span> <span class='ocrx_word' id='word_1_36' title='bbox 1817 345 1934 378; x_wconf 87' lang='lat' dir='ltr'><strong>oecu-</strong></span> 
     </span>
    </p>

    <p class='ocr_par' dir='ltr' id='par_1_3' title="bbox 206 399 1935 526">
     <span class='ocr_line' id='line_1_5' title="bbox 206 399 1927 458; baseline 0 -13"><span class='ocrx_word' id='word_1_37' title='bbox 206 452 209 458; x_wconf 13' lang='lat' dir='ltr'>y</span> <span class='ocrx_word' id='word_1_38' title='bbox 307 401 539 452; x_wconf 90' lang='lat' dir='ltr'><strong>menicum,</strong></span> <span class='ocrx_word' id='word_1_39' title='bbox 557 412 636 443; x_wconf 90' lang='lat' dir='ltr'><strong>nec</strong></span> <span class='ocrx_word' id='word_1_40' title='bbox 657 399 752 454; x_wconf 88' lang='lat' dir='ltr'><strong>ejus</strong></span> <span class='ocrx_word' id='word_1_41' title='bbox 767 400 939 442; x_wconf 90' lang='lat' dir='ltr'><strong>decreta</strong></span> <span class='ocrx_word' id='word_1_42' title='bbox 959 399 1047 442; x_wconf 85' lang='lat' dir='ltr'><strong>vim</strong></span> <span class='ocrx_word' id='word_1_43' title='bbox 1065 400 1229 442; x_wconf 89' lang='lat' dir='ltr'><strong>habent</strong></span> <span class='ocrx_word' id='word_1_44' title='bbox 1232 429 1927 446; x_wconf 86' lang='grc'><strong>..............</strong></span> 
     </span>
     <span class='ocr_line' id='line_1_6' title="bbox 254 468 1935 526; baseline 0 -12"><span class='ocrx_word' id='word_1_45' title='bbox 254 474 386 526; x_wconf 77' lang='grc' dir='ltr'><em>Ρνορ.</em></span> <span class='ocrx_word' id='word_1_46' title='bbox 414 471 487 514; x_wconf 76' lang='lat'>11⁸.</span> <span class='ocrx_word' id='word_1_47' title='bbox 507 492 562 502; x_wconf 88' lang='lat'>—</span> <span class='ocrx_word' id='word_1_48' title='bbox 582 470 639 511; x_wconf 88' lang='lat' dir='ltr'><strong>Ex</strong></span> <span class='ocrx_word' id='word_1_49' title='bbox 664 481 715 512; x_wconf 91' lang='lat' dir='ltr'><strong>eo</strong></span> <span class='ocrx_word' id='word_1_50' title='bbox 741 469 857 522; x_wconf 88' lang='lat' dir='ltr'><strong>quod</strong></span> <span class='ocrx_word' id='word_1_51' title='bbox 881 468 974 511; x_wconf 91' lang='lat' dir='ltr'><strong>sine</strong></span> <span class='ocrx_word' id='word_1_52' title='bbox 1005 469 1310 523; x_wconf 83' lang='lat' dir='ltr'>approbatione</span> <span class='ocrx_word' id='word_1_53' title='bbox 1333 470 1454 522; x_wconf 87' lang='lat' dir='ltr'><strong>Papae</strong></span> <span class='ocrx_word' id='word_1_54' title='bbox 1475 468 1705 512; x_wconf 90' lang='lat' dir='ltr'><strong>concilium</strong></span> <span class='ocrx_word' id='word_1_55' title='bbox 1727 481 1820 514; x_wconf 89' lang='lat' dir='ltr'><strong>esse</strong></span> <span class='ocrx_word' id='word_1_56' title='bbox 1847 482 1935 514; x_wconf 90' lang='lat' dir='ltr'><strong>ne-</strong></span> 
     </span>
    </p>

    <p class='ocr_par' dir='ltr' id='par_1_4' title="bbox 307 538 1936 662">
     <span class='ocr_line' id='line_1_7' title="bbox 307 538 1936 595; baseline 0 -12"><span class='ocrx_word' id='word_1_57' title='bbox 307 546 438 595; x_wconf 84' lang='lat' dir='ltr'>queat</span> <span class='ocrx_word' id='word_1_58' title='bbox 479 540 804 591; x_wconf 87' lang='lat' dir='ltr'><strong>oecumenicum,</strong></span> <span class='ocrx_word' id='word_1_59' title='bbox 839 550 918 582; x_wconf 92' lang='lat' dir='ltr'><strong>nec</strong></span> <span class='ocrx_word' id='word_1_60' title='bbox 949 538 1038 580; x_wconf 86' lang='lat' dir='ltr'><strong>vim</strong></span> <span class='ocrx_word' id='word_1_61' title='bbox 1063 539 1235 590; x_wconf 88' lang='lat' dir='ltr'><strong>habere,</strong></span> <span class='ocrx_word' id='word_1_62' title='bbox 1262 539 1460 593; x_wconf 90' lang='lat' dir='ltr'><strong>sequitur</strong></span> <span class='ocrx_word' id='word_1_63' title='bbox 1490 539 1650 593; x_wconf 82' lang='lat' dir='ltr'><strong>Papam</strong></span> <span class='ocrx_word' id='word_1_64' title='bbox 1684 550 1775 582; x_wconf 91' lang='lat' dir='ltr'><strong>esse</strong></span> <span class='ocrx_word' id='word_1_65' title='bbox 1806 552 1936 595; x_wconf 91' lang='lat' dir='ltr'><strong>supra</strong></span> 
     </span>
     <span class='ocr_line' id='line_1_8' title="bbox 311 609 1923 662; baseline -0.001 -8"><span class='ocrx_word' id='word_1_66' title='bbox 311 609 781 662; x_wconf 89' lang='lat' dir='ltr'><strong>concilium-sine-Papa</strong></span> <span class='ocrx_word' id='word_1_67' title='bbox 791 637 1923 657; x_wconf 86' lang='grc'><strong>......................</strong></span> 
     </span>
    </p>

    <p class='ocr_par' dir='ltr' id='par_1_5' title="bbox 201 676 1931 802">
     <span class='ocr_line' id='line_1_9' title="bbox 201 676 1931 733; baseline -0.001 -11"><span class='ocrx_word' id='word_1_68' title='bbox 201 681 290 722; x_wconf 67' lang='lat' dir='ltr'><strong>Cir.</strong></span> <span class='ocrx_word' id='word_1_69' title='bbox 311 678 418 721; x_wconf 83' lang='lat' dir='ltr'>VIII.</span> <span class='ocrx_word' id='word_1_70' title='bbox 441 701 495 709; x_wconf 97' lang='lat'><strong>—</strong></span> <span class='ocrx_word' id='word_1_71' title='bbox 512 678 830 732; x_wconf 84' lang='lat' dir='ltr'><strong>Argumentum</strong></span> <span class='ocrx_word' id='word_1_72' title='bbox 859 689 910 719; x_wconf 81' lang='lat' dir='ltr'><strong>ex</strong></span> <span class='ocrx_word' id='word_1_73' title='bbox 946 677 1211 719; x_wconf 84' lang='lat' dir='ltr'><strong>absurditate</strong></span> <span class='ocrx_word' id='word_1_74' title='bbox 1239 676 1450 731; x_wconf 87' lang='lat' dir='ltr'>opinionis</span> <span class='ocrx_word' id='word_1_75' title='bbox 1485 689 1578 732; x_wconf 85' lang='lat' dir='ltr'><strong>quae</strong></span> <span class='ocrx_word' id='word_1_76' title='bbox 1605 678 1722 732; x_wconf 85' lang='lat' dir='ltr'><strong>Papae</strong></span> <span class='ocrx_word' id='word_1_77' title='bbox 1748 678 1931 733; x_wconf 88' lang='lat' dir='ltr'><strong>subjicit</strong></span> 
     </span>
     <span class='ocr_line' id='line_1_10' title="bbox 255 746 1857 802; baseline -0.001 -11"><span class='ocrx_word' id='word_1_78' title='bbox 255 748 482 802; x_wconf 87' lang='lat' dir='ltr'><strong>Episcopos</strong></span> <span class='ocrx_word' id='word_1_79' title='bbox 496 752 546 789; x_wconf 91' lang='lat' dir='ltr'><strong>ut</strong></span> <span class='ocrx_word' id='word_1_80' title='bbox 565 747 773 801; x_wconf 91' lang='lat' dir='ltr'><strong>singulos,</strong></span> <span class='ocrx_word' id='word_1_81' title='bbox 795 748 947 800; x_wconf 86' lang='lat' dir='ltr'><strong>Papam</strong></span> <span class='ocrx_word' id='word_1_82' title='bbox 978 759 1079 788; x_wconf 90' lang='lat' dir='ltr'><strong>vero</strong></span> <span class='ocrx_word' id='word_1_83' title='bbox 1107 746 1318 799; x_wconf 91' lang='lat' dir='ltr'><strong>Episcopis</strong></span> <span class='ocrx_word' id='word_1_84' title='bbox 1338 746 1555 790; x_wconf 82' lang='lat' dir='ltr'>collective</span> <span class='ocrx_word' id='word_1_85' title='bbox 1581 747 1805 800; x_wconf 88' lang='lat' dir='ltr'><strong>sumptis..</strong></span> <span class='ocrx_word' id='word_1_86' title='bbox 1845 778 1857 790; x_wconf 94' lang='lat'>.</span> 
     </span>
    </p>

    <p class='ocr_par' dir='ltr' id='par_1_6' title="bbox 205 815 1933 1001">
     <span class='ocr_line' id='line_1_11' title="bbox 205 815 1930 870; baseline -0.001 -11"><span class='ocrx_word' id='word_1_87' title='bbox 205 819 292 860; x_wconf 61' lang='lat' dir='ltr'><strong>Cir.</strong></span> <span class='ocrx_word' id='word_1_88' title='bbox 316 817 448 859; x_wconf 88' lang='lat' dir='ltr'>IX.-</span> <span class='ocrx_word' id='word_1_89' title='bbox 471 816 787 870; x_wconf 86' lang='lat' dir='ltr'><strong>Argumentum</strong></span> <span class='ocrx_word' id='word_1_90' title='bbox 807 827 858 858; x_wconf 86' lang='lat' dir='ltr'><strong>ex</strong></span> <span class='ocrx_word' id='word_1_91' title='bbox 877 827 926 857; x_wconf 93' lang='lat' dir='ltr'><strong>eo</strong></span> <span class='ocrx_word' id='word_1_92' title='bbox 950 816 1062 870; x_wconf 91' lang='lat' dir='ltr'><strong>quod</strong></span> <span class='ocrx_word' id='word_1_93' title='bbox 1078 816 1187 869; x_wconf 91' lang='lat' dir='ltr'><strong>Papa</strong></span> <span class='ocrx_word' id='word_1_94' title='bbox 1215 815 1272 857; x_wconf 93' lang='lat' dir='ltr'><strong>sit</strong></span> <span class='ocrx_word' id='word_1_95' title='bbox 1287 821 1485 858; x_wconf 89' lang='lat' dir='ltr'><strong>centrum</strong></span> <span class='ocrx_word' id='word_1_96' title='bbox 1498 816 1692 866; x_wconf 90' lang='lat' dir='ltr'><strong>unitatis,</strong></span> <span class='ocrx_word' id='word_1_97' title='bbox 1713 821 1755 859; x_wconf 90' lang='lat' dir='ltr'><strong>et</strong></span> <span class='ocrx_word' id='word_1_98' title='bbox 1769 817 1930 870; x_wconf 89' lang='lat' dir='ltr'><strong>prima-</strong></span> 
     </span>
     <span class='ocr_line' id='line_1_12' title="bbox 254 884 1933 939; baseline -0.001 -10"><span class='ocrx_word' id='word_1_99' title='bbox 254 893 323 930; x_wconf 86' lang='lat' dir='ltr'><strong>tus</strong></span> <span class='ocrx_word' id='word_1_100' title='bbox 355 887 438 939; x_wconf 88' lang='lat' dir='ltr'><strong>ipsi</strong></span> <span class='ocrx_word' id='word_1_101' title='bbox 463 886 511 928; x_wconf 92' lang='lat' dir='ltr'><strong>in</strong></span> <span class='ocrx_word' id='word_1_102' title='bbox 542 887 658 928; x_wconf 89' lang='lat' dir='ltr'><strong>hunc</strong></span> <span class='ocrx_word' id='word_1_103' title='bbox 693 886 826 928; x_wconf 90' lang='lat' dir='ltr'><strong>finem</strong></span> <span class='ocrx_word' id='word_1_104' title='bbox 858 885 1037 928; x_wconf 89' lang='lat' dir='ltr'><strong>collatus</strong></span> <span class='ocrx_word' id='word_1_105' title='bbox 1063 884 1206 937; x_wconf 82' lang='lat' dir='ltr'><strong>fuerit,</strong></span> <span class='ocrx_word' id='word_1_106' title='bbox 1232 891 1280 928; x_wconf 90' lang='lat' dir='ltr'><strong>ut</strong></span> <span class='ocrx_word' id='word_1_107' title='bbox 1306 885 1498 928; x_wconf 78' lang='lat' dir='ltr'><strong>Ecclesiae</strong></span> <span class='ocrx_word' id='word_1_108' title='bbox 1534 886 1693 928; x_wconf 87' lang='lat' dir='ltr'><strong>unitati</strong></span> <span class='ocrx_word' id='word_1_109' title='bbox 1727 887 1933 931; x_wconf 87' lang='lat' dir='ltr'><strong>consule-</strong></span> 
     </span>
     <span class='ocr_line' id='line_1_13' title="bbox 255 962 1924 1001; baseline -0.001 -2"><span class='ocrx_word' id='word_1_110' title='bbox 255 962 379 1000; x_wconf 87' lang='lat' dir='ltr'><strong>retur</strong></span> <span class='ocrx_word' id='word_1_111' title='bbox 387 983 1924 1001; x_wconf 84' lang='grc'><strong>..............................</strong></span> 
     </span>
    </p>

    <p class='ocr_par' dir='ltr' id='par_1_7' title="bbox 204 1023 1924 1151">
     <span class='ocr_line' id='line_1_14' title="bbox 204 1023 1923 1079; baseline 0 -12"><span class='ocrx_word' id='word_1_112' title='bbox 204 1026 291 1069; x_wconf 64' lang='grc' dir='ltr'><strong>ΟΑΡ.</strong></span> <span class='ocrx_word' id='word_1_113' title='bbox 318 1025 366 1067; x_wconf 88' lang='lat' dir='ltr'><strong>X.</strong></span> <span class='ocrx_word' id='word_1_114' title='bbox 385 1046 440 1056; x_wconf 89' lang='lat'><strong>—-</strong></span> <span class='ocrx_word' id='word_1_115' title='bbox 455 1026 765 1078; x_wconf 83' lang='lat' dir='ltr'><strong>Argumentum</strong></span> <span class='ocrx_word' id='word_1_116' title='bbox 781 1037 831 1067; x_wconf 85' lang='lat' dir='ltr'><strong>ex</strong></span> <span class='ocrx_word' id='word_1_117' title='bbox 855 1036 902 1066; x_wconf 89' lang='lat' dir='ltr'><strong>eo</strong></span> <span class='ocrx_word' id='word_1_118' title='bbox 925 1023 1037 1077; x_wconf 89' lang='lat' dir='ltr'><strong>quod</strong></span> <span class='ocrx_word' id='word_1_119' title='bbox 1061 1024 1179 1077; x_wconf 75' lang='lat' dir='ltr'><strong>Papue</strong></span> <span class='ocrx_word' id='word_1_120' title='bbox 1207 1023 1307 1076; x_wconf 82' lang='lat' dir='ltr'><strong>jure</strong></span> <span class='ocrx_word' id='word_1_121' title='bbox 1330 1024 1474 1067; x_wconf 89' lang='lat' dir='ltr'><strong>divino</strong></span> <span class='ocrx_word' id='word_1_122' title='bbox 1498 1029 1710 1079; x_wconf 85' lang='lat' dir='ltr'><strong>competat</strong></span> <span class='ocrx_word' id='word_1_123' title='bbox 1723 1024 1859 1079; x_wconf 79' lang='lat' dir='ltr'><strong>plena</strong></span> <span class='ocrx_word' id='word_1_124' title='bbox 1879 1029 1923 1067; x_wconf 93' lang='lat' dir='ltr'><strong>et</strong></span> 
     </span>
     <span class='ocr_line' id='line_1_15' title="bbox 252 1092 1924 1151; baseline -0.001 -14"><span class='ocrx_word' id='word_1_125' title='bbox 252 1108 455 1151; x_wconf 79' lang='lat' dir='ltr'><strong>suprema</strong></span> <span class='ocrx_word' id='word_1_126' title='bbox 477 1099 664 1149; x_wconf 86' lang='lat' dir='ltr'><strong>potestas</strong></span> <span class='ocrx_word' id='word_1_127' title='bbox 688 1094 735 1136; x_wconf 90' lang='lat' dir='ltr'><strong>in</strong></span> <span class='ocrx_word' id='word_1_128' title='bbox 758 1094 1006 1136; x_wconf 88' lang='lat' dir='ltr'><strong>universam</strong></span> <span class='ocrx_word' id='word_1_129' title='bbox 1040 1092 1273 1135; x_wconf 87' lang='lat' dir='ltr'>Ecclesiam</span> <span class='ocrx_word' id='word_1_130' title='bbox 1277 1124 1924 1139; x_wconf 89' lang='grc'><strong>.............</strong></span> 
     </span>
    </p>

    <p class='ocr_par' dir='ltr' id='par_1_8' title="bbox 201 1163 1916 1218">
     <span class='ocr_line' id='line_1_16' title="bbox 201 1163 1916 1218; baseline -0.002 -10"><span class='ocrx_word' id='word_1_131' title='bbox 201 1167 289 1208; x_wconf 57' lang='lat' dir='ltr'><strong>Cir.</strong></span> <span class='ocrx_word' id='word_1_132' title='bbox 307 1166 375 1206; x_wconf 87' lang='lat' dir='ltr'><strong>XI.</strong></span> <span class='ocrx_word' id='word_1_133' title='bbox 403 1187 456 1196; x_wconf 94' lang='lat'><strong>--</strong></span> <span class='ocrx_word' id='word_1_134' title='bbox 471 1165 786 1218; x_wconf 87' lang='lat' dir='ltr'><strong>Argumentum</strong></span> <span class='ocrx_word' id='word_1_135' title='bbox 806 1177 856 1207; x_wconf 89' lang='lat' dir='ltr'><strong>ex</strong></span> <span class='ocrx_word' id='word_1_136' title='bbox 882 1176 931 1206; x_wconf 93' lang='lat' dir='ltr'><strong>eo</strong></span> <span class='ocrx_word' id='word_1_137' title='bbox 953 1163 1067 1218; x_wconf 90' lang='lat' dir='ltr'><strong>quod</strong></span> <span class='ocrx_word' id='word_1_138' title='bbox 1082 1165 1192 1217; x_wconf 90' lang='lat' dir='ltr'><strong>Papa</strong></span> <span class='ocrx_word' id='word_1_139' title='bbox 1205 1164 1260 1206; x_wconf 91' lang='lat' dir='ltr'><strong>sit</strong></span> <span class='ocrx_word' id='word_1_140' title='bbox 1282 1170 1407 1217; x_wconf 89' lang='lat' dir='ltr'><strong>caput</strong></span> <span class='ocrx_word' id='word_1_141' title='bbox 1427 1164 1683 1206; x_wconf 90' lang='lat' dir='ltr'><strong>universalis</strong></span> <span class='ocrx_word' id='word_1_142' title='bbox 1706 1164 1916 1206; x_wconf 86' lang='lat' dir='ltr'><strong>Ecclesiae.</strong></span> 
     </span>
    </p>

    <p class='ocr_par' dir='ltr' id='par_1_9' title="bbox 199 1233 1934 1358">
     <span class='ocr_line' id='line_1_17' title="bbox 199 1233 1931 1287; baseline 0 -11"><span class='ocrx_word' id='word_1_143' title='bbox 199 1236 287 1277; x_wconf 56' lang='lat' dir='ltr'><strong>Car.</strong></span> <span class='ocrx_word' id='word_1_144' title='bbox 310 1235 403 1276; x_wconf 89' lang='lat' dir='ltr'>XII.</span> <span class='ocrx_word' id='word_1_145' title='bbox 427 1257 482 1265; x_wconf 90' lang='lat'>—</span> <span class='ocrx_word' id='word_1_146' title='bbox 499 1235 810 1287; x_wconf 86' lang='lat' dir='ltr'><strong>Argumentum</strong></span> <span class='ocrx_word' id='word_1_147' title='bbox 835 1246 858 1275; x_wconf 90' lang='lat' dir='ltr'><strong>e</strong></span> <span class='ocrx_word' id='word_1_148' title='bbox 886 1233 1015 1275; x_wconf 91' lang='lat' dir='ltr'><strong>totius</strong></span> <span class='ocrx_word' id='word_1_149' title='bbox 1037 1233 1305 1286; x_wconf 86' lang='lat' dir='ltr'><strong>antiquitatis</strong></span> <span class='ocrx_word' id='word_1_150' title='bbox 1332 1233 1573 1275; x_wconf 87' lang='lat' dir='ltr'><strong>indubitata</strong></span> <span class='ocrx_word' id='word_1_151' title='bbox 1589 1233 1798 1285; x_wconf 85' lang='lat' dir='ltr'><strong>doctrina,</strong></span> <span class='ocrx_word' id='word_1_152' title='bbox 1818 1235 1931 1287; x_wconf 90' lang='lat' dir='ltr'><strong>quod</strong></span> 
     </span>
     <span class='ocr_line' id='line_1_18' title="bbox 252 1301 1934 1358; baseline -0.002 -11"><span class='ocrx_word' id='word_1_153' title='bbox 252 1306 360 1358; x_wconf 89' lang='lat' dir='ltr'><strong>Papa</strong></span> <span class='ocrx_word' id='word_1_154' title='bbox 391 1304 443 1346; x_wconf 91' lang='lat' dir='ltr'><strong>de</strong></span> <span class='ocrx_word' id='word_1_155' title='bbox 475 1303 768 1356; x_wconf 86' lang='lat' dir='ltr'><strong>quorumlibet</strong></span> <span class='ocrx_word' id='word_1_156' title='bbox 799 1301 982 1345; x_wconf 90' lang='lat' dir='ltr'><strong>aliorum</strong></span> <span class='ocrx_word' id='word_1_157' title='bbox 1012 1302 1188 1355; x_wconf 87' lang='lat' dir='ltr'><strong>judiciis</strong></span> <span class='ocrx_word' id='word_1_158' title='bbox 1215 1302 1408 1356; x_wconf 82' lang='lat' dir='ltr'><strong>judicare</strong></span> <span class='ocrx_word' id='word_1_159' title='bbox 1439 1303 1592 1353; x_wconf 86' lang='lat' dir='ltr'><strong>valeat,</strong></span> <span class='ocrx_word' id='word_1_160' title='bbox 1617 1302 1669 1344; x_wconf 91' lang='lat' dir='ltr'><strong>de</strong></span> <span class='ocrx_word' id='word_1_161' title='bbox 1690 1302 1823 1354; x_wconf 90' lang='lat' dir='ltr'><strong>ipsius</strong></span> <span class='ocrx_word' id='word_1_162' title='bbox 1850 1314 1934 1344; x_wconf 89' lang='lat' dir='ltr'><strong>au-</strong></span> 
     </span>
    </p>

    <p class='ocr_par' dir='ltr' id='par_1_10' title="bbox 228 1371 1924 1428">
     <span class='ocr_line' id='line_1_19' title="bbox 228 1371 1924 1428; baseline 0.001 -13"><span class='ocrx_word' id='word_1_163' title='bbox 228 1378 339 1428; x_wconf 47' lang='lat' dir='ltr'><strong>,tem</strong></span> <span class='ocrx_word' id='word_1_164' title='bbox 361 1372 525 1426; x_wconf 85' lang='lat' dir='ltr'><strong>judicio</strong></span> <span class='ocrx_word' id='word_1_165' title='bbox 550 1371 712 1413; x_wconf 90' lang='lat' dir='ltr'><strong>nemini</strong></span> <span class='ocrx_word' id='word_1_166' title='bbox 747 1372 809 1413; x_wconf 81' lang='lat' dir='ltr'><strong>fas</strong></span> <span class='ocrx_word' id='word_1_167' title='bbox 837 1371 894 1412; x_wconf 89' lang='lat' dir='ltr'><strong>sit</strong></span> <span class='ocrx_word' id='word_1_168' title='bbox 919 1371 1113 1424; x_wconf 87' lang='lat' dir='ltr'><strong>judicare</strong></span> <span class='ocrx_word' id='word_1_169' title='bbox 1118 1401 1924 1418; x_wconf 90' lang='grc'><strong>................</strong></span> 
     </span>
    </p>

    <p class='ocr_par' dir='ltr' id='par_1_11' title="bbox 199 1439 1929 1494">
     <span class='ocr_line' id='line_1_20' title="bbox 199 1439 1929 1494; baseline 0 -10"><span class='ocrx_word' id='word_1_170' title='bbox 199 1443 288 1485; x_wconf 70' lang='lat' dir='ltr'><strong>Cu.</strong></span> <span class='ocrx_word' id='word_1_171' title='bbox 310 1442 419 1484; x_wconf 92' lang='lat' dir='ltr'>XIIl.</span> <span class='ocrx_word' id='word_1_172' title='bbox 430 1465 483 1472; x_wconf 95' lang='lat'>—</span> <span class='ocrx_word' id='word_1_173' title='bbox 497 1442 807 1494; x_wconf 84' lang='lat' dir='ltr'><strong>Argumentum</strong></span> <span class='ocrx_word' id='word_1_174' title='bbox 821 1452 872 1482; x_wconf 88' lang='lat' dir='ltr'><strong>ex</strong></span> <span class='ocrx_word' id='word_1_175' title='bbox 889 1452 938 1483; x_wconf 87' lang='lat' dir='ltr'><strong>eo</strong></span> <span class='ocrx_word' id='word_1_176' title='bbox 955 1441 1068 1494; x_wconf 94' lang='lat' dir='ltr'><strong>quod</strong></span> <span class='ocrx_word' id='word_1_177' title='bbox 1079 1441 1189 1494; x_wconf 90' lang='lat' dir='ltr'><strong>Papa</strong></span> <span class='ocrx_word' id='word_1_178' title='bbox 1206 1441 1260 1482; x_wconf 90' lang='lat' dir='ltr'><strong>sit</strong></span> <span class='ocrx_word' id='word_1_179' title='bbox 1277 1439 1553 1482; x_wconf 90' lang='lat' dir='ltr'><strong>immediatus</strong></span> <span class='ocrx_word' id='word_1_180' title='bbox 1566 1441 1717 1482; x_wconf 87' lang='lat' dir='ltr'><strong>Christi</strong></span> <span class='ocrx_word' id='word_1_181' title='bbox 1732 1441 1929 1484; x_wconf 89' lang='lat' dir='ltr'><strong>vicarius.</strong></span> 
     </span>
    </p>

    <p class='ocr_par' dir='ltr' id='par_1_12' title="bbox 199 1509 1931 1634">
     <span class='ocr_line' id='line_1_21' title="bbox 199 1509 1931 1564; baseline -0.001 -10"><span class='ocrx_word' id='word_1_182' title='bbox 199 1515 287 1555; x_wconf 55' lang='lat' dir='ltr'><strong>Cir.</strong></span> <span class='ocrx_word' id='word_1_183' title='bbox 317 1512 414 1554; x_wconf 91' lang='lat' dir='ltr'>XIV.</span> <span class='ocrx_word' id='word_1_184' title='bbox 437 1511 815 1563; x_wconf 89' lang='lat' dir='ltr'><strong>—Argumentum</strong></span> <span class='ocrx_word' id='word_1_185' title='bbox 838 1521 890 1551; x_wconf 87' lang='lat' dir='ltr'><strong>ex</strong></span> <span class='ocrx_word' id='word_1_186' title='bbox 912 1521 961 1552; x_wconf 93' lang='lat' dir='ltr'><strong>eo</strong></span> <span class='ocrx_word' id='word_1_187' title='bbox 985 1510 1100 1564; x_wconf 91' lang='lat' dir='ltr'><strong>quod</strong></span> <span class='ocrx_word' id='word_1_188' title='bbox 1133 1510 1245 1563; x_wconf 89' lang='lat' dir='ltr'><strong>Papa</strong></span> <span class='ocrx_word' id='word_1_189' title='bbox 1273 1509 1330 1551; x_wconf 88' lang='lat' dir='ltr'><strong>sit</strong></span> <span class='ocrx_word' id='word_1_190' title='bbox 1350 1514 1480 1563; x_wconf 82' lang='lat' dir='ltr'><strong>pater</strong></span> <span class='ocrx_word' id='word_1_191' title='bbox 1496 1514 1537 1550; x_wconf 90' lang='lat' dir='ltr'><strong>et</strong></span> <span class='ocrx_word' id='word_1_192' title='bbox 1555 1509 1718 1560; x_wconf 80' lang='lat' dir='ltr'><strong>doctor,</strong></span> <span class='ocrx_word' id='word_1_193' title='bbox 1746 1521 1824 1552; x_wconf 91' lang='lat' dir='ltr'><strong>seu</strong></span> <span class='ocrx_word' id='word_1_194' title='bbox 1849 1511 1931 1552; x_wconf 91' lang='lat' dir='ltr'><strong>Ec-</strong></span> 
     </span>
     <span class='ocr_line' id='line_1_22' title="bbox 252 1579 1915 1634; baseline -0.001 -9"><span class='ocrx_word' id='word_1_195' title='bbox 252 1582 381 1625; x_wconf 87' lang='lat' dir='ltr'><strong>clesia</strong></span> <span class='ocrx_word' id='word_1_196' title='bbox 398 1582 581 1623; x_wconf 88' lang='lat' dir='ltr'><strong>Romana</strong></span> <span class='ocrx_word' id='word_1_197' title='bbox 599 1585 736 1622; x_wconf 77' lang='lat' dir='ltr'><strong>mater</strong></span> <span class='ocrx_word' id='word_1_198' title='bbox 759 1585 803 1622; x_wconf 91' lang='lat' dir='ltr'><strong>et</strong></span> <span class='ocrx_word' id='word_1_199' title='bbox 830 1579 1040 1634; x_wconf 67' lang='grc' dir='ltr'><strong>φηαρὶεινα</strong></span> <span class='ocrx_word' id='word_1_200' title='bbox 1066 1579 1318 1621; x_wconf 85' lang='lat' dir='ltr'><strong>universalis</strong></span> <span class='ocrx_word' id='word_1_201' title='bbox 1341 1579 1530 1621; x_wconf 74' lang='lat' dir='ltr'><strong>Ecclesiae</strong></span> <span class='ocrx_word' id='word_1_202' title='bbox 1536 1611 1915 1625; x_wconf 88' lang='lat'>........</span> 
     </span>
    </p>

    <p class='ocr_par' dir='ltr' id='par_1_13' title="bbox 199 1647 1916 1703">
     <span class='ocr_line' id='line_1_23' title="bbox 199 1647 1916 1703; baseline -0.002 -8"><span class='ocrx_word' id='word_1_203' title='bbox 199 1654 288 1695; x_wconf 76' lang='lat' dir='ltr'>CAP.</span> <span class='ocrx_word' id='word_1_204' title='bbox 316 1652 392 1694; x_wconf 86' lang='lat' dir='ltr'><strong>XV.</strong></span> <span class='ocrx_word' id='word_1_205' title='bbox 410 1675 463 1682; x_wconf 89' lang='lat'><strong>—-</strong></span> <span class='ocrx_word' id='word_1_206' title='bbox 486 1651 543 1691; x_wconf 84' lang='lat' dir='ltr'><strong>Ex</strong></span> <span class='ocrx_word' id='word_1_207' title='bbox 568 1649 850 1703; x_wconf 66' lang='lat' dir='ltr'><strong>praerogativa</strong></span> <span class='ocrx_word' id='word_1_208' title='bbox 874 1648 1084 1702; x_wconf 83' lang='lat' dir='ltr'><strong>primatus</strong></span> <span class='ocrx_word' id='word_1_209' title='bbox 1106 1647 1421 1700; x_wconf 89' lang='lat' dir='ltr'><strong>jurisdictionis</strong></span> <span class='ocrx_word' id='word_1_210' title='bbox 1429 1677 1916 1694; x_wconf 89' lang='grc'><strong>..........</strong></span> 
     </span>
    </p>

    <p class='ocr_par' dir='ltr' id='par_1_14' title="bbox 194 1717 1931 1843">
     <span class='ocr_line' id='line_1_24' title="bbox 194 1717 1931 1773; baseline -0.002 -8"><span class='ocrx_word' id='word_1_211' title='bbox 194 1724 284 1765; x_wconf 60' lang='lat' dir='ltr'><strong>Cir.</strong></span> <span class='ocrx_word' id='word_1_212' title='bbox 314 1722 487 1763; x_wconf 90' lang='lat' dir='ltr'>XV1.—</span> <span class='ocrx_word' id='word_1_213' title='bbox 504 1721 734 1773; x_wconf 87' lang='lat' dir='ltr'><strong>Perperam</strong></span> <span class='ocrx_word' id='word_1_214' title='bbox 757 1718 1045 1771; x_wconf 82' lang='lat' dir='ltr'><strong>objicerentur</strong></span> <span class='ocrx_word' id='word_1_215' title='bbox 1076 1717 1281 1760; x_wconf 89' lang='lat' dir='ltr'><strong>sessiones</strong></span> <span class='ocrx_word' id='word_1_216' title='bbox 1313 1723 1466 1771; x_wconf 90' lang='lat' dir='ltr'><strong>quarta</strong></span> <span class='ocrx_word' id='word_1_217' title='bbox 1493 1723 1536 1760; x_wconf 91' lang='lat' dir='ltr'><strong>et</strong></span> <span class='ocrx_word' id='word_1_218' title='bbox 1561 1718 1710 1770; x_wconf 88' lang='lat' dir='ltr'><strong>quinta</strong></span> <span class='ocrx_word' id='word_1_219' title='bbox 1728 1718 1931 1762; x_wconf 89' lang='lat' dir='ltr'><strong>Constan-</strong></span> 
     </span>
     <span class='ocr_line' id='line_1_25' title="bbox 248 1786 1923 1843; baseline -0.002 -10"><span class='ocrx_word' id='word_1_220' title='bbox 248 1791 399 1834; x_wconf 89' lang='lat' dir='ltr'><strong>tiensis</strong></span> <span class='ocrx_word' id='word_1_221' title='bbox 429 1790 602 1833; x_wconf 88' lang='lat' dir='ltr'><strong>concilii</strong></span> <span class='ocrx_word' id='word_1_222' title='bbox 639 1786 891 1843; x_wconf 80' lang='lat' dir='ltr'><strong>(remissive)</strong></span> <span class='ocrx_word' id='word_1_223' title='bbox 903 1817 1923 1833; x_wconf 84' lang='lat'>....................</span> 
     </span>
    </p>

    <p class='ocr_par' dir='ltr' id='par_1_15' title="bbox 143 1856 1930 1978">
     <span class='ocr_line' id='line_1_26' title="bbox 143 1856 1930 1912; baseline -0.003 -7"><span class='ocrx_word' id='word_1_224' title='bbox 143 1862 314 1905; x_wconf 89' lang='lat' dir='ltr'>SECTIO</span> <span class='ocrx_word' id='word_1_225' title='bbox 340 1862 414 1902; x_wconf 80' lang='grc' dir='ltr'><strong>ΙΙΙ.</strong></span> <span class='ocrx_word' id='word_1_226' title='bbox 439 1884 493 1891; x_wconf 89' lang='grc'>-</span> <span class='ocrx_word' id='word_1_227' title='bbox 514 1858 756 1901; x_wconf 87' lang='lat' dir='ltr'><strong>Auctoritas</strong></span> <span class='ocrx_word' id='word_1_228' title='bbox 777 1859 896 1910; x_wconf 64' lang='lat' dir='ltr'><strong>Papae</strong></span> <span class='ocrx_word' id='word_1_229' title='bbox 915 1868 1047 1909; x_wconf 91' lang='lat' dir='ltr'><strong>supra</strong></span> <span class='ocrx_word' id='word_1_230' title='bbox 1062 1856 1546 1910; x_wconf 88' lang='lat' dir='ltr'><strong>concilium-sine-Papa,</strong></span> <span class='ocrx_word' id='word_1_231' title='bbox 1566 1858 1745 1900; x_wconf 90' lang='lat' dir='ltr'><strong>seorsim</strong></span> <span class='ocrx_word' id='word_1_232' title='bbox 1760 1870 1930 1912; x_wconf 87' lang='lat' dir='ltr'><strong>expen-</strong></span> 
     </span>
     <span class='ocr_line' id='line_1_27' title="bbox 191 1923 1900 1978; baseline -0.001 -9"><span class='ocrx_word' id='word_1_233' title='bbox 191 1928 308 1969; x_wconf 87' lang='lat' dir='ltr'><strong>ditur</strong></span> <span class='ocrx_word' id='word_1_234' title='bbox 327 1932 370 1969; x_wconf 91' lang='lat' dir='ltr'><strong>et</strong></span> <span class='ocrx_word' id='word_1_235' title='bbox 393 1928 685 1975; x_wconf 84' lang='lat' dir='ltr'><strong>confirmatur,</strong></span> <span class='ocrx_word' id='word_1_236' title='bbox 714 1924 855 1978; x_wconf 87' lang='lat' dir='ltr'><strong>quoad</strong></span> <span class='ocrx_word' id='word_1_237' title='bbox 881 1924 1023 1973; x_wconf 91' lang='lat' dir='ltr'><strong>fidem,</strong></span> <span class='ocrx_word' id='word_1_238' title='bbox 1057 1923 1324 1975; x_wconf 87' lang='lat' dir='ltr'><strong>disciplinam</strong></span> <span class='ocrx_word' id='word_1_239' title='bbox 1341 1928 1383 1964; x_wconf 89' lang='lat' dir='ltr'><strong>et</strong></span> <span class='ocrx_word' id='word_1_240' title='bbox 1408 1923 1570 1976; x_wconf 88' lang='lat' dir='ltr'><strong>judicia</strong></span> <span class='ocrx_word' id='word_1_241' title='bbox 1577 1953 1900 1969; x_wconf 86' lang='grc'><strong>.......</strong></span> 
     </span>
    </p>

    <p class='ocr_par' dir='ltr' id='par_1_16' title="bbox 195 1991 1929 2120">
     <span class='ocr_line' id='line_1_28' title="bbox 195 1991 1911 2045; baseline -0.002 -6"><span class='ocrx_word' id='word_1_242' title='bbox 195 1997 283 2040; x_wconf 55' lang='lat' dir='ltr'><strong>Cir.</strong></span> <span class='ocrx_word' id='word_1_243' title='bbox 304 1995 406 2036; x_wconf 88' lang='grc'><strong>1.-</strong></span> <span class='ocrx_word' id='word_1_244' title='bbox 424 1995 483 2037; x_wconf 93' lang='lat' dir='ltr'><strong>De</strong></span> <span class='ocrx_word' id='word_1_245' title='bbox 495 1995 746 2036; x_wconf 87' lang='lat' dir='ltr'><strong>auctoritate</strong></span> <span class='ocrx_word' id='word_1_246' title='bbox 761 1994 882 2044; x_wconf 80' lang='lat' dir='ltr'><strong>Papae</strong></span> <span class='ocrx_word' id='word_1_247' title='bbox 895 2004 1025 2043; x_wconf 86' lang='lat' dir='ltr'><strong>supra</strong></span> <span class='ocrx_word' id='word_1_248' title='bbox 1040 1991 1523 2045; x_wconf 86' lang='lat' dir='ltr'><strong>concilium-sine-Papa,</strong></span> <span class='ocrx_word' id='word_1_249' title='bbox 1538 1996 1581 2035; x_wconf 91' lang='lat' dir='ltr'><strong>in</strong></span> <span class='ocrx_word' id='word_1_250' title='bbox 1599 1995 1778 2036; x_wconf 85' lang='lat' dir='ltr'><strong>materia</strong></span> <span class='ocrx_word' id='word_1_251' title='bbox 1798 1995 1911 2038; x_wconf 90' lang='lat' dir='ltr'><strong>fidei.</strong></span> 
     </span>
     <span class='ocr_line' id='line_1_29' title="bbox 249 2058 1929 2120; baseline -0.002 -13"><span class='ocrx_word' id='word_1_252' title='bbox 249 2068 379 2120; x_wconf 81' lang='lat' dir='ltr'><strong>Prop.</strong></span> <span class='ocrx_word' id='word_1_253' title='bbox 409 2065 461 2106; x_wconf 74' lang='lat'><strong>1⁸.</strong></span> <span class='ocrx_word' id='word_1_254' title='bbox 488 2086 541 2093; x_wconf 92' lang='grc'><strong>--</strong></span> <span class='ocrx_word' id='word_1_255' title='bbox 561 2063 600 2104; x_wconf 90' lang='lat' dir='ltr'><strong>Si</strong></span> <span class='ocrx_word' id='word_1_256' title='bbox 624 2062 839 2102; x_wconf 88' lang='lat' dir='ltr'><strong>Romanus</strong></span> <span class='ocrx_word' id='word_1_257' title='bbox 862 2059 1053 2100; x_wconf 85' lang='lat' dir='ltr'><strong>Pontifex</strong></span> <span class='ocrx_word' id='word_1_258' title='bbox 1076 2058 1368 2101; x_wconf 88' lang='lat' dir='ltr'><strong>definitionem</strong></span> <span class='ocrx_word' id='word_1_259' title='bbox 1393 2061 1491 2102; x_wconf 89' lang='lat' dir='ltr'><strong>fidei</strong></span> <span class='ocrx_word' id='word_1_260' title='bbox 1517 2063 1607 2113; x_wconf 86' lang='lat' dir='ltr'><strong>jam</strong></span> <span class='ocrx_word' id='word_1_261' title='bbox 1633 2062 1832 2112; x_wconf 83' lang='lat' dir='ltr'><strong>ediderit,</strong></span> <span class='ocrx_word' id='word_1_262' title='bbox 1865 2067 1929 2105; x_wconf 92' lang='lat' dir='ltr'><strong>te-</strong></span> 
     </span>
    </p>

    <p class='ocr_par' dir='ltr' id='par_1_17' title="bbox 300 2127 1927 2184">
     <span class='ocr_line' id='line_1_30' title="bbox 300 2127 1927 2184; baseline -0.002 -8"><span class='ocrx_word' id='word_1_263' title='bbox 300 2139 459 2176; x_wconf 89' lang='lat' dir='ltr'><strong>nentur</strong></span> <span class='ocrx_word' id='word_1_264' title='bbox 485 2130 694 2184; x_wconf 92' lang='lat' dir='ltr'><strong>generalis</strong></span> <span class='ocrx_word' id='word_1_265' title='bbox 714 2128 885 2170; x_wconf 90' lang='lat' dir='ltr'><strong>concilii</strong></span> <span class='ocrx_word' id='word_1_266' title='bbox 910 2129 1057 2168; x_wconf 90' lang='lat' dir='ltr'><strong>Patres</strong></span> <span class='ocrx_word' id='word_1_267' title='bbox 1080 2127 1181 2167; x_wconf 89' lang='lat' dir='ltr'><strong>huic</strong></span> <span class='ocrx_word' id='word_1_268' title='bbox 1204 2127 1443 2169; x_wconf 87' lang='lat' dir='ltr'><strong>definitioni</strong></span> <span class='ocrx_word' id='word_1_269' title='bbox 1471 2130 1714 2179; x_wconf 80' lang='lat' dir='ltr'><strong>adhaerere3</strong></span> <span class='ocrx_word' id='word_1_270' title='bbox 1748 2143 1826 2172; x_wconf 91' lang='lat' dir='ltr'><strong>nec</strong></span> <span class='ocrx_word' id='word_1_271' title='bbox 1854 2131 1927 2184; x_wconf 89' lang='lat' dir='ltr'><strong>ip·-</strong></span> 
     </span>
    </p>
   </div>
   <div class='ocr_carea' id='block_1_3' title="bbox 248 2195 1927 2326">
    <p class='ocr_par' dir='ltr' id='par_1_18' title="bbox 248 2195 1927 2326">
     <span class='ocr_line' id='line_1_31' title="bbox 301 2195 1918 2248; baseline -0.002 -2"><span class='ocrx_word' id='word_1_272' title='bbox 301 2204 360 2246; x_wconf 90' lang='lat' dir='ltr'><strong>sis</strong></span> <span class='ocrx_word' id='word_1_273' title='bbox 387 2203 575 2244; x_wconf 88' lang='lat' dir='ltr'><strong>liberum</strong></span> <span class='ocrx_word' id='word_1_274' title='bbox 595 2205 661 2242; x_wconf 90' lang='lat' dir='ltr'><strong>est</strong></span> <span class='ocrx_word' id='word_1_275' title='bbox 683 2198 807 2240; x_wconf 90' lang='lat' dir='ltr'><strong>aliter</strong></span> <span class='ocrx_word' id='word_1_276' title='bbox 831 2196 990 2239; x_wconf 88' lang='lat' dir='ltr'><strong>sentire</strong></span> <span class='ocrx_word' id='word_1_277' title='bbox 1017 2200 1093 2237; x_wconf 89' lang='lat' dir='ltr'><strong>aut</strong></span> <span class='ocrx_word' id='word_1_278' title='bbox 1125 2195 1316 2248; x_wconf 88' lang='lat' dir='ltr'><strong>judicare</strong></span> <span class='ocrx_word' id='word_1_279' title='bbox 1322 2227 1918 2242; x_wconf 87' lang='grc'><strong>............</strong></span> 
     </span>
     <span class='ocr_line' id='line_1_32' title="bbox 248 2263 1927 2326; baseline -0.002 -15"><span class='ocrx_word' id='word_1_280' title='bbox 248 2275 376 2326; x_wconf 79' lang='lat' dir='ltr'><strong>Prop.</strong></span> <span class='ocrx_word' id='word_1_281' title='bbox 411 2271 482 2312; x_wconf 72' lang='lat'><strong>112.</strong></span> <span class='ocrx_word' id='word_1_282' title='bbox 503 2292 555 2299; x_wconf 90' lang='lat'><strong>—-</strong></span> <span class='ocrx_word' id='word_1_283' title='bbox 573 2266 749 2315; x_wconf 91' lang='lat' dir='ltr'><strong>Quando</strong></span> <span class='ocrx_word' id='word_1_284' title='bbox 770 2265 889 2317; x_wconf 85' lang='lat' dir='ltr'><strong>Papae</strong></span> <span class='ocrx_word' id='word_1_285' title='bbox 904 2263 1095 2305; x_wconf 84' lang='lat' dir='ltr'><strong>definitio</strong></span> <span class='ocrx_word' id='word_1_286' title='bbox 1120 2263 1171 2304; x_wconf 91' lang='lat' dir='ltr'><strong>ad</strong></span> <span class='ocrx_word' id='word_1_287' title='bbox 1187 2275 1343 2304; x_wconf 89' lang='lat' dir='ltr'><strong>novum</strong></span> <span class='ocrx_word' id='word_1_288' title='bbox 1370 2275 1546 2306; x_wconf 88' lang='lat' dir='ltr'><strong>examen</strong></span> <span class='ocrx_word' id='word_1_289' title='bbox 1571 2265 1616 2306; x_wconf 92' lang='lat' dir='ltr'><strong>in</strong></span> <span class='ocrx_word' id='word_1_290' title='bbox 1633 2264 1823 2307; x_wconf 90' lang='lat' dir='ltr'><strong>conciliis</strong></span> <span class='ocrx_word' id='word_1_291' title='bbox 1846 2266 1927 2308; x_wconf 89' lang='lat' dir='ltr'><strong>de-</strong></span> 
     </span>
    </p>
   </div>
   <div class='ocr_carea' id='block_1_4' title="bbox 238 2331 1927 3567">
    <p class='ocr_par' dir='ltr' id='par_1_19' title="bbox 238 2331 1927 3567">
     <span class='ocr_line' id='line_1_33' title="bbox 303 2331 1927 2389; baseline -0.004 -6"><span class='ocrx_word' id='word_1_292' title='bbox 303 2342 431 2383; x_wconf 89' lang='lat' dir='ltr'><strong>ducta</strong></span> <span class='ocrx_word' id='word_1_293' title='bbox 456 2342 537 2388; x_wconf 89' lang='lat' dir='ltr'><strong>est,</strong></span> <span class='ocrx_word' id='word_1_294' title='bbox 557 2336 602 2378; x_wconf 89' lang='lat' dir='ltr'><strong>id</strong></span> <span class='ocrx_word' id='word_1_295' title='bbox 627 2347 709 2378; x_wconf 91' lang='lat' dir='ltr'><strong>non</strong></span> <span class='ocrx_word' id='word_1_296' title='bbox 730 2333 889 2375; x_wconf 83' lang='lat' dir='ltr'><strong>factum</strong></span> <span class='ocrx_word' id='word_1_297' title='bbox 915 2331 1000 2373; x_wconf 88' lang='lat' dir='ltr'><strong>fuit</strong></span> <span class='ocrx_word' id='word_1_298' title='bbox 1026 2343 1125 2373; x_wconf 90' lang='lat' dir='ltr'><strong>cum</strong></span> <span class='ocrx_word' id='word_1_299' title='bbox 1146 2331 1345 2373; x_wconf 85' lang='lat' dir='ltr'><strong>libertate</strong></span> <span class='ocrx_word' id='word_1_300' title='bbox 1368 2331 1656 2385; x_wconf 85' lang='lat' dir='ltr'><strong>dissentiendi,</strong></span> <span class='ocrx_word' id='word_1_301' title='bbox 1684 2335 1758 2377; x_wconf 92' lang='lat' dir='ltr'><strong>sed</strong></span> <span class='ocrx_word' id='word_1_302' title='bbox 1779 2340 1828 2376; x_wconf 92' lang='lat' dir='ltr'><strong>ut</strong></span> <span class='ocrx_word' id='word_1_303' title='bbox 1849 2346 1927 2389; x_wconf 89' lang='lat' dir='ltr'><strong>per</strong></span> 
     </span>
     <span class='ocr_line' id='line_1_34' title="bbox 300 2400 1926 2454; baseline -0.005 0"><span class='ocrx_word' id='word_1_304' title='bbox 300 2420 454 2454; x_wconf 86' lang='lat' dir='ltr'><strong>novam</strong></span> <span class='ocrx_word' id='word_1_305' title='bbox 475 2405 785 2449; x_wconf 90' lang='lat' dir='ltr'><strong>discussionem</strong></span> <span class='ocrx_word' id='word_1_306' title='bbox 799 2406 994 2446; x_wconf 87' lang='lat' dir='ltr'><strong>errantes</strong></span> <span class='ocrx_word' id='word_1_307' title='bbox 1014 2406 1089 2442; x_wconf 88' lang='lat' dir='ltr'><strong>aut</strong></span> <span class='ocrx_word' id='word_1_308' title='bbox 1112 2400 1356 2443; x_wconf 86' lang='lat' dir='ltr'><strong>dubitantes</strong></span> <span class='ocrx_word' id='word_1_309' title='bbox 1374 2402 1427 2444; x_wconf 91' lang='lat' dir='ltr'><strong>ad</strong></span> <span class='ocrx_word' id='word_1_310' title='bbox 1447 2404 1659 2446; x_wconf 88' lang='lat' dir='ltr'><strong>unitatem</strong></span> <span class='ocrx_word' id='word_1_311' title='bbox 1676 2415 1926 2447; x_wconf 89' lang='lat' dir='ltr'><strong>revocaren-</strong></span> 
     </span>
     <span class='ocr_line' id='line_1_35' title="bbox 302 2489 1913 2523; baseline -0.011 0"><span class='ocrx_word' id='word_1_312' title='bbox 302 2489 374 2523; x_wconf 85' lang='lat' dir='ltr'><strong>tur</strong></span> <span class='ocrx_word' id='word_1_313' title='bbox 380 2501 1913 2523; x_wconf 64' lang='grc'><strong>..............................</strong></span> 
     </span>
     <span class='ocr_line' id='line_1_36' title="bbox 244 2539 1925 2606; baseline -0.005 -13"><span class='ocrx_word' id='word_1_314' title='bbox 244 2552 374 2606; x_wconf 84' lang='lat' dir='ltr'><strong>Prop.</strong></span> <span class='ocrx_word' id='word_1_315' title='bbox 406 2547 502 2590; x_wconf 65' lang='lat'>1112.</span> <span class='ocrx_word' id='word_1_316' title='bbox 525 2569 580 2577; x_wconf 94' lang='lat'><em>-</em></span> <span class='ocrx_word' id='word_1_317' title='bbox 599 2545 657 2586; x_wconf 82' lang='lat' dir='ltr'><strong>Ex</strong></span> <span class='ocrx_word' id='word_1_318' title='bbox 673 2555 722 2586; x_wconf 87' lang='lat' dir='ltr'><strong>eo</strong></span> <span class='ocrx_word' id='word_1_319' title='bbox 739 2540 851 2596; x_wconf 91' lang='lat' dir='ltr'><strong>quod</strong></span> <span class='ocrx_word' id='word_1_320' title='bbox 875 2540 1046 2583; x_wconf 90' lang='lat' dir='ltr'><strong>concilii</strong></span> <span class='ocrx_word' id='word_1_321' title='bbox 1068 2539 1264 2593; x_wconf 91' lang='lat' dir='ltr'><strong>patribus</strong></span> <span class='ocrx_word' id='word_1_322' title='bbox 1294 2540 1478 2582; x_wconf 90' lang='lat' dir='ltr'><strong>liberum</strong></span> <span class='ocrx_word' id='word_1_323' title='bbox 1502 2553 1587 2583; x_wconf 91' lang='lat' dir='ltr'><strong>non</strong></span> <span class='ocrx_word' id='word_1_324' title='bbox 1608 2542 1664 2584; x_wconf 89' lang='lat' dir='ltr'><strong>sit</strong></span> <span class='ocrx_word' id='word_1_325' title='bbox 1697 2542 1822 2584; x_wconf 91' lang='lat' dir='ltr'><strong>aliter</strong></span> <span class='ocrx_word' id='word_1_326' title='bbox 1848 2543 1925 2584; x_wconf 91' lang='lat' dir='ltr'><strong>de-</strong></span> 
     </span>
     <span class='ocr_line' id='line_1_37' title="bbox 297 2609 1924 2668; baseline -0.007 -8"><span class='ocrx_word' id='word_1_327' title='bbox 297 2617 424 2659; x_wconf 90' lang='lat' dir='ltr'><strong>finire</strong></span> <span class='ocrx_word' id='word_1_328' title='bbox 447 2620 490 2658; x_wconf 90' lang='lat' dir='ltr'><strong>et</strong></span> <span class='ocrx_word' id='word_1_329' title='bbox 507 2614 703 2668; x_wconf 79' lang='lat' dir='ltr'><strong>Judicare</strong></span> <span class='ocrx_word' id='word_1_330' title='bbox 722 2623 850 2665; x_wconf 91' lang='lat' dir='ltr'><strong>quam</strong></span> <span class='ocrx_word' id='word_1_331' title='bbox 866 2610 1059 2652; x_wconf 88' lang='lat' dir='ltr'><strong>definivit</strong></span> <span class='ocrx_word' id='word_1_332' title='bbox 1084 2614 1126 2652; x_wconf 92' lang='lat' dir='ltr'><strong>et</strong></span> <span class='ocrx_word' id='word_1_333' title='bbox 1142 2609 1352 2663; x_wconf 87' lang='lat' dir='ltr'><strong>judicavit</strong></span> <span class='ocrx_word' id='word_1_334' title='bbox 1371 2610 1493 2662; x_wconf 80' lang='lat' dir='ltr'><strong>Papa,</strong></span> <span class='ocrx_word' id='word_1_335' title='bbox 1516 2623 1602 2652; x_wconf 91' lang='lat' dir='ltr'><strong>non</strong></span> <span class='ocrx_word' id='word_1_336' title='bbox 1636 2611 1832 2665; x_wconf 88' lang='lat' dir='ltr'><strong>sequitur</strong></span> <span class='ocrx_word' id='word_1_337' title='bbox 1852 2623 1924 2654; x_wconf 84' lang='lat' dir='ltr'><strong>eos</strong></span> 
     </span>
     <span class='ocr_line' id='line_1_38' title="bbox 298 2678 1912 2734; baseline -0.015 -5"><span class='ocrx_word' id='word_1_338' title='bbox 298 2699 384 2729; x_wconf 91' lang='lat' dir='ltr'><strong>non</strong></span> <span class='ocrx_word' id='word_1_339' title='bbox 413 2697 505 2728; x_wconf 88' lang='lat' dir='ltr'><strong>esse</strong></span> <span class='ocrx_word' id='word_1_340' title='bbox 534 2695 636 2725; x_wconf 76' lang='lat' dir='ltr'><strong>vere</strong></span> <span class='ocrx_word' id='word_1_341' title='bbox 663 2687 705 2723; x_wconf 90' lang='lat' dir='ltr'><strong>et</strong></span> <span class='ocrx_word' id='word_1_342' title='bbox 731 2679 905 2734; x_wconf 90' lang='lat' dir='ltr'><strong>proprie</strong></span> <span class='ocrx_word' id='word_1_343' title='bbox 931 2678 1097 2732; x_wconf 88' lang='lat' dir='ltr'><strong>judices</strong></span> <span class='ocrx_word' id='word_1_344' title='bbox 1105 2709 1912 2727; x_wconf 38' lang='lat'>··············</span> 
     </span>
     <span class='ocr_line' id='line_1_39' title="bbox 242 2747 1925 2811; baseline -0.011 -11"><span class='ocrx_word' id='word_1_345' title='bbox 242 2758 374 2811; x_wconf 86' lang='lat' dir='ltr'><strong>Prop.</strong></span> <span class='ocrx_word' id='word_1_346' title='bbox 403 2754 490 2797; x_wconf 87' lang='lat' dir='ltr'>1V·.</span> <span class='ocrx_word' id='word_1_347' title='bbox 509 2776 564 2784; x_wconf 94' lang='lat'>—</span> <span class='ocrx_word' id='word_1_348' title='bbox 584 2752 626 2792; x_wconf 91' lang='lat' dir='ltr'><strong>Si</strong></span> <span class='ocrx_word' id='word_1_349' title='bbox 652 2750 771 2792; x_wconf 90' lang='lat' dir='ltr'><strong>nulla</strong></span> <span class='ocrx_word' id='word_1_350' title='bbox 797 2747 1066 2806; x_wconf 70' lang='lat' dir='ltr'><strong>praecesserit</strong></span> <span class='ocrx_word' id='word_1_351' title='bbox 1091 2748 1209 2800; x_wconf 85' lang='lat' dir='ltr'><strong>Papae</strong></span> <span class='ocrx_word' id='word_1_352' title='bbox 1229 2748 1435 2802; x_wconf 87' lang='lat' dir='ltr'><strong>definitio,</strong></span> <span class='ocrx_word' id='word_1_353' title='bbox 1463 2750 1669 2802; x_wconf 86' lang='lat' dir='ltr'><strong>quamdiu</strong></span> <span class='ocrx_word' id='word_1_354' title='bbox 1691 2751 1817 2792; x_wconf 82' lang='lat' dir='ltr'><strong>durat</strong></span> <span class='ocrx_word' id='word_1_355' title='bbox 1841 2752 1925 2793; x_wconf 72' lang='lat' dir='ltr'><strong>de-</strong></span> 
     </span>
     <span class='ocr_line' id='line_1_40' title="bbox 297 2818 1917 2875; baseline -0.004 -8"><span class='ocrx_word' id='word_1_356' title='bbox 297 2824 493 2868; x_wconf 87' lang='lat' dir='ltr'><strong>finiendae</strong></span> <span class='ocrx_word' id='word_1_357' title='bbox 513 2819 758 2875; x_wconf 78' lang='lat' dir='ltr'><strong>quaestionis</strong></span> <span class='ocrx_word' id='word_1_358' title='bbox 777 2829 968 2868; x_wconf 88' lang='lat' dir='ltr'><strong>examen,</strong></span> <span class='ocrx_word' id='word_1_359' title='bbox 988 2829 1066 2859; x_wconf 90' lang='lat' dir='ltr'><strong>nec</strong></span> <span class='ocrx_word' id='word_1_360' title='bbox 1084 2822 1260 2859; x_wconf 85' lang='lat' dir='ltr'><strong>ventum</strong></span> <span class='ocrx_word' id='word_1_361' title='bbox 1285 2822 1351 2859; x_wconf 89' lang='lat' dir='ltr'><strong>est</strong></span> <span class='ocrx_word' id='word_1_362' title='bbox 1375 2818 1428 2859; x_wconf 91' lang='lat' dir='ltr'><strong>ad</strong></span> <span class='ocrx_word' id='word_1_363' title='bbox 1453 2818 1746 2860; x_wconf 88' lang='lat' dir='ltr'><strong>definitionem</strong></span> <span class='ocrx_word' id='word_1_364' title='bbox 1764 2819 1917 2873; x_wconf 85' lang='lat' dir='ltr'><strong>ipsam,</strong></span> 
     </span>
     <span class='ocr_line' id='line_1_41' title="bbox 295 2885 1899 2944; baseline -0.009 -10"><span class='ocrx_word' id='word_1_365' title='bbox 295 2892 409 2934; x_wconf 88' lang='lat' dir='ltr'><strong>licite</strong></span> <span class='ocrx_word' id='word_1_366' title='bbox 436 2893 615 2944; x_wconf 89' lang='lat' dir='ltr'><strong>possunt</strong></span> <span class='ocrx_word' id='word_1_367' title='bbox 635 2886 806 2929; x_wconf 88' lang='lat' dir='ltr'><strong>concilii</strong></span> <span class='ocrx_word' id='word_1_368' title='bbox 829 2887 973 2927; x_wconf 87' lang='lat' dir='ltr'><strong>Patres</strong></span> <span class='ocrx_word' id='word_1_369' title='bbox 1001 2898 1022 2926; x_wconf 92' lang='lat' dir='ltr'><strong>a</strong></span> <span class='ocrx_word' id='word_1_370' title='bbox 1051 2886 1162 2937; x_wconf 90' lang='lat' dir='ltr'><strong>Papa</strong></span> <span class='ocrx_word' id='word_1_371' title='bbox 1187 2885 1414 2927; x_wconf 87' lang='lat' dir='ltr'><strong>dissentire</strong></span> <span class='ocrx_word' id='word_1_372' title='bbox 1419 2916 1899 2931; x_wconf 64' lang='lat'>........</span> 
     </span>
     <span class='ocr_line' id='line_1_42' title="bbox 240 2953 1917 3017; baseline -0.006 -11"><span class='ocrx_word' id='word_1_373' title='bbox 240 2965 371 3017; x_wconf 83' lang='lat' dir='ltr'><strong>Prop.</strong></span> <span class='ocrx_word' id='word_1_374' title='bbox 409 2961 469 3003; x_wconf 70' lang='lat' dir='ltr'><strong>V2.</strong></span> <span class='ocrx_word' id='word_1_375' title='bbox 487 2959 607 3000; x_wconf 90' lang='lat' dir='ltr'><strong>—In</strong></span> <span class='ocrx_word' id='word_1_376' title='bbox 635 2956 827 3005; x_wconf 89' lang='lat' dir='ltr'><strong>concilio,</strong></span> <span class='ocrx_word' id='word_1_377' title='bbox 856 2968 879 2997; x_wconf 92' lang='lat' dir='ltr'><strong>a</strong></span> <span class='ocrx_word' id='word_1_378' title='bbox 902 2955 941 2997; x_wconf 83' lang='lat' dir='ltr'><strong>vi</strong></span> <span class='ocrx_word' id='word_1_379' title='bbox 965 2960 1007 2996; x_wconf 93' lang='lat' dir='ltr'><strong>et</strong></span> <span class='ocrx_word' id='word_1_380' title='bbox 1032 2953 1254 2996; x_wconf 83' lang='lat' dir='ltr'><strong>fraudibus</strong></span> <span class='ocrx_word' id='word_1_381' title='bbox 1283 2954 1433 3005; x_wconf 90' lang='lat' dir='ltr'><strong>libero,</strong></span> <span class='ocrx_word' id='word_1_382' title='bbox 1477 2967 1703 3008; x_wconf 91' lang='lat' dir='ltr'><strong>nunquam</strong></span> <span class='ocrx_word' id='word_1_383' title='bbox 1738 2957 1917 3010; x_wconf 80' lang='lat' dir='ltr'><strong>contigit</strong></span> 
     </span>
     <span class='ocr_line' id='line_1_43' title="bbox 297 3023 1911 3078; baseline -0.004 -6"><span class='ocrx_word' id='word_1_384' title='bbox 297 3036 346 3072; x_wconf 89' lang='lat' dir='ltr'><strong>ut</strong></span> <span class='ocrx_word' id='word_1_385' title='bbox 377 3030 422 3071; x_wconf 92' lang='lat' dir='ltr'><strong>in</strong></span> <span class='ocrx_word' id='word_1_386' title='bbox 441 3028 619 3070; x_wconf 87' lang='lat' dir='ltr'><strong>materia</strong></span> <span class='ocrx_word' id='word_1_387' title='bbox 642 3025 742 3067; x_wconf 86' lang='lat' dir='ltr'><strong>fidei</strong></span> <span class='ocrx_word' id='word_1_388' title='bbox 766 3024 889 3067; x_wconf 89' lang='lat' dir='ltr'><strong>aliter</strong></span> <span class='ocrx_word' id='word_1_389' title='bbox 913 3024 1020 3078; x_wconf 90' lang='lat' dir='ltr'><strong>Papa</strong></span> <span class='ocrx_word' id='word_1_390' title='bbox 1041 3028 1084 3065; x_wconf 91' lang='lat' dir='ltr'><strong>et</strong></span> <span class='ocrx_word' id='word_1_391' title='bbox 1107 3023 1235 3065; x_wconf 90' lang='lat' dir='ltr'><strong>aliter</strong></span> <span class='ocrx_word' id='word_1_392' title='bbox 1262 3023 1408 3065; x_wconf 93' lang='lat' dir='ltr'><strong>Patres</strong></span> <span class='ocrx_word' id='word_1_393' title='bbox 1434 3035 1583 3067; x_wconf 91' lang='lat' dir='ltr'><strong>omnes</strong></span> <span class='ocrx_word' id='word_1_394' title='bbox 1609 3025 1882 3068; x_wconf 87' lang='lat' dir='ltr'><strong>definiverint</strong></span> <span class='ocrx_word' id='word_1_395' title='bbox 1902 3039 1911 3066; x_wconf 91' lang='lat'>:</span> 
     </span>
     <span class='ocr_line' id='line_1_44' title="bbox 297 3094 1909 3154; baseline -0.01 -10"><span class='ocrx_word' id='word_1_396' title='bbox 297 3103 382 3143; x_wconf 92' lang='lat' dir='ltr'><strong>imo</strong></span> <span class='ocrx_word' id='word_1_397' title='bbox 405 3101 450 3142; x_wconf 93' lang='lat' dir='ltr'><strong>id</strong></span> <span class='ocrx_word' id='word_1_398' title='bbox 469 3108 692 3154; x_wconf 89' lang='lat' dir='ltr'><strong>nunquam</strong></span> <span class='ocrx_word' id='word_1_399' title='bbox 716 3094 964 3146; x_wconf 88' lang='lat' dir='ltr'><strong>contingere</strong></span> <span class='ocrx_word' id='word_1_400' title='bbox 980 3097 1119 3147; x_wconf 85' lang='lat' dir='ltr'><strong>potest</strong></span> <span class='ocrx_word' id='word_1_401' title='bbox 1123 3120 1909 3137; x_wconf 76' lang='grc'><strong>................</strong></span> 
     </span>
     <span class='ocr_line' id='line_1_45' title="bbox 238 3163 1916 3226; baseline -0.004 -12"><span class='ocrx_word' id='word_1_402' title='bbox 238 3173 369 3226; x_wconf 87' lang='lat' dir='ltr'><strong>Prop.</strong></span> <span class='ocrx_word' id='word_1_403' title='bbox 406 3170 568 3213; x_wconf 81' lang='lat' dir='ltr'>V1·.—</span> <span class='ocrx_word' id='word_1_404' title='bbox 598 3165 856 3218; x_wconf 89' lang='lat' dir='ltr'><strong>Contingere</strong></span> <span class='ocrx_word' id='word_1_405' title='bbox 891 3163 1035 3216; x_wconf 85' lang='lat' dir='ltr'><strong>neqult</strong></span> <span class='ocrx_word' id='word_1_406' title='bbox 1073 3168 1122 3205; x_wconf 90' lang='lat' dir='ltr'><strong>ut</strong></span> <span class='ocrx_word' id='word_1_407' title='bbox 1143 3167 1230 3205; x_wconf 84' lang='lat' dir='ltr'><strong>tota</strong></span> <span class='ocrx_word' id='word_1_408' title='bbox 1261 3163 1327 3206; x_wconf 89' lang='lat' dir='ltr'><strong>vel</strong></span> <span class='ocrx_word' id='word_1_409' title='bbox 1362 3163 1453 3205; x_wconf 82' lang='lat' dir='ltr'><strong>fere</strong></span> <span class='ocrx_word' id='word_1_410' title='bbox 1489 3167 1577 3205; x_wconf 90' lang='lat' dir='ltr'><strong>tota</strong></span> <span class='ocrx_word' id='word_1_411' title='bbox 1614 3164 1916 3219; x_wconf 89' lang='lat' dir='ltr'><strong>Episcoporum</strong></span> 
     </span>
     <span class='ocr_line' id='line_1_46' title="bbox 292 3231 1916 3290; baseline -0.004 -8"><span class='ocrx_word' id='word_1_412' title='bbox 292 3238 483 3283; x_wconf 90' lang='lat' dir='ltr'><strong>collectio</strong></span> <span class='ocrx_word' id='word_1_413' title='bbox 497 3239 721 3290; x_wconf 87' lang='lat' dir='ltr'><strong>praesumat</strong></span> <span class='ocrx_word' id='word_1_414' title='bbox 740 3243 931 3286; x_wconf 90' lang='lat' dir='ltr'><strong>unquam</strong></span> <span class='ocrx_word' id='word_1_415' title='bbox 956 3231 1084 3273; x_wconf 84' lang='lat' dir='ltr'><strong>fidem</strong></span> <span class='ocrx_word' id='word_1_416' title='bbox 1105 3232 1448 3286; x_wconf 86' lang='lat' dir='ltr'><strong>independenter</strong></span> <span class='ocrx_word' id='word_1_417' title='bbox 1473 3245 1498 3274; x_wconf 91' lang='lat' dir='ltr'><strong>a</strong></span> <span class='ocrx_word' id='word_1_418' title='bbox 1521 3233 1629 3285; x_wconf 87' lang='lat' dir='ltr'><strong>Papa</strong></span> <span class='ocrx_word' id='word_1_419' title='bbox 1647 3234 1821 3288; x_wconf 91' lang='lat' dir='ltr'><strong>proprie</strong></span> <span class='ocrx_word' id='word_1_420' title='bbox 1840 3235 1916 3277; x_wconf 90' lang='lat' dir='ltr'><strong>de-</strong></span> 
     </span>
     <span class='ocr_line' id='line_1_47' title="bbox 292 3300 1916 3358; baseline -0.002 -7"><span class='ocrx_word' id='word_1_421' title='bbox 292 3308 433 3358; x_wconf 91' lang='lat' dir='ltr'><strong>finire,</strong></span> <span class='ocrx_word' id='word_1_422' title='bbox 454 3306 499 3348; x_wconf 91' lang='lat' dir='ltr'><strong>id</strong></span> <span class='ocrx_word' id='word_1_423' title='bbox 519 3310 596 3355; x_wconf 87' lang='lat' dir='ltr'><strong>est,</strong></span> <span class='ocrx_word' id='word_1_424' title='bbox 619 3305 678 3345; x_wconf 83' lang='lat' dir='ltr'><strong>ita</strong></span> <span class='ocrx_word' id='word_1_425' title='bbox 706 3307 756 3344; x_wconf 91' lang='lat' dir='ltr'><strong>ut</strong></span> <span class='ocrx_word' id='word_1_426' title='bbox 782 3301 975 3344; x_wconf 87' lang='lat' dir='ltr'><strong>definitio</strong></span> <span class='ocrx_word' id='word_1_427' title='bbox 1001 3300 1101 3353; x_wconf 80' lang='lat' dir='ltr'>haeC,</span> <span class='ocrx_word' id='word_1_428' title='bbox 1122 3301 1280 3354; x_wconf 90' lang='lat' dir='ltr'><strong>absque</strong></span> <span class='ocrx_word' id='word_1_429' title='bbox 1315 3312 1489 3344; x_wconf 89' lang='lat' dir='ltr'><strong>assensu</strong></span> <span class='ocrx_word' id='word_1_430' title='bbox 1507 3302 1642 3355; x_wconf 84' lang='lat' dir='ltr'><strong>Papae,</strong></span> <span class='ocrx_word' id='word_1_431' title='bbox 1659 3303 1712 3345; x_wconf 91' lang='lat' dir='ltr'><strong>ad</strong></span> <span class='ocrx_word' id='word_1_432' title='bbox 1738 3305 1916 3347; x_wconf 89' lang='lat' dir='ltr'><strong>creden-</strong></span> 
     </span>
     <span class='ocr_line' id='line_1_48' title="bbox 294 3376 1905 3428; baseline -0.006 -9"><span class='ocrx_word' id='word_1_433' title='bbox 294 3377 398 3419; x_wconf 89' lang='lat' dir='ltr'><strong>dum</strong></span> <span class='ocrx_word' id='word_1_434' title='bbox 417 3376 575 3428; x_wconf 90' lang='lat' dir='ltr'><strong>obliget</strong></span> <span class='ocrx_word' id='word_1_435' title='bbox 580 3401 1905 3417; x_wconf 81' lang='lat'>..........................</span> 
     </span>
     <span class='ocr_line' id='line_1_49' title="bbox 293 3438 1914 3495; baseline -0.008 -8"><span class='ocrx_word' id='word_1_436' title='bbox 293 3443 507 3487; x_wconf 82' lang='lat' dir='ltr'><strong>Scholion.</strong></span> <span class='ocrx_word' id='word_1_437' title='bbox 524 3441 649 3483; x_wconf 93' lang='lat' dir='ltr'><strong>—De</strong></span> <span class='ocrx_word' id='word_1_438' title='bbox 678 3440 916 3494; x_wconf 87' lang='lat' dir='ltr'><strong>quaestione</strong></span> <span class='ocrx_word' id='word_1_439' title='bbox 940 3451 996 3481; x_wconf 90' lang='lat' dir='ltr'><strong>an</strong></span> <span class='ocrx_word' id='word_1_440' title='bbox 1017 3439 1269 3492; x_wconf 89' lang='lat' dir='ltr'><strong>contingere</strong></span> <span class='ocrx_word' id='word_1_441' title='bbox 1291 3438 1426 3490; x_wconf 88' lang='lat' dir='ltr'><strong>possit</strong></span> <span class='ocrx_word' id='word_1_442' title='bbox 1442 3444 1489 3481; x_wconf 93' lang='lat' dir='ltr'><strong>ut</strong></span> <span class='ocrx_word' id='word_1_443' title='bbox 1508 3441 1646 3495; x_wconf 89' lang='lat' dir='ltr'><strong>major</strong></span> <span class='ocrx_word' id='word_1_444' title='bbox 1671 3452 1770 3494; x_wconf 80' lang='lat' dir='ltr'><strong>pars</strong></span> <span class='ocrx_word' id='word_1_445' title='bbox 1793 3442 1914 3495; x_wconf 75' lang='lat' dir='ltr'>Epis..</span> 
     </span>
     <span class='ocr_line' id='line_1_50' title="bbox 347 3508 1913 3567; baseline -0.001 -12"><span class='ocrx_word' id='word_1_446' title='bbox 347 3524 553 3567; x_wconf 92' lang='lat' dir='ltr'><strong>coporum</strong></span> <span class='ocrx_word' id='word_1_447' title='bbox 577 3510 677 3566; x_wconf 80' lang='lat' dir='ltr'><strong>(sive</strong></span> <span class='ocrx_word' id='word_1_448' title='bbox 703 3509 751 3551; x_wconf 93' lang='lat' dir='ltr'><strong>in</strong></span> <span class='ocrx_word' id='word_1_449' title='bbox 780 3509 960 3552; x_wconf 90' lang='lat' dir='ltr'><strong>concilio</strong></span> <span class='ocrx_word' id='word_1_450' title='bbox 980 3508 1066 3552; x_wconf 84' lang='lat' dir='ltr'><strong>sive</strong></span> <span class='ocrx_word' id='word_1_451' title='bbox 1089 3508 1220 3562; x_wconf 77' lang='lat' dir='ltr'><strong>extra)</strong></span> <span class='ocrx_word' id='word_1_452' title='bbox 1245 3519 1335 3550; x_wconf 90' lang='lat' dir='ltr'><strong>sese</strong></span> <span class='ocrx_word' id='word_1_453' title='bbox 1362 3511 1499 3560; x_wconf 92' lang='lat' dir='ltr'><strong>quoad</strong></span> <span class='ocrx_word' id='word_1_454' title='bbox 1526 3511 1654 3554; x_wconf 89' lang='lat' dir='ltr'><strong>fidem</strong></span> <span class='ocrx_word' id='word_1_455' title='bbox 1671 3523 1694 3553; x_wconf 91' lang='lat' dir='ltr'><strong>a</strong></span> <span class='ocrx_word' id='word_1_456' title='bbox 1717 3511 1829 3564; x_wconf 90' lang='lat' dir='ltr'><strong>Papa</strong></span> <span class='ocrx_word' id='word_1_457' title='bbox 1851 3523 1913 3554; x_wconf 91' lang='lat' dir='ltr'><strong>se·</strong></span> 
     </span>
    </p>
   </div>
   <div class='ocr_carea' id='block_1_5' title="bbox 344 3582 1904 3638">
    <p class='ocr_par' dir='ltr' id='par_1_20' title="bbox 344 3582 1904 3638">
     <span class='ocr_line' id='line_1_51' title="bbox 344 3582 1904 3638; baseline 0 -15"><span class='ocrx_word' id='word_1_458' title='bbox 344 3582 498 3635; x_wconf 71' lang='lat' dir='ltr'><strong>,iungat</strong></span> <span class='ocrx_word' id='word_1_459' title='bbox 508 3608 896 3625; x_wconf 90' lang='grc'><strong>........</strong></span> <span class='ocrx_word' id='word_1_460' title='bbox 928 3608 949 3637; x_wconf 20' lang='grc' dir='ltr'><strong>ι.</strong></span> <span class='ocrx_word' id='word_1_461' title='bbox 983 3608 1004 3638; x_wconf 89' lang='lat'>.·</span> <span class='ocrx_word' id='word_1_462' title='bbox 1039 3610 1056 3635; x_wconf 13' lang='lat' dir='ltr'>y.</span> <span class='ocrx_word' id='word_1_463' title='bbox 1099 3608 1110 3620; x_wconf 89' lang='lat'>.</span> <span class='ocrx_word' id='word_1_464' title='bbox 1154 3608 1167 3621; x_wconf 87' lang='lat'>.</span> <span class='ocrx_word' id='word_1_465' title='bbox 1209 3596 1253 3622; x_wconf 51' lang='grc'><strong>.“</strong></span> <span class='ocrx_word' id='word_1_466' title='bbox 1260 3610 1904 3627; x_wconf 86' lang='grc'><strong>.............</strong></span> 
     </span>
    </p>
   </div>
   <div class='ocr_carea' id='block_1_6' title="bbox 1973 270 2064 448">
    <p class='ocr_par' dir='ltr' id='par_1_21' title="bbox 1973 270 2064 448">
     <span class='ocr_line' id='line_1_52' title="bbox 1973 270 2052 314; baseline 0 0"><span class='ocrx_word' id='word_1_467' title='bbox 1973 270 2052 314; x_wconf 77' lang='grc'><strong>559</strong></span> 
     </span>
     <span class='ocr_line' id='line_1_53' title="bbox 1985 403 2064 448; baseline 0.025 -2"><span class='ocrx_word' id='word_1_468' title='bbox 1985 403 2064 448; x_wconf 74' lang='grc'><strong>540</strong></span> 
     </span>
    </p>
   </div>
   <div class='ocr_carea' id='block_1_7' title="bbox 1981 609 2058 652">
    <p class='ocr_par' dir='ltr' id='par_1_22' title="bbox 1981 609 2058 652">
     <span class='ocr_line' id='line_1_54' title="bbox 1981 609 2058 652; baseline 0 0"><span class='ocrx_word' id='word_1_469' title='bbox 1981 609 2058 652; x_wconf 83' lang='grc'><strong>551</strong></span> 
     </span>
    </p>
   </div>
   <div class='ocr_carea' id='block_1_8' title="bbox 1901 747 2051 791">
    <p class='ocr_par' dir='ltr' id='par_1_23' title="bbox 1901 747 2051 791">
     <span class='ocr_line' id='line_1_55' title="bbox 1901 747 2051 791; baseline -0.007 0"><span class='ocrx_word' id='word_1_470' title='bbox 1901 781 1911 791; x_wconf 91' lang='grc'><strong>.</strong></span> <span class='ocrx_word' id='word_1_471' title='bbox 1973 747 2051 790; x_wconf 89' lang='grc'><strong>552</strong></span> 
     </span>
    </p>
   </div>
   <div class='ocr_carea' id='block_1_9' title="bbox 1985 953 2064 997">
    <p class='ocr_par' dir='ltr' id='par_1_24' title="bbox 1985 953 2064 997">
     <span class='ocr_line' id='line_1_56' title="bbox 1985 953 2064 997; baseline -0.013 0"><span class='ocrx_word' id='word_1_472' title='bbox 1985 953 2064 997; x_wconf 87' lang='grc'><strong>562</strong></span> 
     </span>
    </p>
   </div>
   <div class='ocr_carea' id='block_1_10' title="bbox 1973 1093 2066 1205">
    <p class='ocr_par' dir='ltr' id='par_1_25' title="bbox 1973 1093 2066 1205">
     <span class='ocr_line' id='line_1_57' title="bbox 1986 1093 2066 1134; baseline 0.013 -1"><span class='ocrx_word' id='word_1_473' title='bbox 1986 1093 2066 1134; x_wconf 83' lang='grc'><strong>564</strong></span> 
     </span>
     <span class='ocr_line' id='line_1_58' title="bbox 1973 1163 2052 1205; baseline -0.025 0"><span class='ocrx_word' id='word_1_474' title='bbox 1973 1163 2052 1205; x_wconf 92' lang='grc'><strong>567</strong></span> 
     </span>
    </p>
   </div>
   <div class='ocr_carea' id='block_1_11' title="bbox 1985 1374 2065 1484">
    <p class='ocr_par' dir='ltr' id='par_1_26' title="bbox 1985 1374 2065 1484">
     <span class='ocr_line' id='line_1_59' title="bbox 1986 1374 2065 1415; baseline 0 0"><span class='ocrx_word' id='word_1_475' title='bbox 1986 1374 2065 1415; x_wconf 84' lang='lat'><strong>575</strong></span> 
     </span>
     <span class='ocr_line' id='line_1_60' title="bbox 1985 1442 2064 1484; baseline 0 0"><span class='ocrx_word' id='word_1_476' title='bbox 1985 1442 2064 1484; x_wconf 90' lang='lat'><strong>576</strong></span> 
     </span>
    </p>
   </div>
   <div class='ocr_carea' id='block_1_12' title="bbox 1975 1581 2055 1691">
    <p class='ocr_par' dir='ltr' id='par_1_27' title="bbox 1975 1581 2055 1691">
     <span class='ocr_line' id='line_1_61' title="bbox 1976 1581 2055 1623; baseline 0 0"><span class='ocrx_word' id='word_1_477' title='bbox 1976 1581 2055 1623; x_wconf 90' lang='lat'><strong>577</strong></span> 
     </span>
     <span class='ocr_line' id='line_1_62' title="bbox 1975 1648 2055 1691; baseline 0.013 -1"><span class='ocrx_word' id='word_1_478' title='bbox 1975 1648 2055 1691; x_wconf 90' lang='grc'><strong>579</strong></span> 
     </span>
    </p>
   </div>
   <div class='ocr_carea' id='block_1_13' title="bbox 1962 1786 2058 2035">
    <p class='ocr_par' dir='ltr' id='par_1_28' title="bbox 1962 1786 2058 2035">
     <span class='ocr_line' id='line_1_63' title="bbox 1982 1786 2058 1829; baseline -0.013 0"><span class='ocrx_word' id='word_1_479' title='bbox 1982 1786 2058 1829; x_wconf 90' lang='grc'><strong>581</strong></span> 
     </span>
     <span class='ocr_line' id='line_1_64' title="bbox 1962 1924 2041 1966; baseline -0.013 0"><span class='ocrx_word' id='word_1_480' title='bbox 1962 1924 2041 1966; x_wconf 86' lang='grc'><strong>582</strong></span> 
     </span>
     <span class='ocr_line' id='line_1_65' title="bbox 1970 1993 2049 2035; baseline -0.025 0"><span class='ocrx_word' id='word_1_481' title='bbox 1970 1993 2049 2035; x_wconf 87' lang='grc'><strong>582</strong></span> 
     </span>
    </p>
   </div>
   <div class='ocr_carea' id='block_1_14' title="bbox 1979 2200 2057 2242">
    <p class='ocr_par' dir='ltr' id='par_1_29' title="bbox 1979 2200 2057 2242">
     <span class='ocr_line' id='line_1_66' title="bbox 1979 2200 2057 2242; baseline 0 0"><span class='ocrx_word' id='word_1_482' title='bbox 1979 2200 2057 2242; x_wconf 75' lang='grc'><strong>562</strong></span> 
     </span>
    </p>
   </div>
   <div class='ocr_carea' id='block_1_15' title="bbox 1975 2476 2055 2519">
    <p class='ocr_par' dir='ltr' id='par_1_30' title="bbox 1975 2476 2055 2519">
     <span class='ocr_line' id='line_1_67' title="bbox 1975 2476 2055 2519; baseline 0 -1"><span class='ocrx_word' id='word_1_483' title='bbox 1975 2476 2055 2519; x_wconf 84' lang='lat'><strong>585</strong></span> 
     </span>
    </p>
   </div>
   <div class='ocr_carea' id='block_1_16' title="bbox 1974 2682 2053 2726">
    <p class='ocr_par' dir='ltr' id='par_1_31' title="bbox 1974 2682 2053 2726">
     <span class='ocr_line' id='line_1_68' title="bbox 1974 2682 2053 2726; baseline 0 -1"><span class='ocrx_word' id='word_1_484' title='bbox 1974 2682 2053 2726; x_wconf 81' lang='lat'><strong>604</strong></span> 
     </span>
    </p>
   </div>
   <div class='ocr_carea' id='block_1_17' title="bbox 1963 2888 2039 2932">
    <p class='ocr_par' dir='ltr' id='par_1_32' title="bbox 1963 2888 2039 2932">
     <span class='ocr_line' id='line_1_69' title="bbox 1963 2888 2039 2932; baseline 0 -1"><span class='ocrx_word' id='word_1_485' title='bbox 1963 2888 2039 2932; x_wconf 87' lang='grc'><strong>607</strong></span> 
     </span>
    </p>
   </div>
   <div class='ocr_carea' id='block_1_18' title="bbox 1969 3095 2049 3138">
    <p class='ocr_par' dir='ltr' id='par_1_33' title="bbox 1969 3095 2049 3138">
     <span class='ocr_line' id='line_1_70' title="bbox 1969 3095 2049 3138; baseline 0 0"><span class='ocrx_word' id='word_1_486' title='bbox 1969 3095 2049 3138; x_wconf 88' lang='grc'><strong>608</strong></span> 
     </span>
    </p>
   </div>
   <div class='ocr_carea' id='block_1_19' title="bbox 1963 3376 2044 3419">
    <p class='ocr_par' dir='ltr' id='par_1_34' title="bbox 1963 3376 2044 3419">
     <span class='ocr_line' id='line_1_71' title="bbox 1963 3376 2044 3419; baseline 0.012 -1"><span class='ocrx_word' id='word_1_487' title='bbox 1963 3376 2044 3419; x_wconf 88' lang='grc'><strong>610</strong></span> 
     </span>
    </p>
   </div>
   <div class='ocr_carea' id='block_1_20' title="bbox 1964 3581 2039 3625">
    <p class='ocr_par' dir='ltr' id='par_1_35' title="bbox 1964 3581 2039 3625">
     <span class='ocr_line' id='line_1_72' title="bbox 1964 3581 2039 3625; baseline -0.027 0"><span class='ocrx_word' id='word_1_488' title='bbox 1964 3581 2039 3625; x_wconf 89' lang='grc'><strong>611</strong></span> 
     </span>
    </p>
   </div>
   <div class='ocr_carea' id='block_1_21' title="bbox 2199 0 2262 3990">
    <p class='ocr_par' dir='ltr' id='par_1_36' title="bbox 2199 0 2262 3990">
     <span class='ocr_line' id='line_1_73' title="bbox 2199 0 2262 3990; baseline 0 0"><span class='ocrx_word' id='word_1_489' title='bbox 2199 0 2262 3990; x_wconf 95' lang='lat' dir='ltr'><strong> </strong></span> 
     </span>
    </p>
   </div>
  </div>
 </body>
</html>
