2306 4010
829 248 958 297 rAas
989 220 1263 296 SECUNDA.⁵
1881 245 1969 291 155

37 437 44 443 ²
162 361 223 417 In
269 361 375 418 alia
410 360 715 436 Encyclica,
752 358 817 416 ad
854 358 1023 414 Italiae
1067 357 1331 431 praesules
1370 353 1597 422 directa,
1641 349 1968 427 pronuntiat

85 455 214 513 Pius
243 457 327 525 lx,
365 456 420 512 in
454 454 694 511 Ecclesia
729 453 978 509 Romana
1018 453 1249 508 residere
1287 451 1636 524 maqisterium
1663 448 1971 520 irreforma-

85 553 184 609 bile
217 552 341 624 fidei
367 550 509 623 (vide
536 551 704 606 Revue
732 546 1078 620 theoloqique,
1112 553 1154 604 t.
1182 547 1291 616 Vll,
1328 565 1384 621 p.
1414 543 1570 617 592).

87 777 112 828 g
135 774 175 818 2.
200 798 253 806 -
274 774 387 820 Quod
411 774 551 815 dixere
573 770 765 813 nonnulli
788 770 980 811 Doctores
1002 769 1208 816 catholici,
1232 769 1425 811 videlicet
1450 770 1686 823 opinionem
1707 771 1759 812 de
1782 770 1974 812 fallibili-

139 846 218 883 tate
243 843 356 893 Papoe
381 850 611 892 numquam
633 850 656 878 a
680 837 782 878 Sede
805 836 1032 890 Apostolica
1056 836 1292 876 damnatam
1316 837 1443 877 fuisse
1461 848 1557 877 cum
1574 838 1683 878 notis
1706 838 1969 890 theologicis,

138 921 221 950 non
253 912 316 948 est
346 917 491 947 verum
521 905 656 957 quoad
686 915 829 945 omnae
861 903 989 955 hujus
1019 902 1226 954 opinionis
1256 904 1470 952 rormuJaS,
1501 905 1570 944 sed
1602 905 1813 946 dumtaxat
1836 906 1971 958 quoad

138 977 310 1028 aliquas.

165 1119 237 1174 Ex
287 1115 563 1191 superiori
612 1112 956 1187 paragrapho
1006 1117 1154 1186 patet
1206 1129 1394 1183 quam>
1423 1118 1611 1186 aperte
1664 1112 1865 1168 salsum
1902 1115 1972 1170 sit

0 1238 1 1263 ³
92 1214 234 1289 quod
278 1217 541 1287 perpetuo
596 1211 881 1266 recantant
940 1208 1207 1263 Gallicani
1260 1208 1574 1281 systematis
1630 1208 1970 1279 defensoreS,

93 1329 377 1384 nunquam
413 1309 619 1364 scilicet
657 1327 686 1363 a
715 1307 854 1363 Sede
882 1307 1193 1381 Apostolica
1232 1308 1628 1362 condemnatam
1666 1326 1759 1362 seu
1792 1326 1974 1380 repro-

90 1412 259 1466 batam
295 1408 465 1463 fuisse
502 1406 818 1480 opinionem
851 1405 919 1461 de
956 1405 1183 1460 Romani
1223 1400 1502 1460 Pontificis
1537 1405 1593 1459 in
1637 1405 1978 1462 definitioni-

85 1508 190 1564 bus
214 1506 338 1561 fidei
368 1505 722 1570 fallibilitate3
756 1511 808 1559 et
842 1522 1010 1575 quam
1041 1503 1323 1559 immerito
1353 1504 1586 1576 proinde
1614 1505 1973 1575 concludant,

87 1604 263 1659 adhuc
293 1604 503 1675 liberam
528 1602 584 1656 in
609 1600 813 1657 scholis
831 1601 1119 1655 catholicis
1143 1618 1205 1656 ac
1228 1601 1423 1655 licitam
1447 1601 1767 1674 opinionem
1790 1602 1967 1657 illam.

87 1703 188 1758 Sed
229 1709 278 1759 et
319 1702 463 1757 inter
505 1701 631 1756 illos
672 1700 764 1773 qui
804 1718 995 1755 sanam
1037 1699 1371 1770 caeteroquin
1412 1699 1720 1754 doctrinam
1766 1717 1970 1773 propu-

88 1807 276 1873 gnant,
313 1800 498 1854 minus
537 1798 882 1854 considerate
915 1798 1170 1853 nonnulli
1204 1799 1514 1870 qeneraliter
1550 1796 1966 1875 concedendum

93 1904 375 1971 putarunt,
403 1897 650 1952 nondum
688 1897 830 1951 ullas
865 1896 1202 1968 theologicas
1238 1902 1398 1951 notas
1425 1895 1506 1950 illi
1542 1895 1792 1969 opinioni
1832 1895 1969 1950 Pon-

97 1995 256 2051 tificia
280 1996 603 2052 auctoritate
627 1996 845 2051 inustas
871 1995 1062 2051 fuisse.
1100 1994 1156 2049 ld
1182 1994 1406 2067 quidem
1433 2011 1625 2049 verum
1654 2000 1734 2049 est
1769 1993 1814 2048 si
1844 2011 1971 2066 aga-

100 2101 189 2150 tur
220 2095 284 2149 de
321 2096 578 2163 formula,
608 2113 716 2167 qua
746 2096 934 2151 eadem
972 2094 1159 2168 opinio
1193 2094 1251 2148 in
1290 2094 1659 2150 declaratione
1689 2094 1823 2150 cleri
1850 2095 1973 2149 Gal-

100 2188 263 2243 licani
316 2189 443 2242 anni
483 2190 624 2243 1682
687 2190 1036 2262 exprimitur,
1083 2195 1248 2261 prout
1293 2208 1421 2244 mox
1465 2190 1703 2245 dicetur.
1742 2191 1807 2245 At
1845 2207 1973 2246 vero

106 2283 210 2335 alia
241 2282 829 2355 formula‚opinionem
853 2287 1101 2340 eamdem
1131 2285 1468 2357 exprimenS‚
1499 2286 1665 2339 etiam
1690 2304 1816 2340 cum
1844 2294 1972 2341 nota

107 2379 356 2430 haereseos
385 2377 671 2448 reprobata
703 2378 829 2434 fuit.
869 2379 1174 2450 Utrumque
1214 2379 1421 2451 patebit
1453 2379 1816 2450 sequentibus
1852 2397 1975 2452 pro-

106 2471 492 2546 positionibus.

175 2567 447 2621 Pnoposmo
494 2570 550 2623 1³.
593 2602 661 2609 —
697 2570 878 2642 Opinio
929 2573 993 2626 de
1037 2572 1255 2626 Romani
1303 2572 1571 2641 pontificis
1623 2573 1972 2644 falltbilitate,

100 2670 346 2735 quatenus
375 2666 685 2737 exprimitur
710 2685 809 2738 per
846 2668 975 2722 hanc
998 2668 1303 2739 formulam,
1334 2669 1570 2724 Ecclesia
1599 2669 1755 2724 urbis
1789 2670 1973 2725 Romae

98 2778 280 2816 errare
319 2768 515 2835 potest,
569 2763 815 2820 damnata
865 2774 940 2820 est
983 2773 1229 2837 tanquam
1268 2785 1540 2821 nAEnermA.
1587 2799 1655 2806 -—
1692 2766 1969 2823 Nimirum

101 2874 240 2911 anno
276 2857 439 2930 1479,
474 2876 502 2913 a
534 2858 680 2915 Sixto
710 2859 790 2915 lv.
826 2859 882 2914 Id
924 2861 1282 2934 probavimus
1310 2881 1502 2936 supra,
1541 2863 1723 2937 capite
1759 2883 1847 2932 vn,
1871 2864 1969 2918 ubi

100 2955 218 3011 fuse
250 2955 613 3013 disseruimus
650 2958 715 3012 de
750 2958 1206 3014 condemnatione
1231 2959 1375 3015 Petri
1414 2961 1481 3016 de
1506 2959 1688 3016 Osma.
1719 2961 1853 3016 Vide
1875 2961 1967 3014 *in-

102 3068 265 3124 super
288 3053 608 3125 praecedenti
634 3055 994 3128 paragrapho,
1026 3055 1400 3128 propositione
1426 3055 1512 3111 III.

173 3147 429 3204 Caeterum
462 3152 576 3223 jam
608 3170 748 3207 anno
779 3151 918 3206 1551
962 3152 1212 3209 Clemens
1249 3153 1310 3206 Vl
1333 3154 1700 3208 Armenorum
1735 3151 1971 3208 Patriar-

99 3244 213 3298 chae
245 3244 558 3319 injungebat
597 3253 658 3302 ut
692 3248 1012 3304 affirmative
1043 3255 1095 3305 et
1136 3250 1283 3304 clare
1313 3249 1671 3322 responderet
1712 3248 1840 3317 huic
1881 3250 1966 3305 in-

99 3340 498 3411 terrogationi:
558 3342 798 3420 «Credis
846 3346 1011 3399 solum
1062 3344 1372 3399 Romanum
1418 3343 1737 3399 Pontificem
1781 3344 1967 3400 dubiis

98 3429 501 3510 emergentibus
541 3439 683 3495 circa
720 3441 881 3496 tidem
920 3441 1248 3496 catholicam
1293 3458 1454 3513 posse
1491 3458 1591 3513 per
1632 3440 1967 3499 determina-

99 3531 296 3588 tionem
321 3537 711 3609 authenticam,
731 3539 818 3594 cui
846 3539 915 3593 sit
943 3537 1332 3593 inviolabiliter
1357 3538 1775 3610 adhaerendum,
1794 3539 1961 3597 finem

100 3627 395 3703 imponerc;
426 3638 477 3689 et
511 3651 630 3690 esse
667 3651 858 3692 verum
898 3639 948 3689 et
981 3632 1315 3688 catholicum
1355 3632 1626 3707 quidquid
1659 3636 1801 3711 ipse,
1835 3655 1964 3693 auc-
