2306 4010
789 205 913 253 PARS
943 203 1184 251 SECUNDA.
1845 201 1938 249 205

57 322 258 395 puunt.
277 315 386 386 Sic,
400 315 544 372 inter
563 312 1006 386 alios,Tournely
1025 333 1036 366 :
1063 310 1382 366 «Tenentur
1398 306 1588 364 fideles
1601 305 1932 364 Pontificum

55 413 547 472 constitutionibus
582 412 951 486 acquiescere,
977 409 1144 466 etiam
1172 407 1379 464 mentis
1410 404 1700 478 obsequie,
1732 423 1931 478 quam-

56 529 223 585 quam
265 512 515 568 nondum
546 515 757 567 constet
782 509 848 565 de
874 506 1248 582 acceptatione
1281 522 1342 561 ac
1365 522 1639 562 consensu
1662 505 1930 560 Ecclesia-

56 624 225 663 rum»
245 608 493 681 (citatum
515 606 570 662 in
585 606 751 664 Cursu
769 603 1038 675 theoloqiae
1055 620 1085 658 a
1097 601 1272 674 Migne
1295 601 1463 671 edito,
1481 606 1521 656 t.
1536 601 1598 670 V,
1614 601 1720 656 col.
1740 600 1933 672 1147).

129 703 192 758 11.
220 703 372 758 Dicta
398 703 685 758 obedientia
720 702 867 756 debet
893 690 1269 766 interna'esse,
1312 716 1408 754 nec
1437 700 1635 771 sufficit
1665 705 1936 754 eaeternum

53 818 145 856 seu
179 801 374 855 silentii
404 800 717 870 obsequium.
743 829 814 838 —
846 797 900 852 1⁰
923 795 1191 868 Sequitur
1224 812 1290 850 ex
1318 813 1381 851 eo
1408 796 1558 867 quod
1588 796 1787 852 debeat
1816 812 1939 852 esse

53 914 195 954 vera.
223 896 358 951 Nam
389 912 517 950 vera
547 911 668 950 esse
698 893 891 966 nequit
920 893 1030 948 nisi
1049 897 1340 966 praestetur
1362 892 1607 964 idipsum
1628 894 1775 966 quod
1800 911 1937 969 prae-

54 992 276 1067 cipitur.
308 991 470 1064 Atqui
496 989 746 1064 praestari
768 988 963 1062 nequit
989 988 1135 1061 quod
1157 987 1476 1061 praecipitur
1506 987 1614 1042 nisi
1643 1007 1740 1061 per
1774 993 1939 1046 inter-

54 1107 174 1145 nam
199 1086 584 1143 obedientiam.
635 1086 830 1160 Agitur
857 1085 1006 1142 enim
1035 1085 1101 1140 de
1140 1084 1255 1139 illis
1297 1083 1533 1140 decretis
1579 1085 1787 1157 quibus
1829 1087 1933 1142 Ro-

55 1205 248 1243 manus
275 1187 515 1242 Pontifex
530 1185 775 1260 praecipit
793 1183 968 1240 teneri
994 1183 1244 1256 aliquam
1271 1182 1581 1238 doctrinam
1608 1187 1877 1255 tanquam
1898 1201 1927 1238 a

57 1283 263 1341 Christo
277 1284 592 1353 revelatam,
606 1283 690 1339 vel
699 1282 853 1356 rejici
865 1282 1110 1354 aliquem
1126 1297 1374 1336 errorem
1394 1285 1660 1350 tanquam
1679 1279 1930 1334 revelatae

61 1399 91 1437 a
118 1381 326 1438 Christo
354 1380 617 1438 doctrinae
659 1381 1061 1437 adversantem.
1100 1380 1267 1434 Porro
1300 1379 1355 1433 id
1383 1377 1605 1433 nonnisi
1638 1394 1738 1450 per
1766 1376 1934 1432 inter—

64 1493 190 1532 nam
204 1477 563 1533 obedientiam
594 1477 842 1551 praestari
868 1481 1064 1551 potest.
1086 1477 1218 1531 Nam
1237 1474 1530 1530 admittere
1555 1491 1617 1528 ac
1636 1464 1824 1527 tenere
1845 1472 1936 1526 ali-

66 1592 228 1647 quam
252 1577 666 1649 propositionem
687 1583 953 1650 tanquam
982 1575 1342 1632 orthodoxam
1365 1579 1415 1628 et
1442 1591 1470 1628 a
1497 1572 1707 1628 Christo
1726 1571 1933 1627 revela-

68 1676 199 1740 tam,
223 1672 306 1727 vel
333 1672 494 1727 aliam
520 1674 741 1746 rejicere
761 1680 1027 1747 tanquam
1059 1673 1397 1740 haereticam,
1420 1678 1500 1726 est
1526 1677 1682 1726 actus
1703 1668 1930 1739 mentiS,

65 1783 174 1821 non
212 1768 383 1823 solius
430 1771 702 1844 corporis3
748 1778 828 1827 est
868 1772 1102 1847 proinde
1153 1776 1310 1826 actus
1348 1772 1603 1824 internae.
1638 1765 1932 1820 —-*Etvcro

62 1870 265 1936 pugnat
291 1864 347 1918 in
373 1866 624 1923 terminis
655 1886 742 1924 me
780 1887 955 1924 veram
980 1867 1353 1925 obedientiam
1391 1870 1674 1940 praestare,
1705 1862 1927 1934 quando

61 1957 115 2014 id
158 1960 380 2033 praecise
415 1980 609 2020 recuso
650 1965 795 2037 quod
821 1966 1164 2041 praecipitur.
1200 1966 1366 2020 Porro
1396 1961 1645 2037 praecipit
1682 1958 1930 2015 Pontifex

57 2059 116 2110 ut
144 2057 310 2112 talem
340 2059 766 2133 propositionem
793 2063 1107 2119 existimem
1135 2069 1186 2119 et
1209 2068 1431 2118 teneam
1456 2054 1740 2131 tanquam
1758 2059 1929 2112 haere-

58 2151 243 2223 ticam,
282 2162 334 2211 et
367 2157 531 2212 talem
570 2160 732 2214 aliam
779 2167 1049 2232 tanquam
1086 2179 1112 2215 a
1146 2161 1360 2215 Christo
1400 2159 1720 2216 revelatam.
1754 2156 1930 2228 Igitur

63 2246 171 2301 nisi
200 2249 275 2302 ita
299 2253 582 2306 existimem.
612 2259 664 2308 et
692 2263 891 2308 teneam
918 2256 1090 2326 (quod
1113 2272 1246 2308 sanc
1271 2256 1381 2308 nisi
1418 2273 1515 2327 per
1546 2262 1731 2308 actum
1759 2254 1931 2307 inter-

66 2357 199 2394 num
220 2359 315 2396 seu
336 2345 537 2398 mentis
563 2347 679 2400 fieri
698 2349 896 2419 potest)
925 2348 1168 2420 idipsum
1188 2366 1382 2403 recuso
1413 2349 1562 2418 quod
1588 2348 1927 2420 praecipitur.

69 2468 137 2476 —
157 2435 420 2493 Przeterca
462 2440 681 2495 obedire
717 2447 931 2495 tantum
959 2450 1202 2515 externe,
1244 2443 1385 2497 nibil
1411 2443 1563 2497 aliud
1590 2443 1731 2497 foret
1761 2459 1929 2514 quam

67 2533 308 2588 mentiri.
337 2535 437 2598 Qui
463 2537 610 2592 enim
650 2544 872 2594 externe
898 2541 1223 2613 pronuntiat
1257 2541 1572 2597 haeretieam
1600 2538 1930 2613 propositio-

62 2644 187 2683 nem
214 2630 476 2705 aliquam,
498 2639 550 2688 ct
574 2635 742 2690 simul
768 2653 887 2690 eam
910 2638 1076 2692 talem
1097 2638 1438 2693 internenon
1453 2636 1753 2705 existimat,
1775 2653 1925 2707 egre-

59 2724 144 2797 gie
167 2728 449 2784 mentitur.
480 2731 651 2803 Igitur
670 2733 716 2787 si
739 2733 1017 2789 sufficeret
1042 2744 1258 2790 eaeterna
1289 2734 1621 2806 obedientia,
1652 2732 1929 2788 sufficeret

60 2823 423 2880 mendacium.
453 2826 614 2884 Porro
633 2836 903 2904 repugnat
933 2849 1109 2886 veram
1132 2832 1502 2888 obedientiam
1530 2849 1630 2906 per
1653 2830 1929 2904 ejusmodi

63 2919 402 2978 mendacium
432 2925 678 2998 praestari
698 2946 872 3001 posse.
910 2928 1043 2983 Nam
1072 2948 1195 2984 vera
1219 2930 1533 2986 obedientia
1560 2929 1811 3002 praestari
1838 2945 1931 2982 ne·

62 3015 180 3085 quit
221 3017 327 3073 nisi
367 3023 673 3094 peragendo
707 3024 761 3078 id
798 3026 943 3099 quod
975 3027 1312 3102 praecipitur.
1351 3027 1454 3082 Sed
1491 3026 1737 3082 Pontifex
1772 3041 1927 3079 men-

61 3110 277 3169 dacium
305 3134 410 3172 non
431 3121 694 3194 praecipit,
719 3140 818 3179 nec
835 3125 1132 3199 praecipere
1151 3130 1350 3199 potest.
1383 3124 1554 3196 Igitur
1580 3122 1773 3193 nequit
1800 3138 1927 3176 vera

57 3207 164 3283 ipsi
194 3212 499 3271 obedientia
533 3221 780 3291 praestari
806 3239 904 3295 per
927 3222 1101 3278 solam
1128 3222 1501 3278 obedientiam
1529 3228 1822 3275 eaeternam.
1852 3252 1927 3259 —

55 3304 284 3383 Insuper
304 3311 348 3366 si
380 3313 491 3369 sola
522 3322 741 3373 externa
771 3318 1082 3375 obedientia
1125 3319 1440 3383 deberetur,
1464 3334 1591 3372 eum
1619 3316 1706 3388 (ex
1737 3315 1920 3388 dictis)

55 3403 359 3464 obedientia
394 3411 502 3467 baec
535 3414 887 3471 mendacium
926 3415 1018 3485 sit,
1053 3420 1104 3470 et
1131 3414 1488 3469 mendacium
1534 3431 1822 3486 nunquam
1858 3414 1922 3469 li-

54 3499 223 3558 citum
254 3510 307 3561 et
338 3524 367 3562 a
393 3507 605 3565 fortiori
630 3511 1022 3582 obligatorium
1064 3529 1184 3566 esse
1212 3511 1410 3584 possit,
1456 3518 1783 3584 sequeretur
1806 3513 1921 3568 nul·

58 3593 158 3652 lam
183 3601 405 3659 omnino
435 3604 622 3662 deberi
638 3605 936 3663 Pontificiis
961 3606 1192 3663 decretis
1222 3606 1615 3665 obedientiam.
1651 3592 1655 3595 ¹
