2262 3990
797 161 926 212 rins
954 160 1192 209 saeuum.
1855 147 1943 207 585

65 273 370 348 legitimam
399 271 571 328 trahit
610 266 944 343 suspicionis
978 282 1202 323 causam
1224 263 1293 321 de
1317 262 1550 320 conficta
1578 263 1684 320 hac
1709 261 1944 338 epistola

65 376 119 427 et
143 370 283 427 falso
321 366 628 443 suppositis
665 365 829 422 dictis
854 360 1379 436 Carthaginensibus
1412 358 1684 417 conciliis.

148 509 234 565 IV.
264 508 500 581 Epistola
522 507 581 564 S.
618 506 867 580 Cypriani
907 505 976 561 ad
1003 505 1340 561 Jubaianum.

146 629 386 685 liabetur
410 628 465 684 in
494 628 795 701 Patroloqia
811 627 1006 700 Miqne,
1032 631 1185 685 tomo
1209 625 1296 694 111,
1321 623 1426 680 col.
1459 622 1637 692 1109;
1673 629 1726 680 et
1749 630 1832 681 est
1862 624 1955 681 75·

76 726 134 782 in
160 725 495 782 editionibus
510 722 736 780 Pamelii
755 727 807 778 et
830 720 1060 776 Baluzii.
1087 721 1209 775 Haec
1230 720 1409 794 ipsius
1438 739 1661 777 summa
1688 741 1699 773 :
1727 720 1950 778 Jubaia-

78 841 185 880 nus
207 821 558 879 consuluerat
586 817 920 893 Cyprianum
943 815 1011 871 de
1033 815 1335 888 quaestione
1365 816 1649 890 baptismi,
1684 818 1847 891 eique
1874 818 1948 874 si-

73 919 192 975 mul
223 917 448 973 miserat
495 914 807 988 epistolam,
850 929 963 968 non
998 930 1030 967 a
1058 929 1139 981 se,
1172 911 1268 967 sed
1309 911 1377 967 ab
1410 912 1519 968 alio
1552 915 1817 987 scriptam
1866 915 1957 971 ad-

2 1048 9 1076 e
72 1032 265 1071 versus
295 1010 630 1068 sententiam
674 1008 951 1083 Cypriani.
986 1007 1209 1063 Refellit
1239 1007 1546 1082 Cyprianus
1591 1010 1951 1083 scriptionem

73 1111 260 1178 istam,
281 1108 437 1180 cujus
459 1111 743 1161 auctorem
768 1105 1072 1179 ipsummet
1102 1104 1448 1178 Stephanum
1467 1104 1671 1179 Papam
1698 1108 1956 1163 nonnulli

0 1220 10 1260 ε
69 1204 288 1269 volunt;
325 1207 376 1257 et
403 1201 672 1256 Jubaiano
697 1198 1030 1257 transmittit
1061 1199 1381 1274 exemplum
1407 1200 1658 1274 epistolae
1692 1201 1763 1255 ad
1800 1202 1959 1274 Epis-

0 1339 5 1344 -
73 1318 235 1376 copos
267 1299 537 1355 Numidiae
563 1306 614 1355 et
655 1299 724 1354 ad
752 1298 1043 1362 Quintum.
1087 1297 1239 1353 Inter
1275 1297 1496 1372 spurias
1547 1298 1959 1354 amandandam

75 1397 237 1455 etiam
263 1398 405 1452 hanc
438 1395 692 1470 Cypriani
731 1395 799 1451 ad
838 1395 1178 1451 Jubaianum
1231 1394 1523 1467 epistolam
1573 1395 1836 1450 evincunt
1878 1413 1961 1451 se·

60 1500 308 1568 ·quentes
341 1493 586 1549 rationes
622 1515 632 1546 :

155 1608 208 1664 1⁰
234 1607 565 1663 Mentionem
590 1606 722 1662 facit
747 1606 813 1661 de
835 1605 1052 1660 duabus
1076 1603 1349 1678 epistoliS‚
1380 1621 1518 1676 quas
1542 1603 1763 1676 spurias
1794 1621 1961 1676 supra

0 1750 2 1764 .
85 1704 748 1781 probavimuS,videlicct‚
777 1704 845 1759 ad
867 1702 1143 1758 Numidiae
1160 1702 1477 1776 EpiscopOS,
1504 1707 1555 1757 et
1578 1701 1646 1756 ad
1668 1700 1958 1764 Quintum.

0 1813 4 1842 ¹-
83 1800 154 1859 De
187 1809 420 1875 utraque
458 1802 671 1858 scilicet
705 1800 935 1875 epistola
973 1799 1230 1856 meminit
1258 1799 1346 1854 his
1381 1798 1564 1854 verbis
1591 1798 1693 1853 :Et
1719 1800 1963 1870 quoniam

76 1902 186 1974 jam
217 1919 372 1974 super
409 1901 501 1955 hac
538 1918 594 1955 re
620 1899 745 1971 quid
771 1900 1084 1954 sentiremus
1122 1897 1313 1953 litteris
1353 1898 1545 1951 nostris
1584 1898 1963 1968 eaepressimus,

81 2003 139 2052 ut
168 1998 518 2070 compendium
559 1999 807 2069 facerem,
858 1996 1151 2068 exemplum
1201 1994 1499 2050 earumdem
1546 1993 1843 2048 litterarum
1878 1994 1968 2048 tibi

84 2095 224 2163 misi,
250 2095 372 2165 quid
405 2096 459 2148 in
481 2094 714 2165 concili0‚
742 2111 853 2148 cum
886 2094 1174 2164 complures
1211 2092 1532 2160 adessemus,
1558 2091 1966 2160 decreverimuQ

90 2190 209 2259 quid
235 2192 358 2243 item
383 2198 564 2259 postea
596 2188 809 2257 Quinto,
841 2189 1051 2259 colleyae
1090 2195 1289 2254 nostr0,
1323 2189 1386 2241 de
1413 2188 1592 2241 eadem
1630 2205 1686 2241 re
1714 2190 1971 2257 quaerenti

92 2284 460 2353 rescripserim.
491 2283 655 2336 Porro
690 2283 920 2355 epistola
938 2300 1061 2353 quae
1091 2283 1350 2355 spurium
1370 2282 1503 2336 citat
1538 2282 1966 2353 documentum,

93 2391 158 2430 ex
191 2377 293 2431 hoc
326 2377 438 2431 solo
474 2377 663 2449 spuria
692 2382 743 2431 et
771 2377 888 2450 ipsa
915 2377 1126 2432 censeri
1155 2377 1335 2433 debet.

169 2487 224 2541 2⁰
248 2486 611 2559 Imposturam
642 2486 848 2554 innuit,
877 2487 1021 2559 quod
1040 2486 1342 2542 Jubaianus
1372 2486 1674 2542 inducatur
1699 2493 1968 2559 tanquam

94 2583 353 2656 ignorans
406 2583 655 2656 Cypriani
694 2584 1052 2652 sententiam,
1103 2601 1270 2656 quam
1319 2583 1527 2658 optime
1559 2584 1675 2656 jam
1715 2591 1967 2640 noverat-

91 2679 228 2734 Dicit
259 2679 307 2734 ei
341 2678 644 2752 Cyprianus
683 2700 692 2730 :
735 2679 999 2752 Scripsisti
1042 2681 1261 2748 mihi...‚
1309 2679 1632 2736 desiderans
1684 2685 1971 2754 siqnificari

95 2776 184 2829 tibi
225 2783 418 2830 motum
455 2778 613 2830 animi
650 2778 837 2841 nostri,
883 2777 1004 2848 quid
1037 2778 1183 2831 nobis
1215 2779 1452 2832 videatur
1490 2778 1556 2834 de
1604 2779 1971 2835 haereticorum

97 2871 367 2940 baptismo,
390 2870 680 2942 Ignorabat
698 2890 827 2945 ergo
844 2874 1150 2929 Jubaianus
1179 2874 1432 2949 Cypriani
1463 2875 1816 2949 opinionem;
1845 2877 1973 2932 alio-

100 2962 235 3036 quin
271 2982 382 3018 non
413 2982 541 3019 eum
587 2968 686 3022 hac
717 2969 784 3024 de
818 2987 876 3024 rc
905 2970 1236 3025 sententiam
1262 2978 1528 3042 rogasset.
1560 2970 1800 3025 Aliunde
1844 2988 1972 3025 vcro

101 3060 348 3133 apprimo
379 3066 568 3115 notum
598 3063 700 3135 ipsi
742 3066 913 3121 fuisse
937 3067 1069 3138 quid
1098 3067 1328 3123 sentiret
1356 3067 1661 3141 Cyprianus
1696 3072 1974 3122 testantur

98 3158 265 3213 citata
287 3157 484 3211 verba:
513 3158 576 3212 Et
611 3163 849 3229 quoniam
866 3164 980 3232 jam
1004 3182 1162 3234 snper
1194 3165 1363 3219 haere
1384 3165 1506 3235 quid
1540 3166 1854 3219 sentiremus
1892 3166 1973 3220 Iit-

98 3256 220 3310 teris
258 3255 451 3308 nostris
482 3258 900 3325 expressimus...
930 3260 1219 3329 exernplum
1241 3262 1541 3315 earumdem
1571 3260 1856 3316 litterarum
1886 3265 1975 3319 tibi

101 3353 236 3406 misi.
279 3351 397 3405 Jam
437 3349 687 3405 eamdem
720 3351 1166 3407 incohaerentiam
1208 3356 1529 3410 notavimus
1570 3357 1750 3430 quoad
1783 3359 1974 3433 episto-

104 3446 213 3501 lam
250 3446 317 3501 ad
355 3446 656 3514 Quintum;
689 3447 735 3502 is
778 3448 942 3503 etiam
982 3449 1263 3505 inducitur
1291 3458 1563 3524 ,tanquam
1597 3471 1829 3512 noscens
1855 3458 1971 3531 opi-

105 3541 323 3599 nionem
347 3543 625 3617 Cypriani,
660 3550 709 3600 et
743 3544 1109 3601 nihilominus
1142 3546 1313 3602 simul
1354 3554 1617 3623 tanquam
1648 3551 1716 3607 de
1751 3571 1815 3610 ea
1846 3555 1975 3611 scis-

342 3662 389 3691 11.
1676 3657 1733 3700 ‘25
