2306 4010
1236 43 1262 66 ⁴.

867 226 993 273 PARS
1024 211 1260 273 sacuam.
1923 223 2004 272 111

125 442 150 494 5
177 439 213 482 1.
246 462 299 470 —-
327 440 587 482 Lovaniensis
601 440 774 481 facultas
794 439 966 482 Romani
987 441 1195 483 Pontificis
1217 440 1564 492 infallibilitatem,
1584 451 1745 482 necnon
1769 424 1860 494 ejus
1884 451 2013 492 supra

179 509 404 551 concilium
429 515 472 550 et
501 521 627 561 supra
654 521 829 551 canones
852 510 1158 559 auctoritatem,
1183 515 1380 563 tanquam
1402 510 1552 562 dogma
1575 509 1859 552 certissimum
1887 513 2011 562 atque

180 578 347 619 omnino
373 578 596 618 tenendum
620 582 821 629 perpetuo
841 576 987 617 habuit
1010 589 1057 617 ac
1080 579 1372 630 propugnavit.

203 716 337 771 Cum
386 716 487 771 hoc
522 706 707 788 ipsum
754 713 1071 769 luculenter
1104 714 1418 786 probaverit
1462 715 1724 773 dominus
1755 715 1916 790 Feye,
1955 714 2011 771 iu

127 810 484 867 Universitale
507 804 830 865 Lovaniensi
850 807 994 882 juris
1020 809 1275 866 canonici
1300 811 1602 884 professor,
1641 812 2010 886 subjiciemus

128 907 412 963 dumtaxat
430 905 703 963 nonnulla
727 912 981 980 excerpta
999 923 1063 961 ex
1083 905 1261 980 ipsius
1288 907 1581 995 opuscul9‚
1597 909 1676 963 sic
1698 908 1970 984 inscripto
1995 932 2006 964 ε

128 1005 376 1077 Quelques
423 1012 556 1059 mots
601 1021 692 1058 sur
738 1003 953 1070 l’imleae,
991 1003 1038 1057 Ie
1074 1001 1435 1074 yallicanisme
1479 1012 1530 1059 et
1570 1003 1906 1060 l’Universite'
1947 1008 2014 1062 de

128 1102 371 1171 Louvain,
406 1106 437 1156 ὰ
457 1119 651 1174 propos
678 1102 741 1156 cle
770 1098 1031 1173 I’ouvraye
1071 1101 1135 1155 cle
1172 1099 1245 1157 M.
1291 1100 1663 1168 Delacouture,
1699 1100 2007 1170 Tirlemont,

131 1199 294 1255 1855.
333 1198 752 1270 Distinguemus
795 1202 1003 1266 autem,
1052 1216 1181 1253 cum
1223 1197 1445 1254 laudato
1486 1197 1819 1273 professore,
1874 1198 2013 1254 duas

128 1299 383 1371 epochas,
426 1296 679 1352 videlicet
732 1319 741 1350 :
785 1297 852 1351 ah
888 1296 1067 1370 ipsius
1100 1296 1396 1371 Facultatis
1453 1296 1679 1352 exordio
1722 1315 1905 1369 usque
1946 1297 2014 1352 ad

130 1413 338 1451 annum
368 1393 510 1448 1682
543 1416 552 1458 ;
583 1398 635 1448 et
662 1393 729 1448 ab
757 1410 902 1448 anno
940 1392 1085 1447 1682
1114 1412 1292 1467 usque
1320 1394 1388 1448 ad
1416 1394 1667 1467 ejusdem
1711 1394 2014 1449 Facultatis

133 1492 543 1549 extinctionem.
954 1483 957 1486 ’

208 1591 245 1644 Ι.
290 1592 616 1648 Lovaniensis
643 1590 686 1647 F
687 1591 920 1646 acultatis
947 1590 1204 1661 doctrina,
1231 1610 1394 1663 usque
1423 1593 1490 1647 ad
1519 1610 1712 1646 anuum
1745 1591 1912 1648 1682.
1945 1625 2012 1633 -

138 1709 164 1739 «
195 1687 383 1750 Quelle
405 1707 434 1743 3
460 1690 544 1743 ete
568 1689 635 1743 de
659 1692 777 1744 tout
805 1692 986 1759 temps
1009 1686 1060 1741 la
1088 1687 1338 1743 doctrine
1366 1687 1434 1742 de
1459 1686 1769 1742 l'ancienne
1793 1687 1828 1740 F
1831 1689 2013 1765 aculte

133 1785 198 1840 de
247 1786 517 1859 theologie
552 1788 617 1842 de
652 1785 1137 1842 Louvain‘2-—Elle
1181 1805 1210 1842 a
1245 1789 1330 1842 ete
1372 1794 1752 1841 constamment
1791 1789 2013 1860 oppose'e

127 1885 158 1935 a
209 1883 260 1936 Ia
307 1883 542 1938 doctrine
581 1883 942 1956 yallicane.'ll
995 1884 1139 1939 n’est
1198 1883 1511 1940 nullement
1566 1884 1880 1940 necessaire
1945 1885 2011 1939 de

129 1979 262 2035 faire
313 1979 404 2034 des
435 1979 691 2035 citations
727 1980 821 2052 qui
849 1987 1162 2036 remontent
1203 1985 1366 2036 avant
1419 1979 1530 2035 l’an
1564 1981 1736 2037 1682.
1791 1981 1860 2037 La
1884 1981 2008 2037 doc-

127 2075 266 2132 trine
288 2076 507 2132 d'avant
546 2095 607 2132 ce
632 2083 813 2150 temps
838 2096 866 2132 a
894 2079 982 2133 ete
1016 2079 1156 2133 mise
1184 2095 1252 2133 en
1290 2077 1550 2134 evidence
1588 2097 1691 2152 par
1726 2078 2009 2152 plusieurs

126 2175 470 2248 professeurs
513 2175 578 2230 de
635 2174 686 2229 la
733 2174 956 2229 Faculte
1020 2176 1158 2230 dans
1204 2175 1495 2231 differents
1545 2176 1866 2249 opuscules,
1931 2176 2009 2231 En

125 2271 275 2340 esset,
329 2274 357 2325 a
409 2270 568 2344 peine
596 2271 647 2324 la
683 2270 1028 2325 declaration
1073 2270 1312 2326 ‹101682
1356 2271 1636 2326 avait-elle
1678 2291 1852 2344 paru,
1903 2291 2011 2344 que

126 2366 408 2441 plusieurs
466 2367 808 2439 profcsseurs
853 2366 919 2419 de
957 2366 1010 2419 13
1055 2363 1273 2420 Faculte
1324 2365 1388 2419 de
1428 2366 1701 2437 theologie
1747 2366 1813 2420 de
1874 2366 2010 2421 Lou—

128 2465 273 2534 vain,
325 2464 741 2531 d'Aubermont,
783 2462 861 2516 Du
891 2462 1012 2518 Bois
1049 2470 1096 2518 et
1128 2462 1396 2536 Steyaert,
1439 2482 1470 2536 y
1509 2464 1843 2535 opposerent
1901 2482 2010 2518 une

126 2563 448 2636 vigoureuse
495 2562 812 2618 resistance.
868 2561 1014 2616 Nous
1052 2578 1122 2616 ne
1162 2561 1477 2616 donnerons
1505 2578 1614 2632 que
1642 2561 1724 2616 les
1763 2560 1919 2617 titres
1943 2562 2009 2616 de

123 2659 274 2716 leurs
301 2658 594 2733 opuscules
618 2678 627 2709 :

199 2779 225 2809 «
254 2757 346 2812 Les
365 2755 658 2830 opuscules
685 2754 1079 2810 d'Aubermont
1101 2759 1223 2809 sont
1246 2771 1383 2809 ceux
1402 2754 1498 2827 qui
1526 2754 1745 2810 suivent
1768 2776 1776 2807 :
1805 2754 1859 2809 1⁰
1877 2755 2005 2811 Doc-

125 2858 280 2924 trina,
333 2873 482 2927 qttam
523 2856 586 2910 cle
612 2856 865 2926 primatu,
919 2855 1232 2908 auctoritate
1276 2872 1334 2908 ac
1372 2853 1743 2924 infallibilitate
1783 2855 2004 2910 Romani

126 2953 391 3023 pontificis
435 2953 760 3007 tradiderunt
789 2951 1130 3007 Lovanienses
1171 2969 1338 3006 sacrae
1379 2952 1648 3025 theoloqiae
1676 2955 1916 3024 mayistri
1944 2970 2002 3006 ac

122 3049 538 3121 professores...,
575 3050 917 3105 declarationi
956 3048 1081 3103 cleri
1123 3048 1380 3105 Gallicani
1415 3049 1479 3103 cle
1511 3050 1867 3105 ecclesiastica
1909 3066 2004 3119 po-

128 3155 311 3203 testate
342 3166 502 3220 nuper
532 3149 675 3202 edttae
710 3149 969 3221 opposita.
1000 3146 1202 3214 Leoclii,
1240 3147 1405 3202 1682.

204 3266 229 3296 «
261 3245 315 3299 2ο
333 3245 583 3300 Mantissa
604 3245 871 3300 celebrium
902 3247 954 3299 iu
978 3243 1155 3315 Belqio
1175 3251 1225 3298 et
1249 3244 1419 3301 Gallia
1436 3245 1770 3316 scriptorum,
1793 3246 1877 3315 qui
1896 3251 2001 3299 tar-

125 3344 237 3398 dius
267 3351 386 3416 post
431 3343 624 3397 editum
670 3360 832 3415 nuper
872 3348 1238 3397 succurrerunt
1290 3347 1591 3407 tractatum,
1650 3340 1727 3393 cai
1771 3339 1998 3396 titulus:

26 3469 41 3488 ι
123 3441 364 3498 ΒοοτΒιΝΑ
392 3448 704 3511 ουΑΜ,εΐι·...
726 3440 949 3496 Accessit
978 3440 1209 3510 ejusdem
1239 3439 1472 3491 authoris
1502 3438 1798 3494 dissertatio
1825 3441 1889 3496 cle
1913 3442 2002 3495 im-

125 3541 347 3595 mediata
389 3539 697 3612 episcopalis
732 3547 781 3591 et
820 3535 1084 3606 synodalis
1115 3521 1487 3601 iurisdictionis
1522 3536 1735 3609 oriyine.
1793 3537 1996 3607 Leodii,

58 3682 69 3692 .
131 3636 292 3695 1685.
