2262 3990
302 159 392 206 476
971 146 1275 194 TRACTATUS
1306 146 1373 193 DE
1403 148 1553 194 PAPA.

303 262 551 338 gregatio
582 259 642 314 in
683 255 909 330 negotio
938 255 1171 327 Galilaei,
1220 257 1397 316 soleat
1447 257 1667 315 Urbano
1692 258 1804 315 VIII
1843 259 2043 332 tribui,
2082 242 2229 334 falsa}

305 354 648 417 existimavit
667 353 877 411 editam
896 353 967 411 ab
998 373 1061 412 eo
1078 353 1344 412 Pontifice
1372 356 1478 413 hac
1497 355 1566 414 de
1593 374 1654 413 re
1683 356 1923 414 bullam.
2192 346 2228 519 «Ξ

302 566 326 616 g
355 561 396 604 4.
422 586 476 593 —
500 561 777 604 Concluditur
796 573 1021 615 perperam
1054 562 1229 615 allegari
1254 562 1411 606 dictam
1442 563 1601 606 Galilaei
1626 568 1668 605 et
1693 562 1966 616 Copernicani
1981 521 2227 635 'systematg

356 633 764 683 condemnationem,
789 637 942 675 contra
966 632 1144 675 Romani
1174 634 1391 677 Pontificis
1422 634 1775 677 infallibilitatem
1803 647 1812 676 ς
1843 634 1974 677 immo
1993 635 2226 712 confirma}

355 713 407 744 ex
428 713 476 743 eo
495 702 606 742 facto
630 700 958 754 praerogativam
985 700 1320 743 infallibilitatis.
2202 724 2228 832 ᾗ

253 918 255 920 q
383 842 439 899 1.
460 840 701 910 Etenim,
729 859 794 898 ex
820 841 920 914 52,
943 841 1229 898 Romanus
1255 840 1508 898 Pontifex
1536 859 1651 898 non
1679 840 1934 915 loquitur
1959 859 2024 898 ex
2047 826 2231 915 catha}

306 941 407 998 dra
446 958 547 998 seu
576 939 955 997 infallibiliter
982 958 1083 1016 per
1112 940 1335 998 decreta
1355 940 1672 1015 dogmatica
1693 940 2097 1010 Cardinalium,
2120 931 2237 1021 nisi}

307 1058 372 1098 ea
402 1058 504 1097 sua
527 1039 694 1096 faciat
722 1057 821 1116 per
847 1039 1180 1115 apostolicas
1207 1039 1444 1113 litteraS‚
1481 1046 1579 1097 aut
1600 1040 1800 1097 saltem
1831 1058 1931 1113 per
1957 1025 2235 1114 adjectam}

307 1140 626 1198 clausulam
667 1158 792 1214 quae
826 1139 1009 1215 ipsius
1038 1141 1495 1212 confirmationem
1531 1141 1619 1198 vel
1661 1141 1891 1215 speciale
1926 1119 2244 1219 mandatum&

308 1241 536 1317 publice
568 1246 831 1298 testetur.
872 1239 1131 1313 Aliunde,
1175 1258 1242 1296 ex
1282 1243 1307 1313 ἓ
1345 1240 1379 1296 5
1418 1240 1615 1296 nullus
1663 1241 1956 1296 Romanus
1985 1238 2238 1298 Pontifex‘

309 1340 460 1397 dicto
489 1341 655 1396 modo
691 1358 856 1396 suam
883 1339 1014 1396 fecit
1051 1339 1342 1414 praefatam
1383 1339 1595 1396 Galilaei
1632 1345 1686 1396 et
1721 1338 2085 1416 Copernicani
2120 1356 2235 1414 sys-

307 1438 536 1498 tematis
561 1437 1118 1496 condemnationem.
1149 1438 1288 1512 Ergo
1313 1439 1470 1495 illam
1489 1438 2021 1496 condemnationem
2050 1436 2234 1497 nullus

308 1538 643 1596 Pontificum
677 1558 744 1596 ex
791 1540 1059 1596 cathedra
1104 1538 1520 1615 pronuntiavit.
1550 1539 1692 1613 Ergo
1735 1557 1801 1595 ex
1844 1556 1906 1595 eo
1956 1537 2106 1612 quod
2133 1537 2231 1598 ista

307 1639 706 1696 condemnatio
748 1657 985 1696 erronea
1030 1638 1123 1710 sit,
1174 1657 1289 1695 non
1333 1638 1593 1714 sequitur
1635 1656 1860 1696 errasse
1915 1637 2227 1695 Romanum

306 1736 631 1795 Pontificem
671 1756 735 1794 ex
760 1738 1023 1795 cathedra
1055 1738 1401 1814 loquentem.
1437 1738 1675 1795 Proinde
1702 1738 1981 1795 absonum
2001 1753 2228 1812 prorsus

307 1842 390 1892 est
424 1853 550 1897 eam
589 1838 854 1911 objicere,
883 1839 1109 1912 quando
1139 1840 1327 1914 agitur
1353 1839 1422 1896 de
1456 1838 1693 1896 Romani
1735 1837 2022 1894 Pontificis
2049 1854 2112 1893 ex
2135 1853 2222 1892 ca-

306 1932 505 1988 thedra
531 1933 821 2007 loquentis
864 1936 1197 1992 inerrantia.

381 2032 437 2087 2.
468 2030 709 2090 Econtra
735 2034 938 2090 merito
964 2034 1193 2108 allegari
1219 2035 1362 2092 valet
1390 2034 1540 2090 dicta
1580 2034 1979 2090 condemnatio
2011 2033 2078 2088 ad
2109 2049 2234 2089 con-

303 2130 640 2188 firmandam
669 2133 971 2207 pontificia}
998 2134 1421 2191 infallibilitatis
1447 2133 1891 2209 praerogativam.
1913 2132 2052 2188 Nam
2073 2131 2118 2188 si
2138 2131 2235 2189 hoc

300 2235 484 2287 totum
518 2231 729 2287 Galilaei
755 2233 1043 2306 negotium
1072 2234 1481 2308 perpendatur,
1507 2232 1735 2289 cuidam
1763 2248 2028 2306 supernae
2055 2229 2230 2306 provi·

287 2328 505 2386 dentiae
540 2330 910 2388 tribuendum
937 2337 1042 2405 est,
1069 2333 1219 2407 quod
1249 2332 1471 2390 decreto
1499 2331 1885 2389 Cardinalium
1904 2348 2018 2388 non
2044 2347 2235 2402 acces<

301 2430 438 2487 serit
463 2431 626 2488 solita
654 2432 912 2490 clausula
945 2434 1012 2490 de
1050 2432 1339 2510 pontificia
1385 2433 1814 2490 confirmatione
1843 2439 1940 2489 aut
1991 2428 2228 2507 speciali·

301 2530 586 2588 mandato.
610 2533 788 2607 Hujus
814 2533 1024 2610 quippe
1045 2534 1318 2610 temporis
1338 2534 1606 2609 theologi,
1623 2533 2029 2602 communiter,
2051 2550 2121 2589 ne
2147 2530 2229 2588 dir

298 2647 424 2686 cam
467 2632 840 2705 unanimiter,
893 2652 1229 2709 persuasum
1264 2635 1588 2692 hahuerunt
1643 2634 2086 2709 propositionem
2114 2647 2250 2715 quaffi.

297 2727 508 2785 dicitur
541 2731 718 2787 solem
747 2738 896 2789 stare
930 2738 982 2790 et
1014 2739 1226 2790 terram
1252 2733 1487 2802 moveri,
1515 2751 1637 2790 esse
1670 2733 1894 2802 falsam,
1922 2719 2261 2807 Scripturaejf'

297 2827 479 2886 Sacrae
507 2829 821 2902 adversam,
850 2831 1108 2889 immo.et
1136 2832 1479 2891 liaereticam.
1502 2832 1659 2897 Quod
1679 2833 1844 2908 plane
1869 2836 2230 2906 compertum}

298 2928 544 3001 habebit,
584 2930 681 3004 qui
714 2930 801 2987 vel
830 2931 1016 2988 solum
1042 2931 1221 2989 Patris
1256 2931 1489 2989 Riccioli
1537 2950 1681 3008 opus
1717 2931 2105 3006 (Almayestum
2132 2945 2225 2985 no*

294 3028 438 3103 vum)
466 3028 686 3103 legerit.
718 3030 799 3086 Ita
834 3035 1146 3088 tenuerunt
1175 3031 1502 3089 definitores
1537 3031 1725 3088 Sancti
1754 3028 1961 3095 Officii;
1991 3028 2067 3087 ita
2101 3043 2225 3105 pro-

294 3129 638 3188 nuntiarunt
658 3130 975 3188 cardinales
993 3155 1003 3200 ;
1028 3131 1103 3188 ita
1119 3131 1352 3189 demum
1370 3131 1599 3189 tenebat
1610 3136 1662 3188 et
1682 3130 1805 3208 ipse
1818 3130 2076 3187 Urbanus
2093 3125 2219 3196 VIII,

296 3227 396 3301 qui
432 3227 536 3286 hoc
568 3247 739 3286 sensu
774 3229 953 3287 voluit
982 3230 1071 3287 edi
1105 3230 1400 3288 decretum
1429 3231 1644 3288 aSacra
1679 3228 2137 3305 Congregatione.
2160 3222 2227 3280 Ut

296 3326 436 3401 quid
453 3327 630 3403 igitur
645 3329 766 3405 ipse
783 3329 1075 3388 decretum
1092 3329 1245 3388 istud
1270 3348 1385 3387 non
1402 3329 1779 3401 confirmavit,
1807 3329 1923 3386 sive
1933 3345 2034 3404 per
2050 3325 2222 3381 Breve,

297 3424 546 3499 aliquod,
593 3428 711 3486 sive
750 3429 950 3487 saltem
979 3448 1080 3507 per
1118 3431 1345 3488 solitam
1384 3431 1698 3488 clausulam
1735 3448 1846 3504 qua
1877 3429 1936 3484 in
1975 3427 2095 3503 ipso
2128 3422 2227 3480 de*

297 3529 450 3579 creto
475 3526 763 3587 Pontificis
789 3531 1124 3603 confirmatio
1142 3536 1241 3588 aut
1263 3530 1494 3605 speciale
1510 3531 1821 3586 mandatum
1843 3518 2229 3602 exprimitur‘l.

298 3616 406 3674 Cur
438 3626 671 3694 praecise
702 3629 888 3702 quoad
914 3630 1028 3690 tale
1055 3630 1346 3700 decretum
1381 3630 1663 3689 omissum
1699 3634 1804 3698 est,
1854 3624 2005 3700 quod
2035 3616 2226 3680 omitti
