2262 3990
796 174 923 230 PARS
951 173 1193 222 SECUNDA.
1842 175 1930 223 451

56 285 311 347 dolosum
340 282 660 341 istiusmodi
689 281 1034 351 conflictum,
1060 279 1284 354 qualem
1316 278 1478 335 illum
1513 277 1773 336 exhibent
1793 297 1936 354 prae-

55 393 226 444 tensae
250 382 506 460 Cypriani
530 381 748 452 litterae,
780 397 1000 438 necnon
1034 378 1187 436 tertii
1229 377 1675 451 Carthaginensis
1712 377 1935 437 concilii

56 489 199 553 acta,
229 488 281 539 et
306 478 605 536 furibunda
633 476 940 533 Firmiliani
979 475 1231 551 epistola.
1264 474 1447 547 Potuit
1472 474 1782 550 Cyprianus
1810 475 1938 533 nul-

57 579 175 635 lum
207 594 269 633 ac
295 576 521 633 irritum
555 579 816 648 reputare
841 572 1232 628 haeretieorum
1259 571 1560 646 baptisma,
1589 571 1729 645 quin
1759 571 1941 630 ullum

56 695 121 734 ex
144 682 302 752 parte
340 673 495 730 Sedis
526 670 836 747 apostolicae
863 669 1176 737 decretum,
1210 668 1364 724 ullus
1407 686 1471 724 ex
1502 675 1657 744 parte
1682 669 1935 745 Cypriani

57 771 348 829 conflictus
371 765 746 825 intervenerit.
769 764 830 820 Et
861 781 996 819 sane
1019 763 1276 820 videmus
1293 764 1558 821 Basilium
1587 766 1797 841 ipsum,
1819 785 1944 825 cen-

57 874 176 924 tum
208 870 258 923 et
300 862 492 937 viginti
521 868 643 936 post
684 858 1019 940 Cyprianum
1046 858 1230 927 annis,
1258 859 1328 914 ad
1354 859 1498 916 hane
1523 863 1775 919 eamdem
1813 881 1939 919 sen-

56 963 283 1021 tentiam
310 956 582 1016 aceedere.
620 956 697 1011 Ex
721 973 830 1028 quo
850 961 1040 1010 tamen
1070 954 1278 1010 absone
1307 972 1541 1028 prorsus
1563 959 1688 1030 quis
1714 960 1936 1033 collige-

52 1062 414 1125 ret‚exortum
458 1050 722 1107 Basilium
770 1050 915 1105 inter
956 1055 1010 1105 et
1048 1048 1242 1105 Sedem
1281 1050 1671 1124 apostolicam,
1714 1056 1935 1112 eonssic·

52 1156 193 1206 tum.

123 1247 178 1302 2⁰
196 1246 407 1303 Nedum
423 1245 610 1301 Basilii
635 1244 868 1319 epistola
885 1244 1188 1317 genuinam
1213 1244 1408 1319 probet
1429 1245 1690 1319 praetensi
1713 1246 1934 1303 conflic-

54 1351 146 1401 tus
187 1344 500 1414 historiam,
540 1343 738 1416 probat
779 1348 1003 1398 econtra
1052 1359 1174 1398 eam
1226 1341 1454 1397 omnino
1494 1344 1935 1402 commentitiam

55 1459 193 1500 esse.
226 1441 454 1515 Scripsit
485 1440 634 1496 enim
667 1439 906 1495 Basilius
948 1439 1231 1505 Caesareae3
1267 1438 1322 1493 id
1348 1443 1450 1507 est,
1478 1438 1538 1493 in
1574 1439 1669 1495 illa
1698 1440 1820 1514 ipsa
1861 1443 1938 1498 ci·

53 1539 243 1609 vitate,
270 1539 326 1594 in
357 1557 466 1612 qua
491 1539 745 1594 decessor
780 1537 959 1612 ipsius
984 1537 1342 1592 Firmilianus
1373 1544 1596 1593 centum
1622 1538 1817 1611 viginti
1844 1556 1939 1595 an-

55 1637 142 1694 nis
165 1643 349 1708 antea,
375 1637 702 1694 sententiam
725 1637 794 1693 de
825 1635 1233 1710 rebaptizandis
1258 1636 1531 1692 haereticis
1560 1655 1939 1710 propugnave-

54 1739 159 1789 rat.
187 1733 250 1789 Et
275 1751 463 1790 revera
486 1739 619 1789 tunc
634 1751 738 1788 non
755 1733 1029 1794 mediocris
1052 1733 1156 1786 hac
1172 1731 1240 1787 de
1263 1750 1323 1788 re
1352 1733 1720 1788 controversia
1746 1739 1935 1789 exorta

0 1846 3 1885 ,ι
54 1837 172 1887 erat
194 1831 339 1886 inter
355 1831 697 1906 Stephanum
722 1831 924 1903 Papam
945 1835 996 1884 et
1023 1828 1331 1884 Orientales
1346 1829 1664 1903 EpiscopOS‚
1685 1837 1852 1904 prout
1871 1849 1935 1886 ex

51 1927 305 2003 Dionysio
324 1929 690 1986 Alexandrino
723 1934 773 1984 et
797 1927 1038 1983 Eusebio
1064 1926 1201 1982 satis
1230 1931 1467 1982 constat.
1499 1927 1938 1985 Imocommina-

50 2031 140 2082 tus
164 2034 281 2083 erat
307 2027 618 2101 Stephanus
649 2043 706 2082 se
732 2026 800 2082 ab
826 2026 1161 2081 Asianorum
1191 2025 1496 2098 praesulum
1539 2027 1936 2083 communione

56 2135 176 2176 eam
206 2122 275 2176 ob
301 2139 523 2177 causam
562 2138 938 2178 recessurum.
971 2121 1099 2183 Quae
1125 2137 1251 2175 cum
1293 2120 1450 2191 olim,
1478 2126 1541 2175 ut
1574 2122 1934 2196 supponitur,

59 2217 307 2271 Caesareae
345 2218 728 2287 contigissent,
779 2215 1019 2270 Basilius
1053 2215 1351 2288 pmecipiie,
1390 2215 1436 2269 si
1482 2216 1609 2287 quis
1656 2236 1931 2290 unquam,

63 2309 308 2383 apprime
333 2316 462 2365 nota
495 2311 697 2365 hahere
729 2309 915 2364 debuit
949 2309 1214 2382 Stephani
1244 2310 1507 2366 adversus
1532 2312 1814 2368 Africanos
1844 2315 1937 2370 de-

62 2411 298 2478 cretum,
334 2423 547 2461 necnon
573 2404 826 2480 Cypriani
850 2403 1247 2461 resistentiam.
1277 2406 1414 2460 Nam
1443 2407 1716 2479 ejusmodi
1748 2410 1935 2466 decre-

63 2509 181 2559 tum
231 2504 611 2560 difficultatem
661 2484 883 2558 omnino
925 2503 1220 2560 dirimebat
1259 2524 1271 2556 :
1309 2504 1364 2560 Si
1396 2507 1509 2576 quis
1542 2525 1572 2561 a
1617 2525 1933 2580 quacumque

61 2597 237 2652 haeresi
259 2600 455 2652 venerit
482 2598 550 2652 ad
572 2615 683 2666 voa,
709 2597 838 2652 nihil
862 2599 1154 2668 innovetur,
1194 2604 1300 2654 ete.
1333 2598 1395 2655 Et
1436 2601 1601 2656 hoece
1642 2601 1926 2658 decretum

58 2694 388 2768 supponitur
416 2713 444 2750 a
474 2695 740 2769 Cypriane
765 2695 832 2750 ad
864 2695 898 2748 F
902 2695 1247 2751 irmilianum
1281 2698 1707 2765 transmissum3
1755 2701 1928 2757 immo

60 2789 416 2847 aFirmiliano
436 2791 511 2846 ita
527 2792 969 2859 confutatum,ut
988 2791 1332 2866 Stephanum
1352 2794 1554 2869 Papam
1590 2797 1659 2852 ab
1685 2796 1930 2854 Ecclesia

61 2889 371 2955 separatum
399 2884 773 2940 declaraverit.
799 2885 1080 2958 Ejusmodi
1114 2904 1279 2959 porro
1322 2887 1654 2945 documenta
1690 2899 1741 2946 et
1788 2892 1931 2947 sacta

61 2979 132 3049 (si
165 2980 539 3035 commentitia
580 2999 691 3036 non
726 2982 980 3046 fuissent)
1021 2982 1303 3055 ingentem
1330 2985 1584 3041 Caesareae
1606 2988 1931 3042 commotio-

59 3093 185 3131 nem
219 3075 454 3131 excitare
489 3076 835 3144 debuissent;
870 3095 972 3133 nec
997 3081 1234 3153 supponi
1266 3087 1447 3154 potest
1491 3082 1547 3136 in
1582 3082 1933 3140 Caesariensis

4 3174 12 3180 '
63 3172 314 3227 Ecclesiae
351 3171 607 3227 archiviis
643 3173 802 3228 nulla
842 3174 1180 3231 remansisse
1223 3176 1542 3233 istiusmodi
1575 3178 1934 3239 documento·

60 3287 187 3324 rum
218 3267 575 3342 exemplaria,
610 3274 704 3323 aut
725 3269 992 3342 scriptam
1022 3271 1218 3326 saltem
1242 3274 1311 3328 de
1334 3274 1530 3329 iisdem
1562 3277 1816 3334 notitiam
1837 3281 1932 3336 ali-

60 3382 251 3437 quam.
276 3364 526 3437 Insuper‚
558 3363 870 3419 tacentibus
895 3363 1122 3420 omnino
1146 3366 1428 3437 archiviis,
1446 3369 1515 3424 ad
1542 3370 1727 3429 minus
1746 3375 1925 3433 vivida

58 3459 245 3516 Basilii
268 3467 515 3535 tempore
536 3459 716 3515 adhuc
744 3459 1138 3534 permansisset
1174 3462 1240 3517 de
1266 3469 1380 3519 toto
1410 3465 1504 3522 illo
1529 3468 1782 3545 Cypriani
1810 3492 1925 3532 mo-

59 3557 271 3629 limine,
310 3558 398 3616 cui
449 3557 767 3615 adhaesisset
800 3556 1178 3631 FirmilianuS,
1211 3562 1453 3622 traditio.
1490 3566 1623 3625 Cum
1662 3588 1791 3647 ergo
1831 3573 1923 3632 de·
2005 3630 2007 3632 .
