2306 4010
298 155 387 205 148
972 141 1261 192 TRACTATUS
1291 141 1357 188 DE
1388 141 1536 189 PAPA.

297 263 425 322 culo
471 257 779 320 Cardinalis
816 256 1069 319 Gousset‚
1115 248 1195 305 sic
1233 248 1507 329 inscripto
1543 270 1554 303 ε
1585 249 1958 330 Observations
1995 268 2092 308 sur
2129 268 2204 308 un

296 363 546 420 mdmoire
570 358 790 413 adresse'
816 358 849 409 ὰ
878 340 1197 423 l’Episcopat
1234 351 1495 422 francaiS,
1523 348 1702 423 Liege,
1730 348 1904 420 1855,
1936 366 2063 424 pag.
2107 349 2199 407 80.

292 456 589 531 Postquam
617 452 867 508 dolorem
890 464 1060 503 suum
1083 447 1360 522 expressit
1381 447 1530 522 quod
1559 446 1817 524 Episcopi
1836 438 2042 504 'Galliae
2075 448 2207 522 dog-

293 556 554 614 maticam
604 568 766 607 suam
809 546 1269 605 constitutionem
1310 547 1555 605 examini
1596 547 1996 623 subjecissent,
2047 554 2204 605 ante·
2298 558 2306 606 ,’

288 671 457 727 quam
493 652 867 727 acceptarent,
907 645 987 702 ita
1015 647 1308 721 subjungit
1340 647 1589 703 Clemens
1620 647 1685 702 XI
1713 668 1722 700 :

363 771 390 802 «
424 747 559 811 Quis
607 746 759 803 enim
794 764 891 803 vos
929 745 1223 803 constituit
1251 746 1472 821 judices
1515 765 1687 822 super
1725 749 1874 804 nos?
1916 745 2206 820 Numquid

284 847 616 904 inferiorum
661 853 745 903 est
792 845 859 902 de
898 845 1212 920 superioris
1252 845 1590 904 auctoritate
1631 847 1934 903 decernere
1965 845 2205 920 ejusque

274 946 488 1020 judicia
511 945 869 1003 examinare?
886 946 1020 1002 Pace
1038 951 1222 1003 vestra
1242 945 1454 1002 dictum
1479 946 1574 1016 sit,
1593 945 1944 1003 venerabiles
1971 945 2201 1016 fratreS,

280 1045 633 1103 intoleranda
662 1045 830 1121 plane
847 1063 938 1101 res
966 1051 1071 1116 est,
1094 1063 1303 1120 paucos
1330 1045 1627 1120 Episcopos
1655 1051 1707 1102 et
1727 1045 1958 1102 illarum
1981 1043 2205 1120 potissi-

280 1166 436 1203 mum
480 1146 888 1217 Ecclesiarum,
918 1165 1160 1220 quarum
1191 1146 1481 1222 privilegia
1509 1153 1562 1204 et
1593 1145 1794 1203 decora
1836 1145 2066 1203 nonnisi
2095 1146 2202 1202 Ro-

278 1248 432 1304 mani
464 1247 746 1303 Pontificis
773 1247 961 1303 favore
1000 1264 1063 1302 ac
1089 1245 1362 1303 beneficio
1390 1252 1676 1314 constant,
1717 1245 1965 1301 adversus
2002 1247 2084 1300 sui
2109 1262 2201 1300 no-

278 1348 431 1401 minis
465 1356 516 1403 et
550 1348 766 1402 honoris
811 1347 1084 1401 authorem
1114 1344 1499 1419 (Innocentius
1540 1346 1582 1414 I,
1615 1344 1861 1420 Epistola
1906 1344 1976 1400 ad
2007 1343 2199 1399 Patres

275 1445 499 1501 concilii
521 1445 973 1520 Carthaginensis
1001 1445 1067 1514 ΙΙ,
1093 1463 1240 1501 anno
1264 1444 1396 1516 417)
1419 1450 1585 1520 caput
1621 1443 1898 1512 attollere,
1922 1461 1984 1499 ac
2002 1442 2201 1517 primae

275 1546 431 1603 Sedis
455 1547 584 1621 jura
617 1547 933 1616 corrodere,
966 1563 1092 1619 quae
1119 1562 1235 1600 non
1273 1545 1546 1613 humana,
1596 1543 1694 1599 sed
1725 1542 1913 1598 divina
1945 1541 2197 1598 authori-

276 1652 389 1701 tate
440 1646 723 1702 nituntur.
760 1646 1103 1718 Interrogate
1150 1644 1392 1718 majores
1427 1650 1662 1712 vestrOS,
1698 1649 1750 1700 et
1793 1641 1980 1698 dicent
2015 1642 2196 1714 vobiS,

277 1761 389 1798 non
422 1760 542 1798 esse
571 1742 1001 1816 particularium
1035 1741 1392 1810 Antistitum,
1429 1742 1755 1814 Apostolicae
1787 1740 1946 1798 Sedis
1976 1740 2197 1797 decreta

277 1842 579 1911 discutere,
610 1841 707 1897 sed
734 1841 970 1916 implere
990 1843 1022 1894 ².
1056 1841 1119 1896 Et
1148 1840 1609 1913 quandoquidem
1635 1841 2040 1915 Episcoporum
2072 1839 2196 1895 Gal-

277 1942 388 2011 liae,
439 1948 633 1998 sancto
678 1940 845 1998 Leoni
880 1941 1075 2013 Magno
1105 1940 1171 1995 de
1199 1940 1572 1996 consensione
1609 1939 1739 1995 fidei
1786 1937 2196 2012 gratulantium

276 2042 447 2098 verba
473 2040 808 2117 producitiS,
833 2040 903 2096 ab
934 2039 1136 2095 iisdem
1164 2038 1363 2111 utique
1396 2038 1611 2095 discere
1636 2037 1906 2112 poteratis
1935 2056 2059 2110 quae
2078 2055 2197 2093 ves-

276 2139 348 2196 tri
385 2139 684 2209 similium,
714 2156 852 2211 quos
882 2143 1176 2212 propterea
1204 2136 1420 2191 imitari
1445 2153 1559 2192 non
1598 2135 1828 2210 pudeat,
1865 2134 2196 2191 Antistitum

277 2238 333 2292 in
378 2238 719 2313 recipiendis
750 2236 1078 2310 Apostolicae
1118 2235 1275 2292 Sedis
1308 2235 1759 2303 definitionibUS,
1793 2240 1979 2308 partes
2007 2252 2199 2290 revera

276 2335 389 2391 sint
431 2356 441 2386 :
480 2336 820 2408 Apo-stolatus
860 2336 1043 2404 vestri,
1086 2332 1378 2406 inquiunt,
1421 2334 1639 2405 scripta,
1671 2341 1727 2387 ut
1755 2333 2047 2405 symbolum
2074 2332 2200 2404 fidei

275 2435 505 2507 quisquis
545 2434 925 2507 redemptionis
975 2440 1310 2488 sacramenta
1360 2450 1467 2487 non
1516 2431 1751 2505 vzeyliyit,
1790 2431 1982 2487 tabulis
2026 2431 2197 2487 cordis

276 2533 585 2604 adscripsit,
623 2540 670 2585 et
713 2533 910 2600 tenaci,
938 2532 1114 2602 quoad
1141 2530 1543 2602 confundendos
1575 2529 1949 2584 haereticorum
1989 2546 2199 2585 errores
2268 2595 2280 2603 .

277 2631 520 2701 paratior
537 2630 626 2698 sit,
649 2629 913 2683 mamortae
935 2630 1322 2684 commendavit
1352 2628 1615 2703 (Epistola
1640 2626 1908 2684 Ravennii
1928 2626 2195 2684 aliorum-

277 2745 388 2799 que
413 2726 816 2801 Episcoporum
860 2725 1170 2781 Galliarum
1198 2726 1269 2781 ad
1307 2727 1542 2784 Leonem
1573 2728 1827 2803 Papam),
1856 2728 2036 2802 Longe
2063 2746 2195 2801 ergo

278 2824 413 2879 olim
439 2825 670 2880 aberant
696 2823 1152 2899 praestantissimi
1171 2810 1479 2879 Galliarum
1505 2825 1758 2899 Episcopi
1785 2827 1855 2883 ab
1883 2826 2195 2900 arrogando

277 2922 383 2979 sibi
406 2922 533 2996 jure
560 2921 901 2979 discutiendi
929 2921 1256 2996 Apostolicae
1288 2921 1445 2977 Sedis
1475 2922 1928 2994 constitutioneS,
1963 2942 2106 2996 quas
2132 2930 2195 2981 ut

277 3021 467 3096 ipsum
501 3021 630 3077 fidei
657 3021 979 3100 symbolum
1020 3020 1437 3095 recipiebant...
1467 3045 1476 3089 3
1511 3021 1608 3078 sed
1637 3021 1770 3078 satis
1805 3021 1912 3078 sibi
1956 3041 2079 3080 esse
2105 3041 2194 3080 ar-

332 3160 390 3213 (1)
426 3174 443 3198 «
471 3160 551 3202 Nos
584 3157 821 3215 (Episcopi),
847 3159 921 3214 qui
946 3172 1084 3202 sacros
1105 3171 1289 3201 canones
1314 3164 1355 3201 et
1376 3160 1539 3201 decreta
1570 3160 1680 3202 sedis
1711 3162 1994 3204 Romanorum
2019 3163 2197 3205 Pontifi-

280 3243 376 3273 cum
409 3231 487 3272 sub
518 3230 652 3283 ipsius
684 3229 927 3283 Apostolicae
960 3231 1093 3271 Petrae
1120 3229 1284 3282 judicio
1313 3229 1579 3282 exequimur,
1615 3230 1722 3271 nihil
1760 3231 1876 3273 aliud
1915 3244 2042 3284 quam
2078 3233 2196 3286 juste

271 3299 555 3350 judicantium
590 3300 780 3342 fautores
812 3304 852 3342 et
884 3300 1103 3353 justorum
1130 3299 1392 3352 ,iudiciorum
1424 3305 1694 3351 executores,
1735 3301 2013 3343 obedientiam
2047 3302 2196 3345 Sancto

277 3368 449 3418 Spiritui
472 3374 737 3421 praestamus,
760 3369 831 3422 qui
862 3382 938 3423 per
961 3382 1030 3411 eos
1054 3371 1222 3411 locutus
1246 3373 1323 3418 est,
1344 3374 1384 3410 et
1404 3369 1500 3411 Sedi
1524 3369 1824 3422 Apostolicae‚a
1849 3382 1932 3422 qua
1960 3370 2078 3410 rivus
2099 3370 2195 3411 reli-

275 3434 412 3485 gionis
440 3441 482 3476 et
512 3438 802 3480 ecclesiasticae
830 3437 1109 3479 ordinationis
1141 3442 1184 3479 et
1212 3437 1421 3479 canonicae
1458 3436 1732 3490 judicationis
1763 3436 1967 3489 profluxit
1999 3451 2018 3488 »
2048 3436 2192 3493 (Hinc-

275 3515 420 3544 marus
446 3504 706 3556 Rhemensis‚
726 3511 757 3548 t.
779 3507 815 3549 11
840 3519 1036 3561 operum,
1066 3507 1222 3560 pagina
1247 3505 1361 3560 462).
1383 3507 1499 3548 Idem
1516 3506 1780 3555 Hincmarus,
1801 3510 1915 3547 tomo
1936 3505 1974 3546 ΙΙ
1995 3519 2187 3559 operum,

273 3571 423 3623 pagina
445 3570 541 3621 250,
565 3574 783 3626 alloquens
809 3577 1031 3619 Summum
1055 3576 1301 3618 Pontificem
1324 3589 1333 3617 :
1364 3589 1384 3615 «
1407 3577 1543 3619 Meum
1567 3581 1631 3618 est
1662 3586 1768 3625 mea,
1797 3574 1916 3617 vobis
1940 3575 2190 3626 obediendO,

274 3638 548 3690 committere,
570 3645 611 3681 et
634 3654 715 3683 non
739 3649 877 3686 vestra
898 3644 1058 3699 judicia
1079 3645 1303 3687 discutere.
1333 3659 1354 3685 »
