2306 4010
769 180 894 228 PARS
925 180 1222 229 SECUNDA·.12¹
1384 229 1393 238 ,
1830 181 1919 228 269

117 301 394 356 Pnoposmo
422 293 501 348 lla.
531 286 734 347 -r-vaon
781 294 982 344 tantum
1015 290 1285 361 prohibere
1323 295 1491 361 potest
1525 288 1815 362 Episcopus
1848 288 1920 344 ἠε

45 400 419 473 propuynetur,
432 386 684 446 sedetiam
706 401 772 438 ne
791 386 963 440 animo
985 393 1227 442 teneatur
1244 386 1383 442 dicta
1402 388 1679 460 opinio.-
1699 384 1915 443 Etenim

50 494 189 553 nulli
216 493 298 548 fas
322 494 402 554 est
427 480 737 559 opinionem
771 481 1050 556 amplecti,
1074 483 1241 539 etiam
1268 488 1326 539 ut
1352 482 1720 558 probabilem,
1746 502 1916 557 quam

50 597 262 651 constat
293 607 325 648 a
346 580 473 642 Sede
511 579 809 653 apostolica
852 581 1204 654 reprobatam
1251 580 1447 652 fuisse,
1479 587 1534 638 et
1572 599 1602 636 a
1627 580 1918 638 catholicis

52 685 357 750 doctoribus
383 675 753 735 communiter
784 675 938 749 rejici
981 680 1250 748 tanquam
1301 683 1487 751 aperte
1524 695 1836 749 erroneam,
1864 684 1919 735 et

52 788 176 846 fidei
201 776 464 843 catholicae
486 775 820 849 oppositam.
847 774 1031 830 Potest
1050 779 1234 830 autem
1257 774 1560 849 Episcopus
1589 777 1735 850 quod
1767 783 1919 834 certo

55 871 294 946 illicitum
305 881 383 933 est
401 875 620 930 decreto
640 891 740 930 suo
762 872 967 929 additis
995 873 1160 929 etiam
1185 871 1364 947 poenis
1383 879 1434 928 et
1455 877 1710 932 censuris
1731 877 1916 951 prohi-

53 985 195 1041 bere,
214 975 335 1036 ffinc
355 971 599 1028 validum
627 978 680 1028 et
711 970 1102 1044 obligatorium
1131 969 1510 1026 existimarem
1541 971 1795 1047 Episcopi
1824 974 1917 1030 de-

54 1085 266 1143 cretum,
300 1090 408 1144 quo
436 1070 660 1144 juberet
688 1088 718 1125 a
754 1067 974 1125 clericis
1010 1067 1129 1124 suis
1153 1067 1435 1124 subscribi
1461 1067 1767 1125 formulam
1808 1089 1918 1143 qua

37 1178 261 1249 jon-arent
291 1170 464 1242 respui
487 1186 591 1223 ase
620 1185 685 1222 ea:
707 1168 879 1222 animo
898 1166 1103 1223 dictam
1136 1165 1478 1241 opinionem.
1500 1166 1606 1223 Nec
1632 1167 1789 1223 video
1817 1187 1919 1224 cur

0 1333 1 1339 χ
40 1288 141 1328 non
177 1273 355 1344 posset
382 1265 623 1322 subditis
657 1265 775 1321 suis
802 1264 940 1321 illud
977 1264 1160 1338 ipsum
1202 1264 1692 1338 interrogatorium
1719 1283 1918 1340 propo-

40 1348 163 1427 nere
192 1366 336 1441 quod
382 1365 631 1421 Clemens
664 1364 804 1438 Papa
836 1363 894 1418 Vl
937 1363 1306 1419 Armenorum
1352 1363 1683 1419 Patriarchae
1718 1383 1918 1439 propo-

41 1465 143 1525 suit
167 1465 251 1522 his
274 1463 454 1520 verbis
484 1485 494 1516 :
533 1484 559 1514 «
598 1461 650 1518 Si
676 1461 960 1517 credidisti
994 1467 1046 1517 et
1074 1460 1256 1517 adhuc
1280 1460 1483 1530 crediS‚
1522 1461 1693 1516 solum
1721 1461 1917 1518 Roma-

42 1582 163 1623 num
185 1563 525 1631 Pontificem,
543 1561 728 1617 dubiis
758 1560 1174 1633 emergentibus
1196 1559 1341 1615 circa
1369 1559 1535 1615 fidem
1558 1559 1915 1628 catholicam,

44 1651 193 1739 posse
214 1681 310 1737 per
328 1659 849 1717 determinationem
878 1657 1280 1730 authenticam,
1306 1658 1397 1714 cui
1417 1658 1490 1714 sit
1520 1658 1919 1715 inviolabiliter

43 1759 449 1829 adhaerendum,
501 1758 667 1813 finem
712 1757 1033 1831 imponere3
1077 1774 1197 1812 esse
1238 1775 1428 1813 verum
1479 1763 1531 1812 et
1572 1757 1911 1813 catholicum

43 1856 302 1930 quidquid
334 1856 472 1930 ipse,
504 1853 834 1910 auctoritate
870 1851 1110 1908 clavium
1149 1852 1256 1908 sibi
1283 1852 1618 1909 traditarum
1647 1872 1676 1908 a
1700 1854 1916 1911 Christo

45 1953 363 2012 determinat
402 1972 522 2010 esse
547 1971 771 2018 verum3
811 1958 862 2007 et
893 1951 1039 2024 quod
1083 1950 1418 2007 determinat
1456 1970 1581 2008 esse
1620 1953 1827 2008 salsum
1864 1962 1915 2009 et

45 2052 348 2110 haereticum
368 2098 382 2123 ,
427 2052 629 2108 falsum
680 2056 730 2106 et
778 2048 1099 2106 haereticum
1159 2049 1229 2104 sit
1282 2051 1623 2106 censendum
1660 2074 1687 2104 »
1746 2054 1914 2126 (apud

42 2147 383 2220 Rainaldum‚
414 2150 481 2205 ad
517 2167 729 2205 annum
766 2147 958 2217 1551).

107 2247 374 2304 Paoposmo
398 2247 502 2303 111⁰.
530 2281 598 2287 -
620 2245 955 2318 Regulariter
973 2245 1253 2317 quuendo,
1285 2255 1493 2302 tenetur
1510 2247 1797 2322 Episcopus
1817 2250 1918 2304 dic-

41 2350 140 2401 tam
177 2348 471 2420 opinionem
499 2345 788 2418 prohibere,
825 2350 875 2397 et
907 2360 937 2395 α
972 2358 1065 2395 sito
1099 2344 1398 2414 praesertim
1445 2343 1580 2398 clero
1625 2361 1719 2416 pro
1767 2362 1919 2417 posse

40 2443 349 2499 avellere.-
369 2442 582 2499 Etenim
606 2439 952 2515 praecipuum
980 2438 1230 2513 Episcopi
1255 2438 1498 2496 officium
1524 2447 1606 2496 est
1631 2442 1917 2498 catholicae

41 2539 158 2596 fidei
197 2540 497 2614 integritati
541 2537 849 2602 consulere,
885 2543 939 2593 et
970 2554 998 2592 a
1026 2555 1125 2592 sua
1159 2536 1380 2593 dioecesi
1407 2557 1625 2612 pravaS,
1658 2558 1918 2596 erroneas

39 2642 90 2692 et
121 2636 345 2694 sincerae
374 2637 501 2693 fidei
531 2635 813 2710 oppositas
838 2633 1133 2703 doctrinam,
1164 2642 1429 2708 tanquam
1459 2636 1776 2692 animarum
1809 2638 1916 2692 sibi

39 2734 366 2791 creditarum
409 2740 617 2809 pestem
658 2731 1085 2806 diligentissime
1129 2749 1340 2788 arcere.
1391 2733 1557 2789 Porro
1597 2734 1917 2792 istiusmodi
1956 2774 1959 2777 -

41 2832 216 2904 pravis
257 2831 520 2887 doctrinis
562 2831 900 2887 accensenda
940 2836 1022 2886 est
1048 2829 1192 2886 dicta
1236 2830 1458 2904 opinio;
1493 2832 1538 2887 si
1567 2833 1818 2905 quidem,
1857 2840 1917 2889 ut

40 2928 196 2982 toties
241 2928 501 2999 diximus,
547 2947 575 2983 a
613 2929 746 2984 Sede
794 2928 1094 3001 apostolica
1133 2912 1747 3004 multotics'reprobata
1788 2932 1916 3000 fuit,

0 3050 1 3057 ¹
53 3040 272 3095 ‘amque
305 3023 553 3079 doctores
595 3024 852 3080 catholici
902 3043 1214 3092 erroneam,
1248 3035 1300 3081 ot
1338 3027 1658 3082 nullatenus
1686 3028 1915 3082 liberam

73 3128 90 3176 t
119 3119 352 3189 licitam,
382 3120 476 3174 sed
511 3126 731 3175 econtra
759 3122 986 3176 omnino
1010 3122 1369 3195 rejiciendam
1393 3123 1766 3178 communiter
1795 3141 1919 3195 pro-

62 3216 320 3273 luntiant.
352 3215 487 3287 Ergo
511 3233 603 3287 per
634 3233 711 3283 se,
741 3234 836 3271 seu
859 3218 1230 3272 abstrahendo
1274 3237 1303 3272 a
1339 3218 1781 3273 circumstantiis
1801 3237 1921 3290 quie

61 3315 249 3371 ·itandi
298 3312 522 3385 majoris
555 3311 869 3368 detrimenti
921 3314 1115 3384 gratia,
1148 3314 1623 3369 dissimulandum
1655 3334 1751 3388 pro
1783 3322 1919 3372 tem—

79 3430 171 3468 ore
197 3411 515 3476 suaderent,
547 3413 765 3464 tenetur
803 3408 1038 3480 quilibet
1064 3408 1368 3482 Episcopus
1403 3411 1722 3483 pestiferam
1768 3414 1916 3470 illam

0 3525 17 3558 ὲ
78 3509 351 3582 pinionem
393 3507 666 3580 extirpare
694 3523 752 3559 ac
791 3502 1077 3576 expellere.
1115 3504 1364 3576 Cumque.
1392 3508 1566 3563 multo
1602 3512 1776 3584 magis
1821 3530 1915 3568 no-

0 3614 2 3618 ’
75 3623 163 3662 ere
191 3607 397 3663 soleant
431 3623 643 3661 errores
674 3602 718 3657 si
762 3601 975 3657 clerum
1007 3599 1273 3670 inficiant,
1311 3610 1528 3662 tenetur
1568 3608 1914 3683 potissimum
