2262 3990
795 138 926 187 PARS
955 137 1204 186 SECUNDA.
1847 133 1936 181 477

68 266 178 309 non
206 247 381 306 solet?
412 245 519 302 Cur
555 244 650 301 illa
698 243 925 302 omissio
955 260 1123 318 quam
1153 241 1232 299 sic
1254 245 1488 298 testatur
1516 236 1937 296 commissarius

64 346 246 406 Sancti
272 343 474 415 Officii,
500 344 657 400 Pater
687 342 928 414 Olivieri,
964 361 1031 399 on
1053 343 1197 399 avait
1230 342 1358 398 omis
1389 340 1454 396 de
1476 339 1612 412 faire
1650 349 1940 411 approuver

67 445 116 501 le
137 445 308 500 decret
324 452 426 517 par
462 442 510 498 le
539 442 721 515 Pape?
744 440 802 497 ld
831 440 1059 497 fortuito
1083 439 1238 496 casui
1264 439 1453 494 forsan
1479 435 1607 510 quis
1626 433 1946 492 adscriben-

66 541 201 596 dum
227 537 586 594 existimabit.
613 538 678 593 At
704 534 845 592 mihi
874 535 1034 592 liceat
1068 534 1320 591 altiorem
1358 550 1583 590 causam
1626 538 1943 588 autumare.

64 637 198 692 Cum
229 653 427 711 nempe
449 634 728 692 decretum
755 632 905 690 istud
922 650 1170 689 errorem
1193 631 1528 702 contineret,
1555 629 1824 704 singulari
1841 646 1942 686 sua

67 733 410 808 providentia
443 730 762 808 praepedivit
778 730 1026 786 Christus
1049 747 1118 785 ne
1143 748 1174 785 a
1196 729 1443 785 Romano
1467 729 1727 786 Pontifice
1756 746 1823 784 ex
1853 745 1942 785 ca-

67 831 263 887 thedra
296 830 745 892 confirmaretur‚·
779 833 831 883 et
864 826 944 883 sic
986 825 1158 881 illaesa
1197 832 1508 882 remaneret
1552 827 1771 884 coelitus
1813 843 1944 882 con-

65 945 217 985 cessa
243 927 557 984 inerrantiae
582 925 959 1000 praerogativa.

139 1024 243 1080 Sed
268 1031 319 1079 et
337 1020 778 1090 criminationes,
799 1019 1005 1091 quibus
1041 1019 1110 1074 ob
1139 1018 1290 1074 istud
1315 1017 1521 1072 Galilaei
1547 1019 1831 1090 negotium
1859 1038 1945 1076 sa-

68 1137 160 1175 cra
185 1118 562 1190 Inquisitionis
596 1123 650 1173 et
676 1116 876 1172 Indicis
902 1116 1261 1189 congregatio
1295 1117 1364 1172 ab
1394 1116 1716 1171 acatholicis
1750 1117 1946 1191 impeti

66 1214 225 1285 solet,
256 1214 472 1270 veritati
500 1231 562 1270 ac
580 1213 815 1287 justitiae
842 1231 1041 1286 magna
1067 1230 1132 1268 ex
1154 1219 1312 1287 parte
1329 1212 1715 1269 adversantur.
1737 1212 1811 1269 De
1837 1231 1945 1286 quo

68 1312 451 1386 subjungenda
472 1313 588 1369 visa
617 1318 699 1369 est
726 1330 963 1386 sequens
980 1312 1379 1386 paragraphus,

65 1560 88 1607 ,ξ
116 1556 154 1598 5.
181 1580 226 1587 -
253 1558 297 1597 ln
324 1569 407 1609 quo
431 1557 648 1606 erraverit,
672 1563 714 1598 et
736 1558 779 1598 in
807 1569 889 1609 quo
913 1562 1023 1598 recte
1045 1556 1179 1608 egerit
1209 1555 1274 1595 vel
1297 1553 1532 1595 excusanda
1555 1554 1608 1593 sit
1632 1563 1747 1593 sacra
1769 1562 1949 1604 congre-

378 1625 487 1676 gatio
511 1624 794 1677 Inquisitionis
813 1630 855 1665 et
875 1624 1037 1674 Indicis,
1062 1623 1199 1675 quoad
1223 1622 1383 1664 Galilaei
1401 1621 1630 1674 negotium.

138 1797 415 1851 Pnoposmo
440 1797 500 1850 1⁹.
526 1829 596 1837 —
625 1797 771 1864 Quod
816 1797 1172 1868 Inquisitionis
1213 1796 1438 1852 tribunal
1475 1794 1752 1851 Galilaeum
1789 1813 1944 1867 squa-

67 1894 174 1948 lore
211 1896 452 1960 carceris,
483 1900 685 1947 tortura
718 1894 1086 1961 membrorum,
1128 1893 1389 1946 oculorum
1422 1893 1730 1962 effossione,
1761 1892 1946 1948 aliisve

66 1989 328 2061 suppliciis
354 1990 581 2061 physicis
602 1990 866 2061 affecerit,
890 2007 1034 2045 mera
1066 1988 1324 2044 calumnia
1343 1998 1439 2044 est.
1469 2022 1538 2030 -
1565 1989 1623 2044 Id
1644 1988 1760 2062 jam
1785 1988 1947 2046 toties

70 2091 121 2140 et
143 2084 272 2140 adco
298 2086 575 2142 evidenter
612 2088 906 2160 probatum
949 2093 1031 2143 est
1062 2106 1091 2142 a
1120 2087 1255 2142 viris
1285 2089 1603 2143 nullatenus
1647 2088 1946 2162 suspectiS,

73 2186 126 2233 ct
155 2197 218 2233 ex
243 2180 591 2236 documentis
640 2183 866 2238 omnino
905 2184 1263 2252 authenticiS,
1289 2190 1351 2238 ut
1379 2202 1851 2256 supervacaneum
1879 2185 1950 2241 sit

75 2273 347 2344 ejusmodi
372 2277 721 2347 probationes
756 2284 809 2333 et
858 2278 1189 2333 documenta
1231 2278 1322 2333 hic
1355 2285 1622 2334 retexere.
1669 2281 1948 2336 Lectorem

78 2369 351 2442 praecipue
378 2372 715 2427 remittimus
748 2372 814 2426 ad
865 2372 1310 2428 dissertationem
1343 2374 1557 2429 domini
1583 2375 1720 2443 Biot,
1759 2376 1949 2451 physi-

76 2484 165 2521 ces
191 2473 242 2522 et
268 2470 576 2524 matheseos
603 2469 833 2525 scicntia
860 2469 917 2524 in
937 2470 1127 2526 Galliis
1158 2472 1478 2543 clarissimi,
1506 2474 1610 2529 hoc
1636 2474 1799 2530 titulo
1830 2474 1948 2529 edi-

77 2569 187 2617 tam
214 2583 223 2614 :
256 2564 330 2619 La
363 2565 533 2620 Ve'rite'
552 2584 642 2621 sur
674 2568 722 2622 le
751 2572 935 2640 proces
959 2569 1022 2623 de
1046 2569 1240 2627 Galile'e
1283 2569 1568 2643 (Mela-nyes
1604 2574 1946 2644 scientifiques

74 2666 120 2713 et
157 2659 457 2732 litteratres,
501 2669 648 2718 tomo
685 2663 767 2732 ΙΙΙ,
811 2683 934 2738 pag.
982 2667 1035 2736 1,
1087 2667 1220 2723 edit.
1265 2667 1508 2736 Parisiis,
1549 2669 1848 2733 1858).1hi
1879 2671 1947 2727 de

80 2753 296 2810 Galilaeo
337 2757 467 2814 dicit
522 2759 783 2816 dominus
818 2760 935 2817 Biot
981 2763 1201 2836 (pagina
1238 2765 1332 2837 4⁶2)
1357 2786 1366 2818 :
1394 2786 1420 2817 «
1451 2766 1600 2822 Nous
1647 2784 1814 2822 avons
1854 2766 1945 2823 de-

80 2854 294 2907 montre
319 2872 418 2926 par
445 2856 540 2911 des
563 2875 792 2930 preuves
821 2863 1096 2933 certaines,
1138 2862 1274 2935 qu’il
1311 2865 1400 2918 n'a
1436 2883 1534 2938 pas
1573 2868 1656 2920 etc
1681 2865 1949 2920 mate'riel-

85 2947 269 3002 lement
295 2953 524 3006 torturc.
550 2971 576 3003 »
603 2952 876 3011 Nonnulla
913 2957 1031 3029 jam
1083 2958 1295 3014 domini
1322 2960 1442 3015 Biot
1474 2962 1573 3015 hac
1607 2960 1673 3015 de
1711 2978 1770 3015 re
1803 2959 1948 3015 dicta

87 3042 384 3098 retulimus
422 3048 610 3119 (supra
629 3051 654 3119 ἓ
673 3048 728 3118 1,
754 3050 1152 3108 documentum
1183 3054 1289 3127 lx).
1323 3055 1594 3128 Equidem
1630 3054 1826 3110 diebus
1851 3055 1950 3110 ali·

86 3145 219 3211 quot
249 3139 302 3194 in
328 3140 536 3196 aedibus
555 3142 734 3200 Sancti
763 3145 935 3202 Officii
968 3147 1224 3205 detentus
1250 3156 1331 3206 est
1356 3150 1613 3206 Galilaeus
1633 3174 1642 3215 ;
1666 3151 1762 3206 sed
1788 3150 1863 3207 ita
1890 3157 1950 3208 ut

82 3236 249 3291 lotius
275 3236 562 3309 injpalatio
595 3238 779 3311 aliquo
822 3241 1017 3315 degere
1043 3261 1154 3299 non
1184 3246 1475 3318 potuisset.
1515 3246 1576 3300 Ei
1612 3247 1814 3320 quippe
1853 3248 1948 3306 illa

87 3350 220 3405 pars
238 3333 439 3388 {edium
465 3334 741 3407 assignata
767 3343 870 3403 est,
892 3356 1059 3409 quam
1079 3357 1225 3396 unus
1252 3359 1282 3397 e
1306 3343 1600 3416 praecipuis
1619 3343 1947 3404 officialibus

87 3428 323 3485 incolere
350 3430 581 3486 solebat.
606 3432 733 3488 Data
759 3434 809 3490 ei
837 3434 1072 3492 facultas
1096 3436 1371 3494 famulum
1400 3443 1547 3515 apud
1577 3459 1635 3498 se
1655 3443 1944 3516 retinendi,

87 3524 139 3580 in
178 3525 334 3583 horto
384 3528 795 3601 deambulandi,
829 3531 895 3587 ad
941 3533 1148 3592 amicos
1197 3535 1369 3594 libere
1406 3539 1703 3610 scribendi,
1731 3553 1825 3599 eos
1859 3560 1947 3600 eo-
