2262 3990
317 115 404 160 570
986 101 1285 148 TRACTATUS
1317 101 1381 148 DE
1414 102 1558 148 PAPA.

1048 376 1300 441 CAPUT
1350 378 1504 442 XIII

312 563 754 602 annunt-:mum
785 563 875 600 nx
907 564 991 601 no
1021 565 1188 611 Qum
1220 565 1386 603 Pam
1410 566 1512 602 sn·
1539 537 1944 604 tamenn-nis
1974 543 2238 609 (τιιιιιεπί

1128 635 1438 673 vlumus·
2154 633 2157 635 ’

394 811 432 866 Ι.
464 811 785 869 Romanum
802 809 1136 868 Pontificum
1166 829 1287 869 0550
1312 830 1509 886 verum
1534 817 1587 868 et
1615 810 2009 869 immediatum
2037 812 2231 875 Christi

319 910 393 971 in.
414 909 583 967 terris
617 909 913 983 vicarium,
945 916 1026 967 est
1059 910 1263 985 dogma
1301 897 1662 984 catholicum,
1702 918 1882 988 prout.
1907 916 2120 970 constat
2143 913 2230 973 do-

320 1011 606 1069 cumentis
641 1011 1009 1087 sequentibus
1036 1033 1046 1066 ε

394 1112 455 1168 In
498 1110 812 1169 canonibus
847 1109 1086 1168 arabicis
1129 1111 1303 1187 primi
1339 1112 1548 1170 Nicaeni
1588 1113 1837 1186 concilii,
1886 1113 2096 1172 dicitur
2136 1114 2234 1174 Ro.

320 1232 526 1270 manus
553 1212 805 1269 Pontifex
834 1213 1056 1268 vicarius
1084 1211 1280 1270 Christi
1313 1213 1524 1269 Domini
1553 1216 1723 1270 nostri
1758 1234 1918 1289 super
1946 1216 2235 1275 universam

322 1314 616 1371 Ecclesiam
659 1314 998 1369 christianam
1028 1312 1260 1387 (Labbe,
1302 1320 1342 1371 t.
1382 1314 1446 1386 11,
1484 1313 1592 1370 col.
1638 1313 1772 1386 505,
1814 1314 1947 1373 edit.
1989 1313 2232 1391 ParisiiS,

330 1411 518 1485 1671»

402 1512 444 1566 A
477 1510 712 1567 Mal-tino
757 1511 794 1566 V
837 1511 894 1568 in
945 1512 1182 1571 concilio
1230 1513 1643 1572 Constantiensi
1687 1515 1950 1573 damnata
2003 1520 2087 1572 est
2131 1515 2238 1574 liaec

327 1610 533 1667 wiclefi
581 1611 887 1687 propositio
926 1634 934 1665 :
992 1635 1019 1666 «
1048 1612 1158 1669 Nec
1189 1613 1333 1688 Papa
1379 1619 1460 1670 est
1503 1617 1780 1688 proximus
1829 1622 1880 1671 et
1917 1615 2234 1672 immediatus

328 1734 355 1765 «
386 1714 614 1769 vicarius
657 1713 857 1770 Christi
903 1719 954 1770 ct
997 1714 1432 1789 apostolorum»
1480 1715 1703 1789 (Lahbe‚
1748 1722 1789 1772 t.
1840 1715 1948 1787 xil,
1979 1715 2082 1774 col.
2113 1714 2236 1786 265,

328 1813 463 1870 odit.
497 1812 747 1893 Parisiis,
789 1798 983 1885 1671).
1787 1882 1803 1901 ,

400 1911 758 1967 (Ecumenica
782 1912 1103 1969 Florentina
1139 1914 1387 1992 synodus
1425 1916 1584 1987 (5055.
1617 1913 1736 1987 xxv)
1763 1932 2024 1988 expresse
2054 1909 2239 1970 defini-

321 2009 399 2066 vit
432 2010 746 2066 Romanum
782 2010 1109 2067 Pontificem
1145 2029 1266 2068 csse
1299 2031 1479 2068 verum
1517 2013 1713 2070 Christi
1742 2015 1991 2069 vicarium
2019 2012 2238 2085 (Labbc,

317 2113 354 2163 t.
392 2107 526 2178 xm,
557 2109 664 2163 col.
696 2107 827 2178 515,
860 2107 997 2164 edit.
1031 2108 1282 2180 Parisiis,
1318 2109 1513 2178 1672).

394 2208 495 2263 Leo
535 2206 575 2262 X
609 2205 895 2263 damnavit
928 2207 1094 2263 istam
1128 2207 1357 2264 Luthcri
1398 2208 1861 2283 propositionem,
1901 2208 2047 2265 inter
2085 2208 2239 2264 dam-

312 2315 474 2366 natas
501 2307 831 2382 vigesimam
856 2307 1112 2382 quintam
1140 2329 1149 2363 :
1188 2330 1215 2363 «
1245 2308 1529 2364 Romanus
1554 2307 1826 2376 Pontifex,
1848 2308 1993 2364 Petri
2022 2325 2235 2364 succes·

308 2425 569 2479 sorsnon
600 2411 682 2463 est
710 2406 909 2464 Christi
936 2408 1165 2463 vicarius
1195 2426 1363 2482 super
1394 2424 1591 2462 omnes
1626 2406 1801 2463 totius
1837 2406 2034 2462 mundi
2063 2406 2235 2463 Eccle-

312 2506 424 2562 sias
457 2506 525 2563 ab
559 2504 678 2581 ipso
711 2505 934 2562 Christo
968 2505 1026 2561 in
1057 2506 1217 2562 beato
1246 2507 1404 2563 Petro
1434 2505 1753 2563 institutus.
1789 2529 1817 2560 »

394 2606 454 2662 In
482 2606 638 2663 hulla
661 2606 944 2663 Auctore-m
976 2607 1101 2679 fidei
1140 2605 1402 2662 damnata
1442 2612 1614 2664 estut
1650 2607 1897 2664 haeretica
1931 2605 2231 2682 propositio

320 2705 482 2762 tertia
517 2705 741 2762 concilii
771 2687 1150 2777 Pistoriensis‚
1182 2707 1283 2763 hoc
1327 2706 1492 2763 modo
1526 2727 1536 2761 z
1578 2728 1604 2760 «
1628 2706 1934 2783 Propositio
1975 2726 2099 2782 quae
2129 2711 2229 2764 sta-

321 2803 430 2862 tuit
459 2804 775 2861 Romanum
819 2804 1142 2862 Pontificem
1186 2823 1306 2862 esse
1344 2814 1499 2879 caput
1545 2808 1910 2874 ministeriale,-
1949 2806 2029 2864 sic
2068 2804 2228 2881 expli-

318 2908 457 2976 cata,
491 2909 551 2959 ut
588 2903 870 2960 Romanus
905 2902 1176 2976 Pontifex,
1216 2922 1327 2960 non
1370 2904 1666 2979 ahChristO,
1709 2904 1766 2960 in
1809 2923 2047 2981 persona
2090 2903 2231 2963 beati

314 3000 483 3074 Petri,
530 3001 626 3059 sed
671 3001 739 3057 ab
782 2999 1028 3058 Ecclesia
1073 3006 1404 3076 potestatem
1462 3002 1766 3060 ministerii
1813 3003 2070 3080 accipiat,
2101 3021 2225 3078 qua,

312 3101 465 3159 velut
497 3100 641 3159 Petri
674 3119 988 3173 successor,
1016 3119 1172 3158 verus
1206 3102 1402 3160 Christi
1441 3105 1668 3160 vicarius
1705 3123 1766 3160 ac
1801 3106 1958 3162 totius
1990 3099 2229 3162 Ecclesiae

312 3209 468 3276 caput
494 3201 664 3277 pollet
693 3201 750 3257 in
776 3200 1040 3258 universa
1067 3200 1332 3270 Ecclesia;
1370 3203 1640 3260 haeretica.
1669 3225 1696 3258 »

384 3302 448 3357 ΙΙ.
488 3301 563 3357 Ex
593 3320 655 3358 eo
684 3301 836 3375 quod
862 3301 1002 3377 Papa
1049 3300 1122 3357 sit
1160 3300 1360 3358 Christi
1385 3301 1628 3359 vicarius
1665 3302 1725 3359 in
1766 3302 1953 3375 terris,
1984 3303 2227 3378 rigorose

310 3402 568 3475 sequitur
586 3402 772 3478 ipsum
797 3421 919 3460 esse
945 3421 1116 3478 supra
1139 3402 1781 3480 concilium-sine-Papa,
1801 3410 1854 3461 ct
1874 3423 2042 3480 supra
2066 3421 2224 3477 quos·

311 3499 447 3557 libet
487 3503 788 3579 Episcopos
836 3502 1124 3560 collective
1170 3510 1447 3579 sumptos,
1494 3536 1563 3544 —
1607 3504 1745 3560 Nam
1791 3504 2100 3561 absurdum
2141 3506 2220 3558 est

314 3594 499 3669 illum,
535 3601 627 3656 cui
652 3601 909 3659 Christus
935 3601 1081 3659 vices
1121 3621 1252 3659 suas
1287 3600 1612 3660 immediate
1646 3601 1948 3672 commisit,
1987 3600 2074 3658 cui
2117 3597 2219 3656 sci-
