2306 4010
743 202 870 251 PARS
898 203 1139 252 SECUNDA.
1795 202 1884 249 507

91 336 116 366 α
145 313 439 371 Honorium
473 310 635 368 etiam
658 307 972 364 Romanum
1002 308 1204 384 Papam
1229 325 1339 366 non
1375 306 1598 365 diffiteri
1630 325 1758 364 reor
1783 323 1880 363 na-

16 413 269 472 turaliter
299 412 355 467 in
381 409 592 467 Christo
618 395 968 464 'voluntatum
996 406 1349 479 dualitatem,
1378 406 1435 463 in
1458 405 1692 482 epistola
1711 423 1880 480 quam

16 512 237 587 scripsit
267 511 334 567 ad
362 507 628 584 Sergium,
675 522 737 563 eo
773 502 919 576 quod
946 521 1106 560 uriam
1137 505 1342 564 dixerit
1374 507 1742 579 voluntatem,
1787 505 1882 563 sed

22 612 204 686 potius
230 606 499 678 confiteri,
537 611 589 663 et
622 600 1038 666 hancfortassis
1084 603 1252 659 etiam
1300 605 1573 662 stabilire.
1619 604 1756 661 Nam
1783 605 1889 661 hoc

25 730 134 767 non
166 709 220 765 in
254 704 686 783 reprobationem
716 698 855 755 dixit
889 700 1130 756 humanae
1173 701 1476 760 Salvatoris
1522 710 1573 761 et
1617 703 1888 761 naturalis

23 807 331 868 voluntati⁸5
357 804 450 859 sed
475 797 618 873 quod
642 795 966 852 nullatenus
993 796 1414 872 conceptionem
1451 800 1592 873 ejuS,
1623 819 1747 875 quae
1788 800 1893 858 suit

28 904 147 959 sine
179 883 404 965 semine,
434 895 516 952 vel
547 894 924 966 incorruptam
959 891 1300 948 nativitatem
1325 896 1667 968 praecesserit
1694 896 1892 952 volun·

30 1010 112 1058 tas
136 998 314 1058 carnis
335 993 416 1051 vel
446 990 700 1064 cogitatio
734 989 999 1047 vitiosa...
1029 990 1091 1045 Et
1124 990 1269 1063 quod
1293 991 1441 1049 hunc
1469 1010 1698 1049 sensum
1725 1000 1894 1051 secte-

37 1106 124 1155 tur
147 1093 271 1152 hine
300 1090 652 1149 manifestum
686 1092 767 1142 est
798 1108 810 1142 ε
849 1105 975 1142 cum
1010 1086 1159 1143 enim
1205 1087 1453 1155 dixisset,
1499 1088 1631 1162 quia
1667 1096 1896 1165 propter

30 1190 355 1251 ineffabilem
395 1187 667 1244 unitatem
710 1186 969 1241 humanae
999 1204 1062 1241 ac
1095 1185 1295 1242 divinae
1327 1192 1542 1243 naturae
1568 1194 1621 1244 et
1651 1188 1793 1244 Deus
1816 1188 1897 1244 di-

28 1288 169 1344 citur
184 1287 314 1362 pati,
335 1292 386 1343 et
405 1284 721 1342 humanitas
740 1284 806 1340 de
830 1285 968 1340 coelo
984 1303 1112 1340 cum
1132 1284 1421 1342 divinitate
1447 1285 1841 1343 descendisse..
1858 1330 1867 1340 .
1884 1330 1897 1356 ,

0 1384 300 1442 'subinfert
343 1406 354 1438 ε
402 1383 541 1441 Unde
585 1391 634 1438 et
681 1401 839 1438 unam
883 1383 1196 1438 volun-tatem
1251 1384 1479 1454 fatemur
1518 1385 1727 1440 Domini
1772 1385 1901 1440 Jesu

40 1482 258 1547 Christi3
293 1481 560 1554 quomodo
586 1481 664 1538 ait
695 1503 706 1534 :
739 1479 873 1547 Quia
903 1481 1144 1554 profecto
1170 1499 1200 1536 a
1226 1482 1498 1537 divinitate
1530 1490 1799 1556 assumpta
1824 1488 1901 1536 est

44 1587 224 1635 ›eataara
254 1587 445 1649 nostra,
485 1597 585 1634 non
627 1579 808 1653 culpa;
842 1579 896 1634 id
929 1584 1030 1651 est,
1059 1597 1088 1634 a
1115 1586 1410 1653 peccam...
1451 1579 1586 1635 Hinc
1634 1578 1898 1647 ostendit,

46 1694 151 1733 non
181 1677 320 1750 quod
351 1695 455 1733 non
495 1676 747 1733 habuerit
802 1678 1106 1733 humanam
1138 1677 1475 1733 voluntatem
1516 1683 1569 1734 et
1595 1676 1902 1757 naturalem

44 1779 172 1849 (non
197 1775 338 1831 enim
371 1776 471 1831 hoc
507 1774 711 1830 dixisse
735 1775 952 1831 videtur
973 1778 1028 1847 ¹),
1063 1775 1158 1831 sed
1184 1775 1332 1848 quod
1359 1777 1490 1831 sicut
1523 1776 1698 1844 homo,
1728 1792 1906 1846 neque

37 1873 308 1928 secundum
329 1891 512 1947 corpus
535 1891 631 1946 per
662 1875 887 1928 membra
916 1873 1224 1945 quamlibet
1258 1873 1456 1928 habeat
1479 1877 1679 1946 praeter
1693 1878 1906 1928 naturae

41 1968 177 2042 leges
223 1971 615 2044 operationem,
674 1990 853 2045 neque
906 1990 1104 2027 rursus
1160 1969 1470 2027 secundum
1520 1969 1766 2026 animam
1816 1990 1906 2025 vo-

45 2064 262 2123 luntatis
283 2068 624 2124 contrarium
652 2068 736 2124 vel
762 2068 882 2124 sine
903 2068 1115 2124 ratione
1139 2074 1377 2137 motum,
1405 2066 1574 2124 veluti
1608 2086 1708 2123 nos
1734 2088 1744 2120 :
1777 2066 1907 2140 quia

43 2170 91 2219 et
115 2181 276 2239 super
299 2164 474 2239 legem
512 2174 674 2223 natus
703 2173 785 2224 est
814 2169 1072 2223 humana}
1102 2173 1336 2223 naturae.
1372 2165 1698 2240 Expressius
1726 2171 1906 2222 autem

46 2267 95 2315 ct
123 2260 179 2315 in
215 2263 673 2337 subsequentibus
710 2267 1053 2339 comprobat,
1081 2264 1228 2339 quod
1258 2281 1437 2320 sermo
1476 2263 1580 2318 sibi
1614 2269 1758 2319 esset
1780 2268 1906 2318 tan-

52 2362 186 2425 tum,
214 2360 457 2431 vitiatam,
491 2368 541 2418 et
578 2382 685 2418 non
727 2363 1061 2433 naturalem,
1103 2380 1130 2416 a
1153 2361 1434 2417 Salvatore
1480 2359 1909 2415 disterminandi

52 2451 439 2511 voluntatem...
484 2459 598 2514 Non
629 2476 755 2531 ergo
796 2457 1278 2530 interemptionem
1316 2463 1376 2512 ut
1408 2456 1540 2526 dixi,
1573 2456 1831 2511 naturalis
1864 2464 1914 2511 et

51 2548 282 2607 Immanae
307 2553 620 2626 voluntatiS,
670 2557 766 2612 sed
799 2558 1013 2627 vitiosae,
1049 2572 1111 2610 ac
1146 2555 1267 2628 ejus
1296 2573 1417 2628 quae
1446 2560 1529 2609 est
1569 2560 1719 2609 extra
1754 2559 1913 2609 natu-

49 2663 184 2716 ram,
219 2648 415 2708 sacit...
453 2653 635 2709 Timor
683 2671 812 2727 ergo
851 2659 934 2709 est
966 2652 1207 2727 opinari,
1244 2652 1393 2726 quod
1430 2652 1487 2707 in
1526 2651 1645 2725 ejus
1686 2651 1912 2726 proprie

47 2761 155 2798 non
190 2752 270 2800 est
294 2749 639 2806 sermonibus
672 2750 969 2824 scriptum,
999 2756 1050 2806 et
1084 2750 1267 2806 moliri
1292 2749 1642 2806 adversarios
1675 2749 1914 2824 propria*

50 2838 321 2910 opinionis
349 2849 609 2916 tanquam
637 2865 746 2902 non
780 2848 934 2903 bonae
961 2848 1022 2903 ad
1051 2848 1422 2903 velamentum
1458 2847 1612 2902 illius
1643 2845 1746 2902 viri
1769 2845 1914 2901 litte-

55 2952 141 2987 ras
173 2935 480 2993 faciendum
523 2962 533 2992 :
571 2944 875 2999 secundum
910 2951 1215 3017 utrumque
1261 2947 1359 3001 has
1394 2951 1594 3019 praeter
1638 2942 1790 2997 illius
1831 2942 1914 2996 in-

57 3030 351 3086 tentionem
378 3033 512 3090 salso
547 3038 862 3101 referentes.
891 3042 1225 3098 Advocatum
1258 3042 1466 3115 quippe
1493 3041 1655 3095 habet
1683 3037 1916 3093 rationis

56 3144 384 3194 sermonem,
439 3149 655 3187 omnem
697 3136 1113 3194 calumniatoris
1154 3139 1466 3211 abigentem
1513 3136 1826 3190 incursum.
1858 3133 1918 3189 Et

56 3243 151 3294 rgo
185 3224 403 3295 quidem
455 3226 534 3281 sic
567 3246 623 3283 se
670 3229 821 3287 illius
857 3234 1060 3290 habere
1096 3252 1323 3291 sensum
1362 3233 1637 3300 existimo,
1672 3232 1739 3288 ab
1763 3232 1916 3288 omni

57 3322 368 3394 suspicione
406 3331 716 3395 purgatum.
755 3347 782 3377 ι)

111 3486 164 3538 (ti
193 3487 252 3527 lbi
278 3500 350 3528 vox
375 3490 536 3530 ridetur
562 3489 670 3530 idem
696 3495 811 3531 sonat
834 3502 879 3533 ac
903 3494 1169 3541 valerianum·
1206 3493 1323 3546 quasi
1348 3495 1574 3547 posuisset:
1592 3496 1667 3538 hoc
1689 3497 1846 3540 dietum
1875 3499 1918 3540 in

61 3554 224 3593 tlonorii
249 3554 417 3605 epistola
444 3567 518 3596 non
549 3558 779 3607 reperitur.
808 3570 885 3599 uon
915 3563 1050 3600 extat.
1087 3559 1213 3605 Quem
1242 3573 1412 3603 sensum
1433 3562 1672 3616 frequenter
1703 3565 1825 3608 habet
1848 3577 1921 3607 vox

60 3619 189 3662 videri
215 3620 257 3662 in
278 3622 458 3675 antiquis
487 3624 756 3665 documentis.
