<?xml version="1.0" encoding="UTF-8"?>
<!DOCTYPE html PUBLIC "-//W3C//DTD XHTML 1.0 Transitional//EN"
    "http://www.w3.org/TR/xhtml1/DTD/xhtml1-transitional.dtd">
<html xmlns="http://www.w3.org/1999/xhtml" xml:lang="en" lang="en">
 <head>
  <title>
</title>
<meta http-equiv="Content-Type" content="text/html;charset=utf-8" />
  <meta name='ocr-system' content='tesseract 3.04.00' />
  <meta name='ocr-capabilities' content='ocr_page ocr_carea ocr_par ocr_line ocrx_word'/>
</head>
<body>
  <div class='ocr_page' id='page_1' title='image "a548470102bouiuoft_0554.png"; bbox 0 0 2262 3990; ppageno 0'>
   <div class='ocr_carea' id='block_1_1' title="bbox 256 127 1498 192">
    <p class='ocr_par' dir='ltr' id='par_1_1' title="bbox 256 127 1498 192">
     <span class='ocr_line' id='line_1_1' title="bbox 256 127 1498 192; baseline -0.013 0"><span class='ocrx_word' id='word_1_1' title='bbox 256 146 345 192; x_wconf 69' lang='lat'>546</span> <span class='ocrx_word' id='word_1_2' title='bbox 932 127 1224 178; x_wconf 74' lang='lat' dir='ltr'>TRAGTATUS</span> <span class='ocrx_word' id='word_1_3' title='bbox 1253 128 1322 175; x_wconf 73' lang='lat' dir='ltr'>DE</span> <span class='ocrx_word' id='word_1_4' title='bbox 1349 127 1498 177; x_wconf 71' lang='lat' dir='ltr'>PAPA.</span> 
     </span>
    </p>
   </div>
   <div class='ocr_carea' id='block_1_2' title="bbox 239 235 2246 3715">
    <p class='ocr_par' dir='ltr' id='par_1_2' title="bbox 257 235 2221 512">
     <span class='ocr_line' id='line_1_2' title="bbox 333 235 2221 314; baseline -0.006 -8"><span class='ocrx_word' id='word_1_5' title='bbox 333 249 437 306; x_wconf 85' lang='lat' dir='ltr'>Sed</span> <span class='ocrx_word' id='word_1_6' title='bbox 467 247 527 302; x_wconf 92' lang='lat' dir='ltr'>in</span> <span class='ocrx_word' id='word_1_7' title='bbox 553 248 907 300; x_wconf 80' lang='lat' dir='ltr'>antecessum</span> <span class='ocrx_word' id='word_1_8' title='bbox 932 236 1229 295; x_wconf 88' lang='lat' dir='ltr'>recolenda</span> <span class='ocrx_word' id='word_1_9' title='bbox 1265 241 1400 294; x_wconf 89' lang='lat' dir='ltr'>sunt</span> <span class='ocrx_word' id='word_1_10' title='bbox 1436 236 1713 298; x_wconf 86' lang='lat' dir='ltr'>nonnulla</span> <span class='ocrx_word' id='word_1_11' title='bbox 1738 235 2019 314; x_wconf 77' lang='lat' dir='ltr'>principia</span> <span class='ocrx_word' id='word_1_12' title='bbox 2044 254 2178 314; x_wconf 27' lang='lat' dir='ltr'>quaess</span> <span class='ocrx_word' id='word_1_13' title='bbox 2210 235 2221 263; x_wconf 67' lang='lat'>*</span> 
     </span>
     <span class='ocr_line' id='line_1_3' title="bbox 257 335 2220 438; baseline -0.008 -34"><span class='ocrx_word' id='word_1_14' title='bbox 257 348 326 404; x_wconf 91' lang='lat' dir='ltr'>ad</span> <span class='ocrx_word' id='word_1_15' title='bbox 357 349 570 401; x_wconf 87' lang='lat' dir='ltr'>rectam</span> <span class='ocrx_word' id='word_1_16' title='bbox 597 341 666 398; x_wconf 92' lang='lat' dir='ltr'>de</span> <span class='ocrx_word' id='word_1_17' title='bbox 689 337 917 397; x_wconf 83' lang='lat' dir='ltr'>cone-ilii</span> <span class='ocrx_word' id='word_1_18' title='bbox 946 335 1285 397; x_wconf 74' lang='lat' dir='ltr'>oecumenici</span> <span class='ocrx_word' id='word_1_19' title='bbox 1314 337 1607 394; x_wconf 88' lang='lat' dir='ltr'>notionem</span> <span class='ocrx_word' id='word_1_20' title='bbox 1630 336 1780 394; x_wconf 78' lang='lat' dir='ltr'>viam</span> <span class='ocrx_word' id='word_1_21' title='bbox 1812 342 2164 401; x_wconf 81' lang='lat' dir='ltr'>sternant..</span> <span class='ocrx_word' id='word_1_22' title='bbox 2206 404 2220 438; x_wconf 54' lang='lat'><em>5</em></span> 
     </span>
     <span class='ocr_line' id='line_1_4' title="bbox 329 434 2219 512; baseline -0.003 -13"><span class='ocrx_word' id='word_1_23' title='bbox 329 442 536 512; x_wconf 78' lang='lat' dir='ltr'>Prim0,</span> <span class='ocrx_word' id='word_1_24' title='bbox 565 437 861 497; x_wconf 88' lang='lat' dir='ltr'>constituit</span> <span class='ocrx_word' id='word_1_25' title='bbox 885 435 1141 493; x_wconf 86' lang='lat' dir='ltr'>Christus</span> <span class='ocrx_word' id='word_1_26' title='bbox 1176 435 1479 493; x_wconf 80' lang='lat' dir='ltr'><strong>Ecclesiam</strong></span> <span class='ocrx_word' id='word_1_27' title='bbox 1521 453 1685 494; x_wconf 86' lang='lat' dir='ltr'>suam</span> <span class='ocrx_word' id='word_1_28' title='bbox 1713 453 1844 494; x_wconf 88' lang='lat' dir='ltr'>cum</span> <span class='ocrx_word' id='word_1_29' title='bbox 1877 434 2057 492; x_wconf 84' lang='lat' dir='ltr'>forma</span> <span class='ocrx_word' id='word_1_30' title='bbox 2087 452 2219 494; x_wconf 70' lang='grc' dir='ltr'>εω-</span> 
     </span>
    </p>

    <p class='ocr_par' dir='ltr' id='par_1_3' title="bbox 245 535 2219 1318">
     <span class='ocr_line' id='line_1_5' title="bbox 254 535 2207 613; baseline -0.003 -15"><span class='ocrx_word' id='word_1_31' title='bbox 254 540 406 613; x_wconf 84' lang='lat' dir='ltr'>ciali,</span> <span class='ocrx_word' id='word_1_32' title='bbox 438 539 519 597; x_wconf 90' lang='lat' dir='ltr'>ita</span> <span class='ocrx_word' id='word_1_33' title='bbox 546 546 608 597; x_wconf 90' lang='lat' dir='ltr'>ut</span> <span class='ocrx_word' id='word_1_34' title='bbox 636 539 758 613; x_wconf 88' lang='lat' dir='ltr'>ejus</span> <span class='ocrx_word' id='word_1_35' title='bbox 786 537 1042 596; x_wconf 86' lang='lat' dir='ltr'>membra</span> <span class='ocrx_word' id='word_1_36' title='bbox 1067 535 1316 593; x_wconf 85' lang='lat' dir='ltr'>efficiant</span> <span class='ocrx_word' id='word_1_37' title='bbox 1347 535 1673 594; x_wconf 88' lang='lat' dir='ltr'>societatem</span> <span class='ocrx_word' id='word_1_38' title='bbox 1696 553 1880 605; x_wconf 84' lang='lat' dir='ltr'>unam,</span> <span class='ocrx_word' id='word_1_39' title='bbox 1919 553 2017 592; x_wconf 88' lang='lat' dir='ltr'>seu</span> <span class='ocrx_word' id='word_1_40' title='bbox 2050 549 2207 593; x_wconf 74' lang='lat' dir='ltr'>cor·</span> 
     </span>
     <span class='ocr_line' id='line_1_6' title="bbox 253 630 2222 717; baseline -0.003 -20"><span class='ocrx_word' id='word_1_41' title='bbox 253 659 360 717; x_wconf 90' lang='lat' dir='ltr'>pus</span> <span class='ocrx_word' id='word_1_42' title='bbox 391 640 605 697; x_wconf 85' lang='lat' dir='ltr'>morale</span> <span class='ocrx_word' id='word_1_43' title='bbox 634 657 815 695; x_wconf 81' lang='lat' dir='ltr'>unum.</span> <span class='ocrx_word' id='word_1_44' title='bbox 839 670 910 680; x_wconf 89' lang='lat'><em>-</em></span> <span class='ocrx_word' id='word_1_45' title='bbox 933 636 1195 706; x_wconf 79' lang='lat' dir='ltr'>SecundO,</span> <span class='ocrx_word' id='word_1_46' title='bbox 1226 634 1359 692; x_wconf 90' lang='lat' dir='ltr'>huic</span> <span class='ocrx_word' id='word_1_47' title='bbox 1383 634 1637 692; x_wconf 82' lang='lat' dir='ltr'>societati</span> <span class='ocrx_word' id='word_1_48' title='bbox 1663 633 1969 712; x_wconf 84' lang='lat' dir='ltr'>praeposuit</span> <span class='ocrx_word' id='word_1_49' title='bbox 1989 630 2222 695; x_wconf 79' lang='lat' dir='ltr'>Chris·</span> 
     </span>
     <span class='ocr_line' id='line_1_7' title="bbox 250 730 2219 827; baseline -0.004 -28"><span class='ocrx_word' id='word_1_50' title='bbox 250 747 341 799; x_wconf 88' lang='lat' dir='ltr'>tus</span> <span class='ocrx_word' id='word_1_51' title='bbox 381 760 564 798; x_wconf 91' lang='lat' dir='ltr'>unum</span> <span class='ocrx_word' id='word_1_52' title='bbox 605 746 796 815; x_wconf 89' lang='lat' dir='ltr'>caput,</span> <span class='ocrx_word' id='word_1_53' title='bbox 839 757 940 797; x_wconf 90' lang='lat' dir='ltr'>seu</span> <span class='ocrx_word' id='word_1_54' title='bbox 978 757 1163 795; x_wconf 90' lang='lat' dir='ltr'>unum</span> <span class='ocrx_word' id='word_1_55' title='bbox 1206 756 1543 814; x_wconf 91' lang='lat' dir='ltr'>supremum</span> <span class='ocrx_word' id='word_1_56' title='bbox 1573 743 1876 808; x_wconf 87' lang='lat' dir='ltr'>rectorem,</span> <span class='ocrx_word' id='word_1_57' title='bbox 1916 734 2211 827; x_wconf 73' lang='lat' dir='ltr'>videlicet</span> <span class='ocrx_word' id='word_1_58' title='bbox 2192 730 2219 793; x_wconf 65' lang='lat' dir='ltr'>i</span> 
     </span>
     <span class='ocr_line' id='line_1_8' title="bbox 249 799 2211 920; baseline -0.003 -21"><span class='ocrx_word' id='word_1_59' title='bbox 249 843 565 900; x_wconf 88' lang='lat' dir='ltr'>Romanum</span> <span class='ocrx_word' id='word_1_60' title='bbox 590 841 939 912; x_wconf 83' lang='lat' dir='ltr'>Pontificem,</span> <span class='ocrx_word' id='word_1_61' title='bbox 969 859 1100 898; x_wconf 90' lang='lat' dir='ltr'>cum</span> <span class='ocrx_word' id='word_1_62' title='bbox 1122 840 1286 915; x_wconf 80' lang='lat' dir='ltr'>plena</span> <span class='ocrx_word' id='word_1_63' title='bbox 1314 843 1592 914; x_wconf 83' lang='lat' dir='ltr'>potestate</span> <span class='ocrx_word' id='word_1_64' title='bbox 1616 843 1791 895; x_wconf 90' lang='lat' dir='ltr'>totam</span> <span class='ocrx_word' id='word_1_65' title='bbox 1816 836 1975 920; x_wconf 81' lang='lat' dir='ltr'>illam</span> <span class='ocrx_word' id='word_1_66' title='bbox 2000 799 2211 915; x_wconf 41' lang='grc' dir='ltr'>ε’)οοὶθὸῗεἶ</span> 
     </span>
     <span class='ocr_line' id='line_1_9' title="bbox 250 916 2223 1018; baseline -0.002 -19"><span class='ocrx_word' id='word_1_67' title='bbox 250 947 425 999; x_wconf 90' lang='lat' dir='ltr'>tatem</span> <span class='ocrx_word' id='word_1_68' title='bbox 453 941 742 1018; x_wconf 89' lang='lat' dir='ltr'>pascendi,</span> <span class='ocrx_word' id='word_1_69' title='bbox 781 940 1011 1015; x_wconf 89' lang='lat' dir='ltr'>regendi</span> <span class='ocrx_word' id='word_1_70' title='bbox 1042 958 1106 996; x_wconf 89' lang='lat' dir='ltr'>ac</span> <span class='ocrx_word' id='word_1_71' title='bbox 1131 937 1508 1013; x_wconf 87' lang='lat' dir='ltr'>gubernandi.</span> <span class='ocrx_word' id='word_1_72' title='bbox 1517 971 1589 980; x_wconf 94' lang='lat'><em>-</em></span> <span class='ocrx_word' id='word_1_73' title='bbox 1614 937 1810 1005; x_wconf 78' lang='lat' dir='ltr'>Tertio,</span> <span class='ocrx_word' id='word_1_74' title='bbox 1850 935 1909 991; x_wconf 93' lang='lat' dir='ltr'>in</span> <span class='ocrx_word' id='word_1_75' title='bbox 1935 952 2212 1011; x_wconf 76' lang='lat' dir='ltr'>persona</span> <span class='ocrx_word' id='word_1_76' title='bbox 2189 916 2223 992; x_wconf 87' lang='grc'>3</span> 
     </span>
     <span class='ocr_line' id='line_1_10' title="bbox 247 1036 2211 1119; baseline -0.003 -19"><span class='ocrx_word' id='word_1_77' title='bbox 247 1043 396 1100; x_wconf 89' lang='lat' dir='ltr'>beati</span> <span class='ocrx_word' id='word_1_78' title='bbox 439 1042 587 1100; x_wconf 88' lang='lat' dir='ltr'>Petri</span> <span class='ocrx_word' id='word_1_79' title='bbox 618 1048 671 1100; x_wconf 90' lang='lat' dir='ltr'>et</span> <span class='ocrx_word' id='word_1_80' title='bbox 715 1043 1103 1119; x_wconf 88' lang='lat' dir='ltr'>apostolorum</span> <span class='ocrx_word' id='word_1_81' title='bbox 1150 1038 1390 1097; x_wconf 89' lang='lat' dir='ltr'>contulit</span> <span class='ocrx_word' id='word_1_82' title='bbox 1432 1039 1708 1110; x_wconf 82' lang='lat' dir='ltr'>ChristuS,</span> <span class='ocrx_word' id='word_1_83' title='bbox 1753 1044 1875 1095; x_wconf 93' lang='lat' dir='ltr'>tum</span> <span class='ocrx_word' id='word_1_84' title='bbox 1924 1036 2211 1103; x_wconf 60' lang='lat' dir='ltr'>Romano}</span> 
     </span>
     <span class='ocr_line' id='line_1_11' title="bbox 245 1095 2214 1214; baseline -0.003 -16"><span class='ocrx_word' id='word_1_85' title='bbox 245 1141 519 1212; x_wconf 86' lang='lat' dir='ltr'>Pontifici,</span> <span class='ocrx_word' id='word_1_86' title='bbox 562 1148 687 1198; x_wconf 91' lang='lat' dir='ltr'>tum</span> <span class='ocrx_word' id='word_1_87' title='bbox 731 1141 900 1198; x_wconf 89' lang='lat' dir='ltr'>etiam</span> <span class='ocrx_word' id='word_1_88' title='bbox 938 1140 1250 1214; x_wconf 74' lang='lat' dir='ltr'>conjunctim</span> <span class='ocrx_word' id='word_1_89' title='bbox 1279 1139 1531 1196; x_wconf 88' lang='lat' dir='ltr'>Romano</span> <span class='ocrx_word' id='word_1_90' title='bbox 1570 1137 1823 1196; x_wconf 85' lang='lat' dir='ltr'>Pontifici</span> <span class='ocrx_word' id='word_1_91' title='bbox 1866 1141 1919 1192; x_wconf 89' lang='lat' dir='ltr'>et</span> <span class='ocrx_word' id='word_1_92' title='bbox 1953 1095 2214 1210; x_wconf 43' lang='lat' dir='ltr'>Episcossiss</span> 
     </span>
     <span class='ocr_line' id='line_1_12' title="bbox 249 1234 2165 1318; baseline -0.003 -20"><span class='ocrx_word' id='word_1_93' title='bbox 249 1242 356 1318; x_wconf 83' lang='lat' dir='ltr'>pis,</span> <span class='ocrx_word' id='word_1_94' title='bbox 387 1246 721 1317; x_wconf 84' lang='lat' dir='ltr'>potestatem</span> <span class='ocrx_word' id='word_1_95' title='bbox 752 1238 988 1296; x_wconf 88' lang='lat' dir='ltr'>docendi</span> <span class='ocrx_word' id='word_1_96' title='bbox 1024 1244 1078 1296; x_wconf 87' lang='lat' dir='ltr'>ct</span> <span class='ocrx_word' id='word_1_97' title='bbox 1121 1238 1352 1312; x_wconf 85' lang='lat' dir='ltr'>regendi</span> <span class='ocrx_word' id='word_1_98' title='bbox 1384 1244 1581 1295; x_wconf 81' lang='lat' dir='ltr'>caetera</span> <span class='ocrx_word' id='word_1_99' title='bbox 1607 1235 1866 1294; x_wconf 74' lang='lat' dir='ltr'>Ecclesiae</span> <span class='ocrx_word' id='word_1_100' title='bbox 1895 1234 2165 1294; x_wconf 85' lang='lat' dir='ltr'>membra.</span> 
     </span>
    </p>

    <p class='ocr_par' dir='ltr' id='par_1_4' title="bbox 239 1253 2246 3715">
     <span class='ocr_line' id='line_1_13' title="bbox 248 1253 2230 1413; baseline -0.004 -15"><span class='ocrx_word' id='word_1_101' title='bbox 248 1375 315 1384; x_wconf 86' lang='lat'><em>-</em></span> <span class='ocrx_word' id='word_1_102' title='bbox 339 1340 559 1413; x_wconf 74' lang='lat' dir='ltr'>QuartO,</span> <span class='ocrx_word' id='word_1_103' title='bbox 591 1340 724 1396; x_wconf 89' lang='lat' dir='ltr'>inde</span> <span class='ocrx_word' id='word_1_104' title='bbox 751 1339 1010 1413; x_wconf 88' lang='lat' dir='ltr'>sequitur</span> <span class='ocrx_word' id='word_1_105' title='bbox 1034 1337 1493 1413; x_wconf 83' lang='lat' dir='ltr'>distinguendam</span> <span class='ocrx_word' id='word_1_106' title='bbox 1519 1357 1644 1396; x_wconf 90' lang='lat' dir='ltr'>esse</span> <span class='ocrx_word' id='word_1_107' title='bbox 1666 1337 1973 1395; x_wconf 88' lang='lat' dir='ltr'>Ecclesiam</span> <span class='ocrx_word' id='word_1_108' title='bbox 1997 1353 2166 1392; x_wconf 88' lang='lat' dir='ltr'>unam</span> <span class='ocrx_word' id='word_1_109' title='bbox 2198 1253 2230 1403; x_wconf 54' lang='grc' dir='ltr'><strong>ξ</strong></span> 
     </span>
     <span class='ocr_line' id='line_1_14' title="bbox 245 1434 2167 1512; baseline -0.003 -15"><span class='ocrx_word' id='word_1_110' title='bbox 245 1440 475 1511; x_wconf 79' lang='lat' dir='ltr'>Christi,</span> <span class='ocrx_word' id='word_1_111' title='bbox 516 1439 574 1495; x_wconf 91' lang='lat' dir='ltr'>in</span> <span class='ocrx_word' id='word_1_112' title='bbox 612 1437 922 1495; x_wconf 83' lang='lat' dir='ltr'>Ecclesiam</span> <span class='ocrx_word' id='word_1_113' title='bbox 961 1439 1231 1494; x_wconf 81' lang='lat' dir='ltr'>docentem</span> <span class='ocrx_word' id='word_1_114' title='bbox 1269 1445 1319 1494; x_wconf 85' lang='lat' dir='ltr'>et</span> <span class='ocrx_word' id='word_1_115' title='bbox 1360 1446 1649 1512; x_wconf 72' lang='lat' dir='ltr'>reqentem,</span> <span class='ocrx_word' id='word_1_116' title='bbox 1683 1442 1737 1494; x_wconf 88' lang='lat' dir='ltr'>et</span> <span class='ocrx_word' id='word_1_117' title='bbox 1776 1435 1835 1493; x_wconf 91' lang='lat' dir='ltr'>in</span> <span class='ocrx_word' id='word_1_118' title='bbox 1867 1434 2167 1492; x_wconf 81' lang='lat' dir='ltr'>Ecclesiam</span> 
     </span>
     <span class='ocr_line' id='line_1_15' title="bbox 247 1535 2214 1614; baseline -0.002 -19"><span class='ocrx_word' id='word_1_119' title='bbox 247 1558 369 1614; x_wconf 72' lang='lat' dir='ltr'>quae</span> <span class='ocrx_word' id='word_1_120' title='bbox 398 1538 588 1595; x_wconf 86' lang='lat' dir='ltr'>doceri</span> <span class='ocrx_word' id='word_1_121' title='bbox 624 1543 678 1595; x_wconf 86' lang='lat' dir='ltr'>et</span> <span class='ocrx_word' id='word_1_122' title='bbox 710 1538 828 1612; x_wconf 86' lang='lat' dir='ltr'>regi</span> <span class='ocrx_word' id='word_1_123' title='bbox 860 1538 1042 1605; x_wconf 88' lang='lat' dir='ltr'>debet;</span> <span class='ocrx_word' id='word_1_124' title='bbox 1085 1537 1222 1594; x_wconf 88' lang='lat' dir='ltr'>item</span> <span class='ocrx_word' id='word_1_125' title='bbox 1259 1537 1519 1611; x_wconf 88' lang='lat' dir='ltr'>sequitur</span> <span class='ocrx_word' id='word_1_126' title='bbox 1555 1535 1861 1594; x_wconf 80' lang='lat' dir='ltr'>Ecclesiam</span> <span class='ocrx_word' id='word_1_127' title='bbox 1899 1537 2168 1592; x_wconf 83' lang='lat' dir='ltr'>docentem</span> <span class='ocrx_word' id='word_1_128' title='bbox 2210 1611 2214 1614; x_wconf 18' lang='lat'><strong>⁴</strong></span> 
     </span>
     <span class='ocr_line' id='line_1_16' title="bbox 245 1635 2168 1713; baseline -0.003 -16"><span class='ocrx_word' id='word_1_129' title='bbox 245 1649 294 1697; x_wconf 80' lang='lat' dir='ltr'>et</span> <span class='ocrx_word' id='word_1_130' title='bbox 317 1647 603 1713; x_wconf 68' lang='lat' dir='ltr'>reyentem,</span> <span class='ocrx_word' id='word_1_131' title='bbox 636 1637 949 1695; x_wconf 85' lang='lat' dir='ltr'>consistere</span> <span class='ocrx_word' id='word_1_132' title='bbox 980 1637 1038 1693; x_wconf 90' lang='lat' dir='ltr'>in</span> <span class='ocrx_word' id='word_1_133' title='bbox 1070 1637 1324 1693; x_wconf 86' lang='lat' dir='ltr'>Romano</span> <span class='ocrx_word' id='word_1_134' title='bbox 1352 1637 1621 1694; x_wconf 88' lang='lat' dir='ltr'>Pontifice</span> <span class='ocrx_word' id='word_1_135' title='bbox 1644 1643 1696 1694; x_wconf 92' lang='lat' dir='ltr'>et</span> <span class='ocrx_word' id='word_1_136' title='bbox 1724 1635 2034 1712; x_wconf 87' lang='lat' dir='ltr'>Episcopis,</span> <span class='ocrx_word' id='word_1_137' title='bbox 2060 1652 2168 1691; x_wconf 89' lang='lat' dir='ltr'>non</span> 
     </span>
     <span class='ocr_line' id='line_1_17' title="bbox 246 1718 2166 1814; baseline -0.003 -17"><span class='ocrx_word' id='word_1_138' title='bbox 246 1746 436 1798; x_wconf 87' lang='lat' dir='ltr'>autem</span> <span class='ocrx_word' id='word_1_139' title='bbox 464 1740 525 1795; x_wconf 87' lang='lat' dir='ltr'>in</span> <span class='ocrx_word' id='word_1_140' title='bbox 561 1739 778 1797; x_wconf 79' lang='lat' dir='ltr'>caeteris</span> <span class='ocrx_word' id='word_1_141' title='bbox 807 1739 1064 1796; x_wconf 82' lang='lat' dir='ltr'>Ecclesiae</span> <span class='ocrx_word' id='word_1_142' title='bbox 1092 1738 1386 1795; x_wconf 61' lang='lat' dir='ltr'>memhris</span> <span class='ocrx_word' id='word_1_143' title='bbox 1410 1772 1478 1779; x_wconf 97' lang='lat'>—</span> <span class='ocrx_word' id='word_1_144' title='bbox 1502 1737 1717 1810; x_wconf 78' lang='lat' dir='ltr'>Quinto,</span> <span class='ocrx_word' id='word_1_145' title='bbox 1750 1718 2014 1814; x_wconf 78' lang='lat' dir='ltr'>quaelibet</span> <span class='ocrx_word' id='word_1_146' title='bbox 2038 1754 2166 1793; x_wconf 93' lang='lat' dir='ltr'>con-</span> 
     </span>
     <span class='ocr_line' id='line_1_18' title="bbox 246 1835 2167 1916; baseline -0.003 -19"><span class='ocrx_word' id='word_1_147' title='bbox 246 1841 496 1914; x_wconf 85' lang='lat' dir='ltr'>gregatio</span> <span class='ocrx_word' id='word_1_148' title='bbox 525 1840 929 1916; x_wconf 86' lang='lat' dir='ltr'>Episcoporum</span> <span class='ocrx_word' id='word_1_149' title='bbox 954 1838 1011 1895; x_wconf 90' lang='lat' dir='ltr'>in</span> <span class='ocrx_word' id='word_1_150' title='bbox 1041 1840 1192 1895; x_wconf 89' lang='lat' dir='ltr'>hunc</span> <span class='ocrx_word' id='word_1_151' title='bbox 1219 1838 1386 1896; x_wconf 87' lang='lat' dir='ltr'>finem</span> <span class='ocrx_word' id='word_1_152' title='bbox 1412 1838 1724 1895; x_wconf 88' lang='lat' dir='ltr'>coadunata</span> <span class='ocrx_word' id='word_1_153' title='bbox 1749 1844 1812 1896; x_wconf 90' lang='lat' dir='ltr'>ut</span> <span class='ocrx_word' id='word_1_154' title='bbox 1837 1837 1986 1894; x_wconf 91' lang='lat' dir='ltr'>circa</span> <span class='ocrx_word' id='word_1_155' title='bbox 2004 1835 2167 1893; x_wconf 91' lang='lat' dir='ltr'>fidem</span> 
     </span>
     <span class='ocr_line' id='line_1_19' title="bbox 242 1935 2169 2013; baseline -0.002 -19"><span class='ocrx_word' id='word_1_156' title='bbox 242 1939 330 1996; x_wconf 80' lang='lat' dir='ltr'>vel</span> <span class='ocrx_word' id='word_1_157' title='bbox 366 1939 619 2013; x_wconf 86' lang='lat' dir='ltr'>regimen</span> <span class='ocrx_word' id='word_1_158' title='bbox 669 1938 984 1995; x_wconf 83' lang='lat' dir='ltr'>deliberent</span> <span class='ocrx_word' id='word_1_159' title='bbox 1027 1958 1090 1995; x_wconf 86' lang='lat' dir='ltr'>ac</span> <span class='ocrx_word' id='word_1_160' title='bbox 1132 1940 1462 2010; x_wconf 83' lang='lat' dir='ltr'>decernant,</span> <span class='ocrx_word' id='word_1_161' title='bbox 1516 1938 1727 1995; x_wconf 87' lang='lat' dir='ltr'>dicitur</span> <span class='ocrx_word' id='word_1_162' title='bbox 1760 1944 1814 1996; x_wconf 88' lang='lat' dir='ltr'>et</span> <span class='ocrx_word' id='word_1_163' title='bbox 1858 1936 1968 1994; x_wconf 91' lang='lat' dir='ltr'>dici</span> <span class='ocrx_word' id='word_1_164' title='bbox 2008 1935 2169 1993; x_wconf 82' lang='lat' dir='ltr'>debet</span> 
     </span>
     <span class='ocr_line' id='line_1_20' title="bbox 246 2034 2170 2109; baseline -0.004 -13"><span class='ocrx_word' id='word_1_165' title='bbox 246 2041 541 2096; x_wconf 76' lang='lat' dir='ltr'>concilium.</span> <span class='ocrx_word' id='word_1_166' title='bbox 572 2072 640 2081; x_wconf 91' lang='lat'>—-</span> <span class='ocrx_word' id='word_1_167' title='bbox 674 2038 857 2109; x_wconf 75' lang='lat' dir='ltr'>Sex10,</span> <span class='ocrx_word' id='word_1_168' title='bbox 902 2038 1211 2095; x_wconf 87' lang='lat' dir='ltr'>concilium</span> <span class='ocrx_word' id='word_1_169' title='bbox 1248 2037 1357 2094; x_wconf 90' lang='lat' dir='ltr'>dici</span> <span class='ocrx_word' id='word_1_170' title='bbox 1402 2038 1589 2109; x_wconf 87' lang='lat' dir='ltr'>debet,</span> <span class='ocrx_word' id='word_1_171' title='bbox 1628 2045 1681 2094; x_wconf 90' lang='lat' dir='ltr'>et</span> <span class='ocrx_word' id='word_1_172' title='bbox 1724 2055 1918 2094; x_wconf 87' lang='lat' dir='ltr'>revera</span> <span class='ocrx_word' id='word_1_173' title='bbox 1965 2034 2170 2092; x_wconf 88' lang='lat' dir='ltr'>dicitur</span> 
     </span>
     <span class='ocr_line' id='line_1_21' title="bbox 241 2135 2170 2214; baseline -0.003 -20"><span class='ocrx_word' id='word_1_174' title='bbox 241 2138 509 2214; x_wconf 72' lang='lat' dir='ltr'>yenerale,</span> <span class='ocrx_word' id='word_1_175' title='bbox 556 2137 782 2211; x_wconf 89' lang='lat' dir='ltr'>quando</span> <span class='ocrx_word' id='word_1_176' title='bbox 819 2144 1189 2210; x_wconf 66' lang='lat' dir='ltr'>repraesentat,</span> <span class='ocrx_word' id='word_1_177' title='bbox 1225 2135 1283 2191; x_wconf 92' lang='lat' dir='ltr'>id</span> <span class='ocrx_word' id='word_1_178' title='bbox 1325 2143 1428 2205; x_wconf 89' lang='lat' dir='ltr'>est,</span> <span class='ocrx_word' id='word_1_179' title='bbox 1465 2144 1786 2210; x_wconf 67' lang='lat' dir='ltr'>praesentem</span> <span class='ocrx_word' id='word_1_180' title='bbox 1816 2135 1907 2191; x_wconf 89' lang='lat' dir='ltr'>hic</span> <span class='ocrx_word' id='word_1_181' title='bbox 1934 2140 1986 2191; x_wconf 88' lang='lat' dir='ltr'>et</span> <span class='ocrx_word' id='word_1_182' title='bbox 2017 2150 2170 2190; x_wconf 91' lang='lat' dir='ltr'>nunc</span> 
     </span>
     <span class='ocr_line' id='line_1_22' title="bbox 242 2234 2246 2334; baseline -0.002 -42"><span class='ocrx_word' id='word_1_183' title='bbox 242 2238 396 2309; x_wconf 78' lang='lat' dir='ltr'>facit,</span> <span class='ocrx_word' id='word_1_184' title='bbox 428 2236 750 2293; x_wconf 61' lang='grc' dir='ltr'>υηίκθΐεειη]</span> <span class='ocrx_word' id='word_1_185' title='bbox 785 2235 1076 2292; x_wconf 77' lang='lat' dir='ltr'>moialiter</span> <span class='ocrx_word' id='word_1_186' title='bbox 1111 2234 1421 2291; x_wconf 88' lang='lat' dir='ltr'>Ecclesiam</span> <span class='ocrx_word' id='word_1_187' title='bbox 1454 2234 1749 2291; x_wconf 91' lang='lat' dir='ltr'>docentem</span> <span class='ocrx_word' id='word_1_188' title='bbox 1777 2239 1830 2291; x_wconf 88' lang='lat' dir='ltr'>et</span> <span class='ocrx_word' id='word_1_189' title='bbox 1859 2236 2224 2334; x_wconf 24' lang='lat' dir='ltr'>regentem&amp;</span> <span class='ocrx_word' id='word_1_190' title='bbox 2241 2294 2246 2298; x_wconf 82' lang='lat'>.</span> 
     </span>
     <span class='ocr_line' id='line_1_23' title="bbox 241 2310 2230 2410; baseline 0 -21"><span class='ocrx_word' id='word_1_191' title='bbox 241 2335 542 2392; x_wconf 77' lang='lat' dir='ltr'>videlicet:</span> <span class='ocrx_word' id='word_1_192' title='bbox 574 2334 730 2391; x_wconf 90' lang='lat' dir='ltr'>illius</span> <span class='ocrx_word' id='word_1_193' title='bbox 756 2334 1013 2392; x_wconf 80' lang='lat' dir='ltr'>Ecclesiae</span> <span class='ocrx_word' id='word_1_194' title='bbox 1036 2333 1284 2392; x_wconf 87' lang='lat' dir='ltr'>docentis</span> <span class='ocrx_word' id='word_1_195' title='bbox 1314 2339 1367 2390; x_wconf 86' lang='lat' dir='ltr'>et</span> <span class='ocrx_word' id='word_1_196' title='bbox 1392 2333 1638 2408; x_wconf 88' lang='lat' dir='ltr'>regentis</span> <span class='ocrx_word' id='word_1_197' title='bbox 1664 2339 1832 2410; x_wconf 86' lang='lat' dir='ltr'>caput</span> <span class='ocrx_word' id='word_1_198' title='bbox 1857 2310 2219 2391; x_wconf 88' lang='lat' dir='ltr'>Romanum</span> <span class='ocrx_word' id='word_1_199' title='bbox 2195 2379 2230 2406; x_wconf 24' lang='lat'>&gt;5</span> 
     </span>
     <span class='ocr_line' id='line_1_24' title="bbox 240 2429 2198 2517; baseline -0.002 -24"><span class='ocrx_word' id='word_1_200' title='bbox 240 2435 587 2507; x_wconf 79' lang='lat' dir='ltr'>Pontificem,</span> <span class='ocrx_word' id='word_1_201' title='bbox 641 2441 695 2493; x_wconf 88' lang='lat' dir='ltr'>et</span> <span class='ocrx_word' id='word_1_202' title='bbox 743 2436 882 2493; x_wconf 88' lang='lat' dir='ltr'>alios</span> <span class='ocrx_word' id='word_1_203' title='bbox 924 2435 1260 2510; x_wconf 83' lang='lat' dir='ltr'>generaliter</span> <span class='ocrx_word' id='word_1_204' title='bbox 1313 2434 1637 2517; x_wconf 87' lang='lat' dir='ltr'>Episcopos.</span> <span class='ocrx_word' id='word_1_205' title='bbox 1682 2468 1754 2476; x_wconf 94' lang='lat'>—-</span> <span class='ocrx_word' id='word_1_206' title='bbox 1797 2435 2056 2510; x_wconf 78' lang='lat' dir='ltr'>Septima,</span> <span class='ocrx_word' id='word_1_207' title='bbox 2102 2429 2198 2491; x_wconf 89' lang='lat' dir='ltr'>ad</span> 
     </span>
     <span class='ocr_line' id='line_1_25' title="bbox 242 2535 2229 2612; baseline -0.001 -18"><span class='ocrx_word' id='word_1_208' title='bbox 242 2537 549 2594; x_wconf 85' lang='lat' dir='ltr'>essentiam</span> <span class='ocrx_word' id='word_1_209' title='bbox 587 2536 870 2612; x_wconf 89' lang='lat' dir='ltr'>generalis</span> <span class='ocrx_word' id='word_1_210' title='bbox 907 2536 1134 2593; x_wconf 87' lang='lat' dir='ltr'>concilii</span> <span class='ocrx_word' id='word_1_211' title='bbox 1169 2555 1283 2593; x_wconf 89' lang='lat' dir='ltr'>non</span> <span class='ocrx_word' id='word_1_212' title='bbox 1312 2535 1625 2609; x_wconf 86' lang='lat' dir='ltr'>requiritur</span> <span class='ocrx_word' id='word_1_213' title='bbox 1659 2542 1722 2592; x_wconf 91' lang='lat' dir='ltr'>ut</span> <span class='ocrx_word' id='word_1_214' title='bbox 1762 2535 1821 2592; x_wconf 92' lang='lat' dir='ltr'>in</span> <span class='ocrx_word' id='word_1_215' title='bbox 1863 2555 1925 2593; x_wconf 92' lang='lat' dir='ltr'>eo</span> <span class='ocrx_word' id='word_1_216' title='bbox 1970 2552 2165 2612; x_wconf 86' lang='lat' dir='ltr'>reprae-</span> <span class='ocrx_word' id='word_1_217' title='bbox 2227 2559 2229 2562; x_wconf 94' lang='lat'>·</span> 
     </span>
     <span class='ocr_line' id='line_1_26' title="bbox 245 2621 2227 2712; baseline 0.001 -19"><span class='ocrx_word' id='word_1_218' title='bbox 245 2642 523 2707; x_wconf 88' lang='lat' dir='ltr'>sentetur,</span> <span class='ocrx_word' id='word_1_219' title='bbox 566 2655 666 2693; x_wconf 90' lang='lat' dir='ltr'>seu</span> <span class='ocrx_word' id='word_1_220' title='bbox 704 2654 954 2712; x_wconf 69' lang='lat' dir='ltr'>praesens</span> <span class='ocrx_word' id='word_1_221' title='bbox 986 2635 1102 2706; x_wconf 86' lang='lat' dir='ltr'>fiat,</span> <span class='ocrx_word' id='word_1_222' title='bbox 1144 2634 1482 2709; x_wconf 85' lang='lat' dir='ltr'>generalitas</span> <span class='ocrx_word' id='word_1_223' title='bbox 1509 2634 1765 2692; x_wconf 70' lang='lat' dir='ltr'>Ecclesiae</span> <span class='ocrx_word' id='word_1_224' title='bbox 1796 2652 1919 2708; x_wconf 83' lang='lat' dir='ltr'>quae</span> <span class='ocrx_word' id='word_1_225' title='bbox 1957 2634 2166 2690; x_wconf 81' lang='lat' dir='ltr'>docetur</span> <span class='ocrx_word' id='word_1_226' title='bbox 2223 2621 2227 2694; x_wconf 54' lang='grc'>’,</span> 
     </span>
     <span class='ocr_line' id='line_1_27' title="bbox 244 2731 2227 2810; baseline -0.002 -18"><span class='ocrx_word' id='word_1_227' title='bbox 244 2743 295 2792; x_wconf 79' lang='lat' dir='ltr'>ct</span> <span class='ocrx_word' id='word_1_228' title='bbox 335 2738 552 2810; x_wconf 69' lang='lat' dir='ltr'>reyitur.</span> <span class='ocrx_word' id='word_1_229' title='bbox 589 2735 726 2792; x_wconf 90' lang='lat' dir='ltr'>Cum</span> <span class='ocrx_word' id='word_1_230' title='bbox 756 2736 908 2792; x_wconf 90' lang='lat' dir='ltr'>enim</span> <span class='ocrx_word' id='word_1_231' title='bbox 947 2734 1187 2804; x_wconf 70' lang='lat' dir='ltr'>voluerit</span> <span class='ocrx_word' id='word_1_232' title='bbox 1224 2733 1478 2791; x_wconf 84' lang='lat' dir='ltr'>Christus</span> <span class='ocrx_word' id='word_1_233' title='bbox 1510 2733 1618 2790; x_wconf 88' lang='lat' dir='ltr'>ista</span> <span class='ocrx_word' id='word_1_234' title='bbox 1653 2734 1842 2791; x_wconf 90' lang='lat' dir='ltr'>omnia</span> <span class='ocrx_word' id='word_1_235' title='bbox 1885 2731 2183 2807; x_wconf 62' lang='lat' dir='ltr'>societatis,</span> <span class='ocrx_word' id='word_1_236' title='bbox 2212 2774 2227 2807; x_wconf 57' lang='lat'><em>5</em></span> 
     </span>
     <span class='ocr_line' id='line_1_28' title="bbox 243 2823 2207 2909; baseline -0.003 -16"><span class='ocrx_word' id='word_1_237' title='bbox 243 2854 361 2893; x_wconf 86' lang='lat' dir='ltr'>suae</span> <span class='ocrx_word' id='word_1_238' title='bbox 388 2835 644 2891; x_wconf 88' lang='lat' dir='ltr'>membra</span> <span class='ocrx_word' id='word_1_239' title='bbox 690 2834 901 2908; x_wconf 89' lang='lat' dir='ltr'>doceri,</span> <span class='ocrx_word' id='word_1_240' title='bbox 937 2853 1050 2890; x_wconf 91' lang='lat' dir='ltr'>non</span> <span class='ocrx_word' id='word_1_241' title='bbox 1077 2835 1303 2907; x_wconf 86' lang='lat' dir='ltr'>docere,</span> <span class='ocrx_word' id='word_1_242' title='bbox 1333 2833 1475 2908; x_wconf 87' lang='lat' dir='ltr'>regi,</span> <span class='ocrx_word' id='word_1_243' title='bbox 1514 2852 1626 2891; x_wconf 92' lang='lat' dir='ltr'>non</span> <span class='ocrx_word' id='word_1_244' title='bbox 1657 2853 1870 2909; x_wconf 88' lang='lat' dir='ltr'>regere,</span> <span class='ocrx_word' id='word_1_245' title='bbox 1907 2834 2013 2891; x_wconf 93' lang='lat' dir='ltr'>hoc</span> <span class='ocrx_word' id='word_1_246' title='bbox 2045 2832 2160 2909; x_wconf 89' lang='lat' dir='ltr'>ipso</span> <span class='ocrx_word' id='word_1_247' title='bbox 2183 2823 2207 2863; x_wconf 50' lang='lat'>&#39;³³</span> 
     </span>
     <span class='ocr_line' id='line_1_29' title="bbox 239 2933 2162 3010; baseline 0 -18"><span class='ocrx_word' id='word_1_248' title='bbox 239 2936 337 2994; x_wconf 91' lang='lat' dir='ltr'>illa</span> <span class='ocrx_word' id='word_1_249' title='bbox 360 2935 599 2994; x_wconf 80' lang='lat' dir='ltr'>exclusit</span> <span class='ocrx_word' id='word_1_250' title='bbox 630 2954 660 2991; x_wconf 91' lang='lat' dir='ltr'>a</span> <span class='ocrx_word' id='word_1_251' title='bbox 687 2939 857 3007; x_wconf 80' lang='lat' dir='ltr'>coetu,</span> <span class='ocrx_word' id='word_1_252' title='bbox 895 2934 984 2992; x_wconf 88' lang='lat' dir='ltr'>cui</span> <span class='ocrx_word' id='word_1_253' title='bbox 1011 2935 1247 2992; x_wconf 88' lang='lat' dir='ltr'>docendi</span> <span class='ocrx_word' id='word_1_254' title='bbox 1267 2940 1321 2992; x_wconf 89' lang='lat' dir='ltr'>et</span> <span class='ocrx_word' id='word_1_255' title='bbox 1347 2935 1580 3010; x_wconf 88' lang='lat' dir='ltr'>regendi</span> <span class='ocrx_word' id='word_1_256' title='bbox 1611 2935 1862 2993; x_wconf 87' lang='lat' dir='ltr'>officium</span> <span class='ocrx_word' id='word_1_257' title='bbox 1890 2933 2162 2993; x_wconf 81' lang='lat' dir='ltr'>exclusive</span> 
     </span>
     <span class='ocr_line' id='line_1_30' title="bbox 241 3031 2160 3112; baseline -0.003 -17"><span class='ocrx_word' id='word_1_258' title='bbox 241 3037 553 3095; x_wconf 88' lang='lat' dir='ltr'>commisit.</span> <span class='ocrx_word' id='word_1_259' title='bbox 586 3036 740 3092; x_wconf 88' lang='lat' dir='ltr'>Unde</span> <span class='ocrx_word' id='word_1_260' title='bbox 773 3035 907 3092; x_wconf 85' lang='lat' dir='ltr'>licet</span> <span class='ocrx_word' id='word_1_261' title='bbox 934 3035 1157 3092; x_wconf 84' lang='lat' dir='ltr'>admitti</span> <span class='ocrx_word' id='word_1_262' title='bbox 1186 3034 1407 3112; x_wconf 88' lang='lat' dir='ltr'>possint</span> <span class='ocrx_word' id='word_1_263' title='bbox 1437 3035 1495 3091; x_wconf 94' lang='lat' dir='ltr'>in</span> <span class='ocrx_word' id='word_1_264' title='bbox 1539 3035 1788 3110; x_wconf 87' lang='lat' dir='ltr'>generali</span> <span class='ocrx_word' id='word_1_265' title='bbox 1828 3035 2041 3111; x_wconf 75' lang='lat' dir='ltr'>synodo</span> <span class='ocrx_word' id='word_1_266' title='bbox 2068 3031 2160 3091; x_wconf 71' lang='lat' dir='ltr'>ali&#39;-</span> 
     </span>
     <span class='ocr_line' id='line_1_31' title="bbox 242 3133 2160 3218; baseline -0.002 -23"><span class='ocrx_word' id='word_1_267' title='bbox 242 3138 340 3214; x_wconf 90' lang='lat' dir='ltr'>qui</span> <span class='ocrx_word' id='word_1_268' title='bbox 366 3138 520 3209; x_wconf 87' lang='lat' dir='ltr'>laici,</span> <span class='ocrx_word' id='word_1_269' title='bbox 555 3155 852 3211; x_wconf 87' lang='lat' dir='ltr'>nunquam</span> <span class='ocrx_word' id='word_1_270' title='bbox 878 3142 1070 3193; x_wconf 90' lang='lat' dir='ltr'>tamen</span> <span class='ocrx_word' id='word_1_271' title='bbox 1106 3143 1378 3211; x_wconf 85' lang='lat' dir='ltr'>tanquam</span> <span class='ocrx_word' id='word_1_272' title='bbox 1412 3137 1666 3194; x_wconf 89' lang='lat' dir='ltr'>membra</span> <span class='ocrx_word' id='word_1_273' title='bbox 1701 3136 1946 3218; x_wconf 85' lang='lat' dir='ltr'>concilii.</span> <span class='ocrx_word' id='word_1_274' title='bbox 1973 3170 2044 3180; x_wconf 94' lang='lat'>—</span> <span class='ocrx_word' id='word_1_275' title='bbox 2071 3133 2160 3193; x_wconf 81' lang='lat' dir='ltr'>Oc·</span> 
     </span>
     <span class='ocr_line' id='line_1_32' title="bbox 240 3236 2159 3314; baseline -0.002 -20"><span class='ocrx_word' id='word_1_276' title='bbox 240 3247 383 3310; x_wconf 85' lang='lat' dir='ltr'>tav0,</span> <span class='ocrx_word' id='word_1_277' title='bbox 421 3257 554 3296; x_wconf 88' lang='lat' dir='ltr'>eum</span> <span class='ocrx_word' id='word_1_278' title='bbox 591 3236 855 3295; x_wconf 86' lang='lat' dir='ltr'>nocivum</span> <span class='ocrx_word' id='word_1_279' title='bbox 887 3236 1033 3295; x_wconf 80' lang='lat' dir='ltr'>soret</span> <span class='ocrx_word' id='word_1_280' title='bbox 1068 3256 1265 3295; x_wconf 90' lang='lat' dir='ltr'>omnes</span> <span class='ocrx_word' id='word_1_281' title='bbox 1302 3236 1532 3295; x_wconf 91' lang='lat' dir='ltr'>omnino</span> <span class='ocrx_word' id='word_1_282' title='bbox 1571 3237 1872 3314; x_wconf 88' lang='lat' dir='ltr'>Episcopos</span> <span class='ocrx_word' id='word_1_283' title='bbox 1903 3236 2159 3294; x_wconf 88' lang='lat' dir='ltr'>dioeceses</span> 
     </span>
     <span class='ocr_line' id='line_1_33' title="bbox 242 3333 2157 3413; baseline -0.001 -19"><span class='ocrx_word' id='word_1_284' title='bbox 242 3358 375 3396; x_wconf 83' lang='lat' dir='ltr'>suas</span> <span class='ocrx_word' id='word_1_285' title='bbox 422 3337 818 3413; x_wconf 86' lang='lat' dir='ltr'>derelinquere</span> <span class='ocrx_word' id='word_1_286' title='bbox 864 3341 927 3394; x_wconf 86' lang='lat' dir='ltr'>ut</span> <span class='ocrx_word' id='word_1_287' title='bbox 973 3337 1041 3396; x_wconf 91' lang='lat' dir='ltr'>ad</span> <span class='ocrx_word' id='word_1_288' title='bbox 1085 3336 1392 3398; x_wconf 87' lang='lat' dir='ltr'>concilium</span> <span class='ocrx_word' id='word_1_289' title='bbox 1431 3342 1686 3413; x_wconf 86' lang='lat' dir='ltr'>pergant,</span> <span class='ocrx_word' id='word_1_290' title='bbox 1733 3355 1837 3394; x_wconf 89' lang='lat' dir='ltr'>nec</span> <span class='ocrx_word' id='word_1_291' title='bbox 1878 3337 1949 3394; x_wconf 87' lang='lat' dir='ltr'>sit</span> <span class='ocrx_word' id='word_1_292' title='bbox 1995 3333 2157 3394; x_wconf 86' lang='lat' dir='ltr'>etiam</span> 
     </span>
     <span class='ocr_line' id='line_1_34' title="bbox 242 3435 2200 3516; baseline -0.001 -21"><span class='ocrx_word' id='word_1_293' title='bbox 242 3439 534 3512; x_wconf 90' lang='lat' dir='ltr'>possibile,</span> <span class='ocrx_word' id='word_1_294' title='bbox 565 3438 767 3496; x_wconf 88' lang='lat' dir='ltr'>merito</span> <span class='ocrx_word' id='word_1_295' title='bbox 803 3438 1182 3510; x_wconf 89' lang='lat' dir='ltr'>concluditur,</span> <span class='ocrx_word' id='word_1_296' title='bbox 1210 3444 1264 3496; x_wconf 89' lang='lat' dir='ltr'>et</span> <span class='ocrx_word' id='word_1_297' title='bbox 1297 3444 1566 3516; x_wconf 88' lang='lat' dir='ltr'>perpetua</span> <span class='ocrx_word' id='word_1_298' title='bbox 1596 3444 1825 3514; x_wconf 88' lang='lat' dir='ltr'>patrum</span> <span class='ocrx_word' id='word_1_299' title='bbox 1857 3435 2158 3496; x_wconf 84' lang='lat' dir='ltr'>traditione</span> <span class='ocrx_word' id='word_1_300' title='bbox 2198 3459 2200 3462; x_wconf 57' lang='grc'>’</span> 
     </span>
     <span class='ocr_line' id='line_1_35' title="bbox 243 3532 2158 3614; baseline 0 -23"><span class='ocrx_word' id='word_1_301' title='bbox 243 3539 631 3609; x_wconf 85' lang='lat' dir='ltr'>confirmatur,</span> <span class='ocrx_word' id='word_1_302' title='bbox 667 3540 737 3597; x_wconf 91' lang='lat' dir='ltr'>ad</span> <span class='ocrx_word' id='word_1_303' title='bbox 774 3536 1003 3614; x_wconf 88' lang='lat' dir='ltr'>plenam</span> <span class='ocrx_word' id='word_1_304' title='bbox 1036 3537 1433 3596; x_wconf 88' lang='lat' dir='ltr'>auctoritatem</span> <span class='ocrx_word' id='word_1_305' title='bbox 1475 3538 1735 3612; x_wconf 76' lang='lat' dir='ltr'>qeneralis</span> <span class='ocrx_word' id='word_1_306' title='bbox 1760 3538 1959 3595; x_wconf 79' lang='lat' dir='ltr'>concilii</span> <span class='ocrx_word' id='word_1_307' title='bbox 2007 3532 2158 3592; x_wconf 88' lang='lat' dir='ltr'>suffi-</span> 
     </span>
     <span class='ocr_line' id='line_1_36' title="bbox 241 3619 2151 3715; baseline -0.001 -26"><span class='ocrx_word' id='word_1_308' title='bbox 241 3650 388 3707; x_wconf 85' lang='lat' dir='ltr'>cere,</span> <span class='ocrx_word' id='word_1_309' title='bbox 418 3636 486 3705; x_wconf 87' lang='lat' dir='ltr'>si,</span> <span class='ocrx_word' id='word_1_310' title='bbox 530 3636 743 3695; x_wconf 81' lang='lat' dir='ltr'>vocatis</span> <span class='ocrx_word' id='word_1_311' title='bbox 777 3638 1042 3696; x_wconf 87' lang='lat' dir='ltr'>omnibus</span> <span class='ocrx_word' id='word_1_312' title='bbox 1077 3637 1388 3715; x_wconf 81' lang='lat' dir='ltr'>EpiscopiS,</span> <span class='ocrx_word' id='word_1_313' title='bbox 1434 3634 1600 3693; x_wconf 90' lang='lat' dir='ltr'>multi</span> <span class='ocrx_word' id='word_1_314' title='bbox 1636 3634 1990 3706; x_wconf 80' lang='lat' dir='ltr'>conveniant,</span> <span class='ocrx_word' id='word_1_315' title='bbox 2024 3619 2151 3690; x_wconf 84' lang='lat' dir='ltr'>cum</span> 
     </span>
    </p>
   </div>
   <div class='ocr_carea' id='block_1_3' title="bbox 2179 2335 2232 2834">
    <p class='ocr_par' dir='ltr' id='par_1_5' title="bbox 2179 2335 2232 2834">
     <span class='ocr_line' id='line_1_37' title="bbox 2179 2335 2232 2834; baseline 0 1156"><span class='ocrx_word' id='word_1_316' title='bbox 2179 2335 2232 2834; x_wconf 95' lang='lat' dir='ltr'> </span> 
     </span>
    </p>
   </div>
  </div>
 </body>
</html>
