2262 3990
245 155 334 203 618
916 142 1212 191 TRA‘CTATUS
1243 143 1309 191 ΠΕ
1339 143 1491 193 ΡΑΡΑ,

245 260 327 316 nii
354 256 519 325 1714,
553 252 623 308 de
651 247 848 307 eodem
867 247 1202 305 formulario
1223 249 1427 324 gallice
1447 251 1699 327 scripsit,
1725 254 1900 314 latine
1916 257 2009 316 hic
2023 260 2153 320 sub·

236 358 410 430 jicere
444 373 454 405 :
487 373 513 403 «
538 348 783 419 Utinam,
811 347 1022 424 inquit,
1043 354 1231 406 actum
1261 355 1379 406 tam
1410 351 1746 423 solemnem,
1774 371 1884 427 quo
1898 355 2149 437 Episcopi

238 447 581 509 schismatici
611 449 681 505 ad
727 447 1004 504 unitatem
1049 446 1331 519 redibant,
1381 465 1547 506 nemo
1588 450 1822 525 accipiat
1878 458 2162 528 tanquam,

235 568 371 622 vaga
398 556 451 607 et
476 548 793 624 ampullosa
822 548 1010 605 inanis
1037 548 1295 622 obsequii
1314 549 1506 622 verba,
1537 568 1661 624 quae
1683 550 1829 607 nihil
1854 553 2162 628 praecisum.

234 668 297 706 ac
342 648 558 706 serium
607 647 946 722 significent.
987 647 1185 722 Agitur
1239 647 1333 705 hic
1377 649 1446 706 de
1489 649 1868 725 promissione
1902 652 2024 710 Filii
2061 656 2150 718 Dei

233 754 424 805 sancto
449 749 607 805 Petro
634 747 801 816 facta,
820 765 943 822 quae
967 748 1199 821 quotidie
1221 749 1349 822 ipsis
1370 767 1546 805 rerum
1566 750 1828 823 probat-ur
1851 751 2144 824 effectibus.

231 849 470 915 Quinam
522 865 649 904 vero
681 854 813 904 sunt
858 848 1136 922 ejusmodi
1184 850 1447 922 effectus?
1478 848 1536 904 Id
1582 854 1690 922 est,
1745 850 1879 924 quia
1924 854 1975 909 in
2019 852 2149 915 Sede

232 947 523 1022 apostolica
546 945 866 1003 «inviolabilis
890 965 946 1002 se
969 965 1100 1019 uper
1125 947 1383 1004 catholica
1415 948 1709 1004 custoditur
1735 949 1936 1024 reliqae‘O.
1959 950 2016 1006 ld
2045 958 2144 1023 est,

231 1048 364 1122 quia
405 1049 524 1104 haec
569 1046 839 1117 Ecclesia,
881 1053 942 1103 ut
973 1045 1273 1103 audiemus
1303 1065 1369 1104 ex
1413 1048 1684 1104 Bossueto
1715 1048 1988 1125 Episcopo
2025 1050 2146 1110 Mel-

233 1147 416 1218 densi,
438 1165 646 1220 semper
673 1153 749 1202 est
772 1148 938 1219 vir90,
967 1164 1176 1220 semper
1203 1147 1393 1203 Petrus
1420 1147 1661 1222 loquetur
1679 1151 1733 1205 in
1751 1167 1849 1206 sua
1877 1151 2144 1227 cathedra,

233 1255 281 1303 et
310 1248 552 1304 Romana
586 1248 717 1321 fides
749 1264 955 1319 semper
1004 1254 1082 1301 est
1117 1247 1250 1319 fides
1292 1247 1561 1304 Ecclesiae.
1596 1247 1655 1303 Id
1692 1255 1799 1318 est,
1842 1251 2066 1323 quando
2093 1251 2147 1311 in

230 1347 351 1421 ejus
377 1344 777 1404 communione
807 1344 934 1418 quis
975 1350 1192 1414 manet,
1224 1345 1505 1420 integram
1550 1352 1603 1403 et
1634 1347 1935 1422 perfectam
1967 1349 2147 1408 solidi·

233 1453 403 1502 tatem
451 1445 773 1501 christianae
814 1443 1102 1517 religionis
1130 1450 1305 1501 tenet.
1340 1445 1399 1500 ld
1433 1452 1539 1517 est,
1568 1447 1714 1502 nihil
1750 1447 1979 1505 differre
2007 1448 2147 1507 inter

228 1563 323 1601 eos
357 1544 452 1619 qui
480 1543 776 1619 privantur
801 1544 1201 1600 communione
1223 1543 1481 1601 Ecclesiae
1512 1546 1827 1616 catholicae,
1858 1549 1910 1603 et
1932 1565 2025 1603 eos
2053 1547 2145 1622 qui

224 1646 503 1702 sententiis
530 1663 635 1700 non
667 1646 997 1700 consentiunt
1019 1646 1229 1700 omnino
1253 1661 1382 1700 curn
1417 1645 1610 1702 eadem
1635 1645 1795 1702 Sede.
1822 1643 1999 1704 Immo
2028 1646 2147 1720 qui-

225 1763 471 1818 cumque
490 1744 826 1802 contradicit
847 1744 1108 1800 Romanae
1131 1743 1284 1818 fidei,
1299 1762 1422 1819 quae
1449 1750 1530 1802 est
1546 1752 1806 1802 centrum
1822 1745 2142 1805 traditionis

223 1845 567 1917 communis,
590 1845 923 1902 contradicit
954 1845 1247 1902 traditioni
1267 1846 1441 1902 totius
1461 1846 1735 1904 Ecclesiae.
1761 1846 1996 1904 Econtra
2026 1846 2146 1923 qui·
2214 1885 2218 1888 -

222 1962 468 2017 cumque
482 1944 681 1999 unitur
700 1944 968 2000 doctrinae
985 1945 1154 2018 hujus
1181 1945 1436 2001 Ecclesiae
1457 1964 1681 2021 semper
1702 1946 1963 2020 virginiS,
1983 1964 2140 2004 suam

222 2043 389 2098 tidem
439 2042 584 2099 nulli
620 2040 938 2098 discrimini
990 2043 1236 2117 exponit.
1286 2043 1412 2100 Ilaec
1445 2044 1752 2118 promissio
1780 2046 2144 2118 quantumvis

221 2142 497 2211 absoluta,
532 2141 678 2197 nihil
708 2141 1103 2211 temerarium,
1148 2142 1291 2198 nihil
1322 2143 1651 2199 exorbitans
1699 2143 1943 2200 continet
1972 2145 2146 2202 relate

222 2241 289 2297 ad
317 2240 618 2316 Episcopos
648 2240 824 2314 ipSOS,
863 2240 961 2314 qui
990 2241 1059 2297 ad
1099 2241 1222 2314 ejus
1257 2241 1733 2316 subscriptionem
1777 2243 2140 2315 cogebantur,

222 2347 282 2396 ut
311 2340 368 2395 in
394 2340 858 2396 communionem
878 2342 1284 2416 reciperentur.
1309 2342 1501 2398 Cavete
1527 2341 1723 2415 igitur,
1753 2341 1952 2399 fratres
1977 2342 2142 2400 dilec-
2188 2402 2193 2407 ,
2243 2326 2245 2329 ’

225 2439 455 2512 tissimi,
489 2458 558 2496 ne
578 2439 693 2495 illis
716 2440 1016 2515 praebeatis
1046 2459 1237 2513 aures,
1276 2441 1380 2497 hoc
1402 2440 1799 2497 formularium
1831 2442 1988 2517 Papae
2015 2428 2164 2500 Hor-⁸

223 2539 441 2610 misdae,
475 2540 689 2596 factum
723 2547 788 2597 ut
819 2541 1091 2598 afferetur
1117 2539 1437 2598 remedium
1474 2541 1767 2598 schismati
1797 2542 2005 2616 Aeacii,
2032 2559 2139 2600 non

222 2640 399 2698 fuisse
436 2640 547 2697 nisi
598 2640 1009 2715 temporarium
1039 2641 1198 2698 Sedis
1246 2641 1509 2698 Romanae
1551 2648 1840 2699 conatum.
1873 2643 1993 2699 Haec
2027 2648 2137 2701 tam

221 2740 480 2816 explicita
533 2740 661 2798 fidei
718 2741 989 2816 professio
1048 2742 1118 2799 ob
1183 2742 1486 2811 unitatem,
1542 2749 1806 2801 renovata
1873 2743 1980 2800 fuit
2038 2743 2137 2801 suh

220 2839 465 2895 Adriano
502 2839 618 2898 ΙΙ...
652 2845 705 2895 et
732 2840 1044 2897 universim
1082 2840 1190 2896 fuit
1225 2840 1531 2916 approbata
1571 2840 1631 2897 in
1678 2847 1869 2897 octavo
1896 2839 2146 2914 generali

220 2938 530 2995 concili0...
562 2938 812 3013 Quisque
857 2937 1161 3015 Episcopus
1207 2939 1265 2994 in
1297 2956 1360 2996 ea
1394 2939 1633 3015 spondet
1672 2957 1730 2996 se
1780 2958 1894 2996 non
1937 2939 2136 2999 disces-

221 3059 423 3096 surum
459 3059 718 3114 unquam
753 3059 783 3096 a
826 3041 934 3113 fide
968 3048 1014 3096 et
1043 3041 1305 3115 doctrina,
1343 3040 1440 3096 sed
1485 3048 1786 3097 secuturum
1825 3039 2136 3116 praesertim

223 3138 281 3193 in
313 3139 579 3194 omnibus
622 3139 909 3196 decisiones
948 3121 1187 3212 ejusdem·
1211 3138 1365 3196 Sedis
1394 3139 1787 3211 Pontificum...
1815 3139 1926 3195 Hac
1951 3136 2138 3196 condi·
2198 3211 2199 3214 Ἰ

221 3236 374 3295 tione
397 3232 658 3314 Episcopi
699 3239 769 3294 ad
805 3237 1087 3295 unitatem
1124 3238 1361 3296 rediere.
1403 3239 1512 3295 Hoc
1550 3238 1732 3319 pretio
1766 3238 1849 3294 illi
1876 3238 2023 3294 inter
2050 3255 2135 3293 ca-

223 3338 461 3396 tholicos
491 3338 756 3396 recensiti
783 3363 793 3408 ;
822 3338 945 3396 sine
963 3339 1068 3396 hac
1094 3339 1511 3416 subscriptione
1543 3357 1708 3404 nemo
1731 3357 1958 3414 sperare
1981 3343 2132 3414 pote-

223 3440 368 3492 terat
392 3436 580 3492 locum
609 3436 668 3492 in
703 3443 893 3493 octava
923 3436 1270 3493 oecumenica
1310 3436 1602 3511 synodo.»
1650 3451 1655 3456 ’

298 3534 583 3592 Pnorosmo
617 3538 718 3593 [Xa.
756 3571 825 3578 —
854 3536 1207 3594 Concluditnr
1239 3537 1404 3609 Papae
1434 3543 1726 3611 competere
1774 3536 2135 3591 auctoritatem

251 3649 390 3703 upra
429 3635 1055 3712 concilium-sine-Papa,
1098 3639 1155 3692 in
1191 3639 1416 3694 materia
1447 3638 1595 3708 fidei.
1630 3633 1943 3692 —,Etenim
1979 3637 2132 3688 ante-
