2262 3990
922 1010 1246 1099 NOTA

346 1238 399 1274 nt:
419 1233 574 1275 INSIGNI
598 1237 774 1282 runos,
798 1237 911 1275 NUNC
934 1236 1105 1273 TANDEM
1130 1235 1326 1280 omnem,
1351 1236 1432 1279 QUA
1454 1235 1602 1274 SANCTI
1625 1235 1807 1273 ΑΝῘῸΝΙΝ
1814 1237 1826 1273 1

838 1304 1016 1342 8111Πῶ
1042 1302 1344 1341 THEOLOGIGAE

199 1372 402 1411 INSERTUS
425 1372 501 1409 EST
527 1371 791 1410 TRAcrAws
816 1371 877 1408 DE
899 1370 1143 1413 CONCILIIS,
1168 1373 1194 1406 A
1217 1370 1458 1406 GALLICANIS
1479 1368 1708 1407 'russohoots
1732 1367 1974 1406 EuPuATlcE

274 1439 480 1477 ALLEGARI
501 1438 682 1485 SOEATUS,
713 1439 766 1476 AD
788 1438 1068 1475 DENEGANDAM
1092 1437 1262 1474 RouAM)
1285 1436 1487 1474 romu-'let
1509 1436 1902 1474 lNFALLlBILlTATEH

572 1507 625 1544 ET
647 1507 779 1545 SUPRA
799 1506 1019 1545 GENERALE
1039 1505 1257 1543 CONClLlUbl
1280 1505 1607 1543 AUCTORITATEM.

214 1964 508 2011 Indubitatam
529 1969 679 2010 sancto
702 1965 923 2010 Antonino
955 1963 1091 2009 fuisse
1109 1961 1334 2008 Pontificis
1356 1977 1407 2008 ex
1428 1963 1638 2009 cathedra
1658 1963 1913 2009 definientis
1936 1963 2012 2010 in·-

154 2039 394 2085 errantiam
413 2045 457 2084 et
476 2052 610 2097 supra
639 2038 878 2083 concilium
907 2038 1134 2097 quodlibet
1165 2038 1488 2089 auctoritatem,
1528 2037 1670 2096 logice
1698 2037 1999 2096 colligendum

154 2114 265 2160 soret
296 2127 321 2159 e
352 2113 556 2172 pluribus
587 2126 777 2172 operum
813 2113 953 2170 ipsius
984 2113 1109 2166 locis,
1150 2112 1236 2158 nisi
1271 2117 1559 2157 occurrerent
1583 2112 1720 2157 etiam
1747 2113 1820 2156 alii
1838 2117 2005 2166 textus,

155 2188 231 2247 qui
246 2187 512 2233 contrariam
531 2187 799 2232 sententiam
815 2187 1088 2244 exprimunt,
1104 2188 1194 2231 imo
1214 2187 1288 2246 qui
1305 2187 1497 2232 schisma
1517 2187 1695 2244 sapiunt
1706 2192 1749 2231 et
1769 2187 1994 2232 haeresim.

155 2260 380 2306 Habentur
401 2260 617 2318 ejusmodi
641 2266 786 2305 textus
820 2259 866 2304 in
894 2272 945 2303 ea
966 2265 1091 2316 parte
1113 2260 1309 2306 Summae
1334 2258 1586 2317 theoloqicae
1615 2274 1716 2319 quae
1747 2260 2009 2310 inscribitur

158 2336 388 2382 Tractatus
412 2334 465 2381 de
486 2336 700 2381 conciliis.
727 2334 939 2393 Equidem
963 2333 1227 2393 jamdudum
1247 2335 1410 2380 eruditi
1436 2335 1716 2381 adverterant
1755 2338 1870 2396 typis
1894 2339 2010 2385 edita

157 2408 298 2454 sancti
315 2405 521 2451 Antonini
542 2419 676 2464 opera
699 2419 801 2450 cum
830 2405 1144 2463 manuscriptis
1177 2419 1265 2451 non
1293 2406 1576 2452 concordare.
1609 2406 1658 2451 Et
1693 2420 1875 2466 aequum
1898 2418 2008 2466 erat,

157 2482 295 2527 dictos
315 2485 477 2532 textus,
517 2479 632 2525 sedis
661 2477 910 2536 apostolicae
947 2478 1194 2523 auctoritati
1222 2478 1524 2533 detrahentes,
1554 2479 1885 2539 interpolationi
1916 2487 2004 2531 tri-

159 2556 314 2602 buere.
343 2554 462 2607 Quod
493 2554 674 2612 insuper
699 2566 723 2598 e
747 2552 900 2599 multis
926 2553 1272 2598 circumstantiis
1297 2554 1509 2600 indirecte
1529 2555 1832 2614 colligebatur.
1861 2559 1911 2606 Ut
1930 2575 2015 2608 au-

158 2637 251 2678 tem
270 2631 433 2675 directe
457 2641 507 2673 ac
530 2627 663 2673 veluti
685 2627 973 2672 materialiter
994 2633 1115 2672 certa
1142 2628 1343 2673 exhiberi
1380 2635 1528 2686 posset
1563 2630 1676 2675 dicta
1705 2632 2003 2693 interpolatio,

157 2718 337 2751 necesse
364 2709 457 2748 erat
485 2701 671 2760 reperiri
703 2700 967 2759 primarium
989 2706 1176 2754 textum,
1204 2702 1437 2760 ipsiusmet
1460 2705 1603 2749 sancti
1627 2705 1831 2754 Praesulis
1862 2723 1998 2759 manu

152 2784 393 2826 exaratum.
415 2776 456 2823 Is
476 2789 607 2835 porro
627 2780 774 2820 textus
789 2774 968 2820 tandem
982 2775 1168 2821 feliciter
1187 2775 1395 2821 inventus
1412 2782 1501 2829 est;
1523 2783 1653 2836 prout
1672 2781 1836 2827 certior
1854 2783 1995 2832 tactus

153 2866 255 2900 sum
279 2851 463 2910 epistola
495 2850 685 2909 quadam
712 2849 798 2895 diei
830 2848 888 2892 25
918 2850 1108 2895 octobris
1136 2849 1267 2894 1868.
1305 2849 1448 2909 Nuper
1475 2852 1642 2898 scilicet
1666 2852 1914 2913 Florentiae,
1954 2861 2001 2906 in

154 2932 373 2974 conventu
397 2923 781 2969 Dominicanorum
802 2924 877 2983 qui
903 2937 927 2969 a
958 2929 1109 2970 sancto
1138 2922 1280 2969 Marco
1305 2931 1607 2983 nuncupatur,
1640 2935 1815 2986 reperta
1838 2937 1905 2979 est
1929 2934 2006 2981 diu

153 3001 339 3061 quaesita
362 2998 438 3043 illa
470 2998 739 3056 autographa
764 2997 957 3057 Operum
986 3000 1127 3045 sancti
1153 2999 1363 3044 Antonini
1398 3000 1592 3058 scriptio.
1626 3001 1797 3050 Inclusa
1830 3008 2006 3056 extabat

154 3077 201 3122 in
234 3075 362 3122 theca
410 3073 600 3132 quadam
646 3073 848 3132 sigillata,
889 3088 990 3133 quae
1027 3088 1051 3119 a
1095 3074 1299 3133 pluribus
1331 3075 1505 3121 saeculis
1539 3082 1693 3135 aperta
1727 3092 1817 3125 non
1848 3082 2014 3132 fuerat.

153 3150 369 3211 Equidem
402 3148 598 3193 insertus
629 3148 676 3193 in
705 3147 894 3193 Summa
929 3149 1166 3208 theoloqica
1203 3155 1406 3208 repertus
1447 3155 1513 3195 est
1556 3153 1837 3210 supradictus
1880 3159 2016 3206 Trac-

156 3233 275 3274 taeus
297 3224 350 3270 de
372 3224 593 3274 conciliis,·
622 3223 696 3269 sed
722 3228 924 3269 exaratus
944 3225 1038 3270 alia
1062 3238 1221 3279 manu,
1255 3225 1350 3271 alio
1375 3239 1564 3286 papyro,
1600 3235 1859 3279 atramento
1891 3236 2005 3294 alio,

154 3309 200 3348 et
235 3300 376 3345 erasis
407 3298 662 3355 manifestis
691 3298 1003 3357 paqinationis
1026 3299 1182 3357 siquis.
1213 3298 1362 3345 Totius
1389 3300 1693 3348 audacissimae
1715 3303 1882 3354 fraudis
1903 3309 2016 3359 his-

154 3375 315 3422 toriam
347 3371 568 3418 exhibebit
604 3372 698 3431 (aut
731 3372 845 3418 sorte
868 3372 963 3431 jam
990 3373 1202 3433 continet)
1233 3374 1470 3432 publicatio
1502 3376 1723 3433 periodica
1753 3379 1799 3426 la
1835 3380 2001 3434 civiaci

155 3449 378 3495 catwlica.
401 3446 581 3492 Notetur
603 3451 754 3492 autem
776 3460 868 3492 non
891 3447 1031 3494 multo
1055 3453 1154 3506 post
1184 3449 1326 3494 sancti
1351 3450 1560 3495 Antonini
1589 3451 1762 3499 obitum
1791 3462 2008 3514 patratam

155 3523 514 3570 scelestissimam
547 3522 670 3567 illam
706 3522 1114 3581 interpolationem:
1142 3524 1365 3583 siquidem
1390 3527 1583 3574 occurrit
1606 3527 1652 3574 in
1669 3531 1827 3590 prima
1852 3535 2002 3595 etiam,

154 3600 306 3643 sancto
339 3593 521 3640 Praesuli
550 3593 643 3639 t'ere
683 3594 946 3653 synchrona,
967 3607 1158 3654 operum
1189 3595 1333 3655 ipsius
1355 3597 1565 3645 editione.

395 3698 440 3730 u.
1719 3692 1781 3741 ⁴5
