2306 4010
882 192 1011 239 PARS
1041 189 1275 238 SECUNDA.
1363 253 1380 266 ⁶
1940 190 2026 236 129

149 300 247 361 das
273 317 364 356 eas
395 317 518 356 esse
558 298 901 355 unanimiter
926 296 1227 367 censuerit,
1253 295 1328 352 ita
1359 293 1647 369 subjungit
1672 294 1742 352 de
1770 294 2027 370 Hispanis

147 396 624 453 UniversitatibuS.

228 516 254 546 «
281 494 384 552 Sed
410 500 463 551 et
490 495 546 550 in
580 495 684 549 hac
708 491 1101 550 florentissima
1132 491 1414 548 Academia
1439 490 1862 559 Salmanticensi,
1893 496 2032 559 caetess

149 595 321 664 risque
355 592 643 665 Hispaniae,
670 609 844 647 omnes
881 607 983 644 uno
1009 590 1180 645 animo
1211 588 1330 643 illas
1358 589 1485 644 diris
1520 597 1570 644 et
1597 590 1916 644 execrationi
1940 589 2030 644 de-

154 699 366 754 vovent,·
400 690 566 762 idque
591 689 785 763 *palam
819 687 1196 755 testabuntur,
1230 686 1276 741 si
1315 686 1663 742 Pontificium
1710 687 1779 743 de
1808 688 2033 744 serendo

148 787 359 861 judicio
405 785 728 841 mandatum
773 781 1066 839 accesserit
1096 803 1122 833 »
1152 782 1422 854 (Defensio
1460 784 1717 838 cathedrae
1763 784 1820 840 S.
1866 785 2032 854 Petri,

154 883 527 959 disputatione
561 901 644 950 xc,
676 879 920 936 sectione
943 878 1050 949 ΙΙΙ).
1851 887 1854 890 ’

230 979 382 1044 Quod
410 975 700 1050 inquisitio
726 974 1012 1049 hispanica
1056 980 1169 1030 tres
1203 992 1268 1030 ex
1298 974 1419 1030 istis
1447 975 1739 1047 gallicanis
1785 979 2037 1034 articulis

154 1073 537 1150 proscripserit
563 1091 691 1128 cum
722 1072 868 1127 notis
890 1071 1239 1144 theologiciS,
1268 1077 1320 1126 et
1339 1071 1486 1144 quod
1507 1073 1798 1146 speciatim
1827 1073 2038 1146 opinio-

155 1191 279 1229 nem
309 1173 375 1229 de
402 1171 739 1227 fallibilitate
764 1170 920 1244 Papae
957 1169 1267 1238 confixerit,
1296 1178 1352 1224 at
1389 1172 1658 1230 minimum
1689 1178 1934 1244 tanquam
1957 1189 2038 1227 er-

155 1288 366 1326 roneam
392 1277 439 1324 et
471 1269 658 1324 haeresi
694 1269 1009 1341 proximam,
1043 1271 1281 1321 testatur
1312 1265 1459 1322 idem
1489 1267 1779 1339 d’Aguirre
1805 1267 1863 1323 in
1891 1269 2042 1324 hunc

156 1366 382 1422 modum
407 1389 417 1420 :
449 1386 475 1417 «
508 1364 728 1420 Accedit
754 1381 944 1419 recens
971 1362 1256 1419 decretum
1285 1370 1489 1419 sanctae
1514 1364 1895 1437 inquisitionis
1923 1366 2041 1420 llis-

159 1463 349 1537 paniae.
381 1464 508 1528 Quae
534 1462 681 1531 licet,
718 1461 775 1515 in
795 1460 1187 1534 expurgatorio
1218 1460 1398 1516 indice
1428 1460 1557 1515 anni
1585 1460 1753 1530 1640,
1783 1461 1840 1516 in
1863 1468 2042 1518 totum

163 1561 530 1634 prohibuisset
567 1560 758 1615 omnia
786 1575 959 1633 opera
986 1558 1240 1631 lleningi,
1276 1558 1390 1614 sive
1415 1558 1654 1614 Hennini
1682 1559 1923 1615 Arnesaei
1950 1567 2044 1616 aut

164 1657 389 1729 Heningi
419 1656 696 1727 Germani,
745 1675 920 1728 eaque
962 1661 1213 1712 notasset
1253 1655 1310 1710 in
1347 1656 1528 1730 prima
1554 1656 1720 1711 classi
1750 1662 2043 1712 auctorum

166 1755 436 1811 damnatae
478 1754 776 1822 memoriae,
823 1754 1004 1809 adhuc
1044 1771 1194 1809 nunc
1239 1758 1367 1808 nota
1412 1755 1607 1808 erroris
1655 1758 1708 1806 et
1748 1753 2046 1808 schismatis

167 1851 364 1908 inussit
396 1852 598 1909 thesim
639 1852 795 1908 illam
836 1852 1038 1926 ipsius,
1079 1851 1137 1906 in
1179 1850 1560 1906 defensionem
1599 1850 1883 1906 Guillelmi
1911 1853 2055 1930 ‘Barss

166 1949 290 2005 claii
319 1970 328 2001 :
359 1950 461 2005 Nec
501 1950 722 2023 Papam,
758 1969 851 2005 nec
888 1949 1175 2005 Ecclesiam
1206 1950 1393 2004 habere
1424 1948 1588 2003 ullam
1618 1957 1933 2021 potestatem
1974 1952 2048 2006 di-

172 2055 362 2101 rectam
408 2055 498 2102 aut
528 2049 838 2104 indirectam
881 2050 935 2102 in
969 2049 1096 2119 jura
1140 2046 1447 2120 temporalia
1495 2065 1704 2119 reyum3
1743 2057 1798 2103 ut
1830 2051 2051 2122 proinde

172 2146 410 2201 abdicare
454 2165 539 2202 eos
586 2149 772 2219 possit,
826 2155 918 2202 aut
958 2146 1187 2202 subditos
1236 2147 1465 2201 eximere
1516 2147 1576 2201 ab
1638 2148 1878 2220 obsequio
1927 2162 2051 2221 pro-

176 2243 349 2297 misso.
1987 2232 1990 2235 ¹

251 2338 559 2393 «Similiter
585 2357 732 2394 nunc
762 2338 1089 2411 proscripsit
1108 2337 1384 2392 Francisci
1410 2338 1679 2407 Pinsonii,
1713 2339 1943 2394 Biturici
1966 2344 2054 2412 ju-

176 2432 544 2500 risconsultae,
573 2432 894 2487 Parisiensis
927 2430 1194 2500 advocati,
1219 2431 1682 2487 commentarium
1715 2433 1769 2487 in
1798 2434 2052 2508 Pragma-

175 2530 431 2585 maticam
474 2528 837 2597 sanctionem,
865 2529 1090 2584 Lutetiae
1119 2528 1331 2584 editum
1352 2547 1498 2584 anno
1528 2530 1694 2598 1665,
1731 2533 1879 2603 quod
1908 2533 1964 2588 in
1993 2552 2055 2589 eo

175 2631 355 2681 extent
402 2626 807 2700 propositiones
838 2642 1104 2694 erroneae,
1135 2631 1196 2679 ut
1235 2625 1560 2694 minimum,
1596 2626 1961 2685 schismaticae
2003 2637 2056 2686 et

177 2723 394 2796 piarum
441 2724 663 2779 aurium
711 2722 1022 2788 offensivae;
1078 2740 1140 2778 ac
1179 2722 1503 2797 speciatim:
1539 2725 1826 2782 Concilium
1870 2729 2058 2785 habere

171 2828 483 2892 potestatem
523 2839 682 2895 supra
717 2821 917 2893 Papam
945 2829 1139 2876 certum
1170 2829 1219 2876 et
1246 2823 1594 2877 indubitatum
1616 2846 1630 2875 .·
1662 2830 1715 2878 et
1745 2832 2010 2898 praeterea
2043 2849 2053 2880 :

182 2916 378 2989 Papam
409 2920 460 2972 in
489 2919 789 2973 dirimendis
812 2937 876 2972 ex
896 2919 1146 2973 cathedra
1176 2919 1298 2988 fidei
1328 2921 1688 2990 quaestionibus
1712 2940 1817 2976 uon
1847 2941 1957 2978 esse
1981 2926 2058 2978 in-

180 3013 465 3084 fallibilem.
491 3017 735 3079 Quarum
756 3015 908 3089 prior
927 3014 1174 3069 inuritur
1192 3015 1359 3071 veluti
1384 3035 1603 3072 erronea
1628 3027 1679 3073 et
1697 3020 2058 3084 schismatica,-

189 3112 449 3183 posterior
489 3122 543 3167 ut
574 3116 842 3169 minimum
886 3122 1133 3185 tanquam
1173 3132 1393 3169 erronea
1430 3123 1478 3168 et
1523 3118 1707 3171 haeresi
1746 3119 1995 3188 proxima
2033 3142 2059 3171 »

192 3207 328 3279 (loeo
351 3210 536 3278 citato,
557 3229 789 3268 numero
818 3214 933 3285 18).

258 3309 546 3382 Suhjungit
583 3309 868 3383 d'Aguirre
914 3309 1185 3384 prodiisse
1230 3310 1555 3383 hujusmodi
1600 3328 1917 3383 censuram,
1966 3335 2059 3374 su-

189 3422 443 3478 premum
476 3405 750 3479 Hispaniae
779 3405 1170 3477 inquisitorem
1211 3412 1407 3477 agente
1442 3404 1691 3479 principe
1726 3407 1919 3467 Didaco
1938 3412 2062 3469 Sar-

189 3501 392 3558 miento
425 3502 756 3569 Valladares,
794 3501 1109 3556 Placentino
1142 3501 1430 3574 Episcopo,
1464 3523 1491 3553 «
1523 3501 1637 3559 Sub
1672 3510 1824 3563 tanto
1851 3508 2059 3584 itaque,

189 3598 286 3668 ait,
313 3605 363 3654 ct
395 3605 508 3654 tam
557 3597 760 3668 insigni
806 3595 1138 3667 inquisitore
1166 3596 1414 3669 generali
1439 3597 1832 3673 Hispaniarum
1858 3608 2062 3681 prodiit

432 3713 479 3743 ιι.
1798 3707 1824 3751 9
