2306 4010
265 121 323 168 88
931 109 1227 163 TRACTATUS
1258 109 1324 155 DE
1354 107 1498 156 ΡΑΡΑ.

269 227 339 284 de
367 228 417 284 la
459 228 675 294 Chaise‚
721 218 1172 301 ex·previncialis
1201 237 1228 269 »
1261 215 1518 291 (ibidem,
1557 218 1762 294 pagina
1799 220 1874 278 94
1906 225 1962 278 et
1996 219 2167 294 seq.).

345 347 373 380 «
401 305 494 382 Die
545 326 610 381 17
654 321 964 380 decembris
1012 316 1197 387 (1689)
1240 314 1430 391 ipsum
1466 316 1617 390 quod
1649 324 1940 394 acceperat
1983 315 2171 375 exem-

268 423 393 498 plar
411 421 658 496 epistolae
682 419 949 474 Summus
981 411 1233 469 Pontifex
1273 411 1615 469 tradendum
1637 415 1855 471 curavit
1883 414 1943 470 in
1966 431 2172 471 manus

267 520 439 594 patris
473 517 651 574 nostri
675 510 952 587 generalis
977 532 1005 564 »
1030 509 1285 585 (ibidem,
1314 510 1517 586 pagina
1550 509 1670 584 94).

339 616 533 670 Contra
558 611 713 664 illam
731 606 1079 664 Jesuitarum
1099 606 1289 663 Galliae
1306 606 1626 682 epistelam,
1659 606 1893 663 Summe
1917 607 2172 664 Pontifici

263 709 516 767 exhibuit
561 713 721 782 pater
769 706 1046 779 generalis
1082 707 1422 764 sententiam
1454 725 1614 764 suam
1649 707 1858 782 scripte
1885 713 2171 764 exaratam

265 809 526 881 (liabetur
544 806 776 875 ibidem,
807 805 1011 880 pagina
1043 805 1114 861 98
1142 811 1195 865 et
1222 806 1365 880 seq).

331 906 448 970 Quo
475 906 534 960 in
560 905 794 979 scripte,
832 911 1135 980 postquam
1175 903 1636 961 commemoravit
1671 909 1954 961 recentem
1989 903 2172 960 decla-

258 1006 534 1075 rationem
571 1005 705 1061 cleri
746 1005 1012 1080 gallicani
1059 1005 1191 1061 anni
1221 1005 1391 1075 1682,
1421 1005 1497 1060 ita
1528 1003 1846 1077 subjungit,
1875 1003 2011 1077 quid
2053 1021 2176 1078 spe-

259 1105 502 1160 randum
535 1110 679 1161 essct
720 1104 788 1160 de
828 1104 1055 1160 Jesuitis
1093 1104 1306 1175 Galliae,
1341 1105 1388 1161 si
1435 1105 1608 1160 semel
1651 1101 2095 1176 independentes
2144 1120 2172 1157 a

260 1209 419 1276 patre
442 1203 685 1276 generali
717 1203 935 1260 fierent.
2145 1275 2149 1279 ,

341 1325 365 1352 «
399 1300 649 1356 Ominari
680 1319 845 1375 cogor
870 1302 937 1358 de
964 1302 1239 1375 gallicana
1285 1301 1571 1370 societate,
1605 1301 1649 1356 si
1685 1298 2054 1375 postulationi
2082 1316 2178 1353 an-

258 1404 489 1468 nuatur,
520 1418 636 1472 qnae
669 1402 870 1455 calamo
899 1401 1127 1456 scribere
1158 1418 1345 1454 manus
1372 1403 1489 1473 ipsa
1515 1401 1711 1454 horret.
1744 1398 2007 1453 Innuisse
2040 1396 2178 1451 satis

261 1498 352 1554 sit.
384 1499 601 1563 Quanto
629 1507 709 1556 est
738 1500 916 1556 satius
958 1500 1331 1573 securiusque
1358 1499 1550 1554 Sedem
1577 1497 1946 1573 apostolicam
1974 1496 2034 1550 in
2064 1513 2178 1550 une

261 1598 490 1653 homine
516 1600 811 1673 praeposite
843 1600 1091 1673 generali
1123 1599 1433 1656 obnoxium
1475 1599 1663 1654 Romae
1691 1597 1898 1652 habere
1923 1594 2179 1650 ordinem

263 1696 590 1752 universum
619 1702 628 1753 l
663 1698 810 1754 Vidit
836 1700 1222 1773 expressitque
1246 1700 1430 1755 verbis
1459 1698 1724 1771 gravibus
1750 1694 2047 1768 Gregorius
2074 1694 2181 1748 xlv
2247 1687 2254 1692 ’

267 1794 325 1849 in
365 1812 426 1850 ea
463 1794 869 1851 constitutione
909 1815 1034 1869 quae
1066 1797 1264 1871 incipit
1310 1797 1562 1852 Ecclesiae
1603 1794 1910 1851 Catholicae.
1942 1792 2060 1848 Non
2091 1791 2183 1845 de-

269 1902 402 1950 sunt
429 1895 615 1950 Galliae
642 1895 919 1969 patribuS,
947 1897 1045 1969 qui
1080 1897 1372 1971 epistelam
1422 1894 1721 1964 dederunt,
1768 1892 1977 1966 quibus
2006 1910 2064 1948 se
2093 1909 2181 1947 so-

268 1993 457 2049 lentur
489 2011 729 2067 spesque
754 1994 975 2050 foveant
1022 1995 1307 2065 melioreS,
1337 1993 1442 2048 etsi
1480 1992 1720 2048 violenta
1749 2009 1778 2046 a
1811 1990 1992 2064 capite
2024 2008 2183 2065 sepa-

268 2090 436 2161 ratio,
466 2091 687 2163 qualem
718 2098 770 2148 et
790 2092 973 2148 morbi
1001 2092 1254 2166 contagio
1276 2098 1328 2148 et
1356 2091 1571 2147 bellum
1600 2090 1821 2146 efficere
1842 2094 2048 2164 petest,
2075 2107 2186 2144 non

273 2188 365 2242 fiat
393 2188 637 2244 schisma
661 2196 713 2244 et
748 2189 991 2245 scissura
1024 2190 1329 2260 societatiS,
1364 2190 1549 2245 soluto
1582 2188 1916 2254 obedientiae
1938 2187 2184 2243 vincule.

271 2286 630 2367 incommoda
664 2288 914 2343 societati
945 2289 1002 2342 in
1029 2288 1202 2343 Gallia
1243 2288 1539 2362 suspensio
1568 2287 1897 2343 commercii
1935 2304 2063 2341 cum
2092 2286 2190 2342 Ge-

271 2386 448 2441 nerali
476 2409 485 2440 :
510 2387 830 2444 libcrumne
859 2396 940 2445 est
969 2388 1374 2444 commercium
1403 2406 1539 2446 cum
1562 2387 1816 2444 Generali
1842 2393 1922 2443 tot
1952 2386 2043 2442 Dei
2071 2404 2189 2441 ser-

270 2486 351 2540 vis
398 2493 450 2542 et
489 2486 778 2543 Societatis
828 2488 960 2543 filiis
1006 2488 1064 2543 in
1104 2489 1322 2561 Anglia,
1367 2494 1420 2544 et
1467 2488 1601 2544 alibi
1634 2494 1940 2556 terrarum,
1972 2487 2028 2541 in
2073 2504 2192 2542 car-

275 2584 518 2651 ceribuS,
570 2584 933 2658 latebrisque,
986 2586 1297 2654 montibUS,
1350 2593 1399 2641 et
1460 2586 1664 2659 sylvis?
1716 2609 1741 2639 »
1787 2585 2045 2660 (ibidem,
2102 2602 2193 2659 pa-

276 2678 404 2750 gina
441 2678 596 2747 102).

359 2798 385 2828 «
413 2776 528 2831 Huc
550 2795 732 2851 usque
758 2780 1066 2854 perducere
1087 2782 1391 2837 secundam
1411 2790 1629 2856 partem
1655 2782 2191 2838 commentariorum

281 2876 506 2933 animus
541 2884 732 2935 erat...
763 2879 832 2934 Ea
853 2899 983 2936 vero·
1008 2900 1154 2955 quae,
1177 2882 1263 2936 his
1291 2882 1429 2956 ipsis
1461 2882 1660 2937 diebus
1681 2900 1811 2936 cum
1839 2884 1955 2936 haee
1981 2881 2190 2950 scribe,

279 2975 512 3050 accipie,
549 2985 678 3035 sunt
704 2980 1030 3053 hujusmodi
1054 2987 1116 3037 ut
1149 2983 1383 3038 horrere
1409 2982 1653 3054 quodam
1688 2980 1962 3055 impediar
1989 2998 2058 3034 ne
2078 2979 2195 3034 des-

276 3064 514 3130 cribam.
540 3078 725 3134 Maneo
745 3079 919 3152 igitur
944 3080 1000 3135 in
1019 3082 1295 3138 sententia
1320 3081 1698 3156 suspendendi
1725 3082 2029 3148 calamum,
2052 3079 2190 3134 dum

280 3180 329 3228 ot
363 3176 596 3232 certiora
631 3178 903 3252 accipiam
932 3188 983 3235 et
1014 3199 1103 3236 me
1141 3181 1417 3254 collegero
1451 3203 1478 3234 »
1520 3180 1772 3252 (ibidem,
1801 3179 2003 3254 pagina
2038 3177 2187 3251 105).

355 3271 638 3330 Celebrate
664 3276 894 3333 Parisiis
920 3297 950 3333 a
975 3279 1203 3334 Jesuitis
1228 3279 1415 3336 Galliae
1443 3279 1838 3348 conciliabulo,
1866 3279 2025 3332 Pater
2059 3275 2191 3330 Fon-

280 3365 741 3442 taineepistelam
771 3372 972 3430 direxit
1009 3375 1077 3429 ad
1106 3375 1502 3450 provinciales,
1528 3376 1587 3430 in
1612 3394 1745 3448 qua,
1782 3371 2052 3447 expositis
2078 3371 2191 3446 pri-

282 3481 438 3518 mum
457 3465 624 3522 variis
642 3476 834 3526 eontra
850 3477 1066 3545 patrem
1079 3473 1400 3546 generalem
1426 3451 1941 3536 criminationibUS,
1966 3473 2191 3524 enarrat

277 3561 412 3631 quid
442 3561 558 3635 ipse
591 3581 653 3617 ac
683 3566 775 3620 alii
801 3575 987 3641 patres
1015 3571 1075 3626 in
1100 3571 1249 3627 dicte
1270 3570 1675 3639 conciliabulo,
1690 3569 1858 3641 jussu
1887 3566 2036 3637 regis
2062 3583 2188 3621 coa-
