2262 3990
259 111 344 157 686
929 103 1226 150 TRAC'I'ATUS
1257 103 1324 149 DE
1356 104 1504 152 PAPA.

259 221 474 277 mundo
492 233 622 289 rege
647 211 876 270 concilii
909 209 1351 269 Constantiensis
1374 212 1595 286 legatis,
1615 213 1824 287 caeteri,
1851 232 1916 272 ac
1943 217 2170 288 tandem⁷

257 314 507 391 Hispani,
537 310 637 385 qui
668 308 1018 366 difficiliores
1048 309 1296 382 fuerant,
1329 328 1397 367 ex
1422 310 1589 367 tertia
1613 309 1895 368 Benedicti
1916 313 2025 370 XIII
2047 315 2173 378 ohe-s

255 412 465 471 dientia
485 414 848 467 accesserunt
868 407 938 465 ad
965 408 1270 468 unitatem.
1293 408 1694 484 Remansitque
1716 409 2044 470 Benedictus
2065 413 2175 482 XM

255 530 384 569 cum
418 507 781 586 paucissimis
818 507 927 565 sibi
971 506 1390 566 adhaerentibus
1429 508 1487 565 in
1526 508 1807 585 Hispaniae
1836 510 2039 584 angulo
2077 513 2174 588 qui

166 647 169 649 -
252 611 538 670 Pa'niscola
573 614 968 685 nuncupatur.
2147 626 2177 681 b
2232 643 2233 647 ,

330 711 416 769 IV.
457 713 598 785 Ergo
641 715 771 766 ante
809 707 1035 765 Martini
1078 707 1119 763 V
1149 707 1505 779 electionem,
1543 707 1769 766 evidens
1799 726 1863 765 ac
1893 709 2176 778 notorium
2232 703 2233 706 '

253 814 503 867 evaserat
538 810 766 865 Petrum
810 807 878 863 de
913 807 1067 863 Luna
1111 824 1225 862 non
1263 806 1442 864 fuisse
1490 807 1745 881 legitime
1789 807 2034 864 electum
2076 827 2176 875 seu:

251 927 448 967 verum
478 907 827 965 Pontificem.
858 939 928 947 —
957 906 1226 979 Sequitur
1259 924 1290 963 e
1324 906 1657 982 praemissis.
1705 907 1759 964 Si
1792 925 1996 984 nempe
2016 918 2178 974 verus

251 1008 448 1066 fuisset
478 1007 753 1076 Pontifex,
793 1005 1123 1080 contingere
1152 1023 1267 1062 non
1300 1006 1575 1081 potuisset
1607 1008 1723 1063 haec
1745 1007 1922 1064 totius
1952 1024 2177 1081 genera-

251 1107 380 1165 liter
411 1106 814 1164 catholicitatis
843 1105 1042 1163 scissio
1068 1105 1136 1161 ab
1170 1105 1292 1180 ipso
1319 1112 1593 1180 tanquam
1619 1105 1823 1182 capite.

325 1209 621 1264 Pnorosmo
648 1206 757 1262 111³.
786 1240 855 1248 —-
882 1206 1022 1280 Eryo
1050 1223 1156 1261 non
1190 1207 1484 1262 extinctum
1515 1207 1620 1279 suit
1654 1207 1882 1262 schisma
1903 1225 2005 1280 per
2034 1225 2176 1266 cocci
2232 1244 2237 1252 κ

253 1311 413 1365 ticam
463 1308 669 1364 concilii
703 1307 1130 1380 jurisdictionem
1170 1307 1225 1361 in
1267 1324 1448 1361 verum
1498 1305 1721 1380 Papam,
1763 1307 1858 1362 sed
1896 1307 2071 1363 aliter.
2103 1339 2176 1351 —-
2236 1343 2237 1348 κ

249 1406 554 1478 Nimirum,
581 1425 647 1463 ex
678 1411 840 1482 parte
870 1405 1121 1479 Gregorii
1148 1405 1236 1460 XII
1262 1405 1503 1463 cessavit
1538 1406 1780 1462 schisma
1810 1424 1910 1482 per
1942 1406 2175 1469 liberam

252 1506 432 1581 ipsius
460 1505 902 1563 abdicationem.
935 1505 1012 1560 Ex
1038 1511 1195 1579 parte
1225 1522 1357 1561 vero
1383 1505 1618 1562 Joannis
1642 1505 1825 1576 XXIII,
1862 1523 1962 1581 per
1991 1513 2171 1563 actum

252 1605 595 1662 abdicationi
622 1605 1078 1678 aequivalentem.
1113 1604 1178 1660 Et
1200 1604 1430 1661 tandem
1459 1622 1526 1661 ex
1549 1611 1709 1679 parte
1732 1604 1879 1660 Petri
1905 1603 1973 1660 de
1998 1605 2179 1677 Luna„
2234 1652 2237 1654 .

257 1723 356 1779 per
395 1704 866 1780 providentialem
913 1703 1313 1760 adunationem
1370 1703 1549 1778 ipsius
1596 1703 2007 1760 adhaerentium
2051 1721 2172 1764 cum

254 1803 473 1878 reliqua
523 1804 767 1860 Ecclesia
813 1804 1108 1860 catholica.
1151 1804 1269 1868 Qua
1308 1802 1525 1859 scilicet
1566 1802 1912 1859 adunatione
1953 1802 2180 1866 evidens
2232 1836 2236 1851 .

257 1920 319 1958 ac
346 1902 565 1958 notoria
597 1902 772 1958 evasit
802 1902 957 1958 illius
984 1902 1115 1958 falsi
1139 1903 1298 1977 Papae
1331 1901 1592 1958 intrusio.
1623 1902 1777 1958 Unde
1806 1901 2026 1958 concilii
2049 1912 2178 1962 con-‚²

255 2007 342 2057 tra
390 2001 583 2076 ipsum
623 2001 900 2057 sententia
962 2019 1074 2056 non
1126 2001 1233 2056 fuit
1282 2002 1614 2057 exercitium
1659 2002 2072 2074 jurisdictionis
2117 2001 2189 2066 issa
2240 2051 2241 2054 ,

253 2117 451 2155 verum
490 2105 543 2154 et
584 2099 904 2172 legitimum
930 2099 1276 2169 Pontificem,
1321 2100 1418 2155 sed
1460 2099 1518 2155 in
1550 2100 1974 2156 schismaticum
2010 2100 2189 2173 cujum

255 2198 548 2272 illegitima
586 2198 782 2254 electio
813 2198 931 2271 jam
976 2204 1128 2254 certa
1159 2204 1448 2254 evaserat.
1484 2199 1661 2273 igitur
1699 2200 2011 2256 extinctum
2053 2198 2177 2272 qui·

254 2299 382 2354 dem
414 2306 496 2356 est
523 2298 882 2356 teterrimum
920 2298 1075 2354 istud
1103 2297 1351 2354 schisma
1378 2315 1476 2373 per
1505 2297 1988 2355 Constantiensem
2017 2307 2183 2375 syna-‘2

255 2399 417 2470 dum,
449 2399 546 2454 sed
570 2397 710 2471 quin
734 2416 876 2472 opus
908 2397 1079 2454 fuerit
1104 2396 1362 2453 eamdem
1391 2397 1670 2473 synodum
1696 2397 2006 2472 quidquam
2027 2397 2181 2472 jurisf

256 2516 514 2555 exercere
554 2497 623 2553 ad
655 2496 1053 2573 deponendum
1085 2513 1186 2552 sua
1228 2495 1561 2554 auctoritate
1601 2497 1926 2573 quempiam
1954 2514 2181 2567 verum„-

256 2599 387 2655 licet
413 2598 692 2672 ignotum,
728 2597 999 2654 actualem
1026 2595 1370 2653 Pontificem.
