2306 4010
864 197 991 244 PARS
1022 196 1238 244 SECUNDA
1247 230 1258 241 .
1945 194 2004 240 55

123 322 273 361 canae
293 302 548 359 Ecclesiae
573 302 899 359 doctrinam.
918 302 1035 359 Non
1064 302 1207 358 hanc
1228 300 1324 358 sed
1353 290 1663 374 oppositam
1689 297 1999 355 doctrinam

124 402 272 477 apud
304 390 492 457 Galliae
529 401 742 456 clerum
772 406 906 456 tunc
942 398 1343 472 generaliorem
1379 397 1553 453 fuisse
1585 401 1800 452 constat
1831 414 1896 453 ex
1939 414 2002 452 eo

125 500 271 573 quod
301 499 553 554 Facultas
588 498 934 569 Parisiensis,
962 496 1090 552 licet
1112 498 1228 569 jam
1270 495 1471 552 mutila
1494 500 1688 568 totque
1714 494 2004 550 machina-

124 597 373 653 tionibus
408 613 692 670 oppressa,
734 592 1052 667 quindecim
1092 594 1493 666 suffragiorum
1527 591 1839 666 majoritate
1878 591 2005 665 reji-

125 693 348 749 ciendos
379 699 620 765 quatuor
644 690 903 747 articulos
926 690 1229 760 censuerit,
1258 697 1422 763 prout
1454 708 1622 764 supra
1657 690 1833 764 capite
1857 689 1890 744 it
1913 708 2007 764 pa-

124 793 235 848 lam
261 791 513 847 fecimus.
542 789 676 845 Item
702 788 939 843 alienam
957 807 986 843 a
1006 788 1382 843 declaratione
1408 790 1741 860 generaliter
1762 788 2007 845 extitisse

127 887 459 943 Gallicanam
482 885 805 955 Ecclesiam,
835 884 972 940 satis
998 885 1256 940 evincunt
1279 884 1444 939 verba
1463 885 1578 938 haec
1599 885 1748 939 haud
1765 884 2008 958 suspecti

127 986 249 1054 viri,
272 1003 398 1040 curn
432 983 600 1039 fucrit
630 983 1045 1056 Archiepiscopi
1065 983 1131 1038 de
1157 982 1356 1056 Harlay
1382 981 1750 1037 secretarius:
1778 982 1890 1037 «La
1917 982 2010 1037 de-

123 1081 389 1137 claration
420 1081 494 1135 du
512 1081 694 1152 clerge
717 1098 786 1134 ne
804 1080 887 1135 fut
918 1080 1070 1154 point
1088 1079 1317 1135 d'abord
1344 1078 1642 1153 applaudie
1666 1102 1676 1144 ;
1699 1078 1815 1133 loin
1834 1078 1901 1134 de
1927 1078 2002 1149 la,

125 1179 406 1254 plusieurs
424 1178 940 1234 l'attribuerentala
956 1178 1190 1246 lachete,
1214 1177 1398 1232 disant
1422 1195 1528 1251 quc
1547 1177 1729 1232 c‘ctait
1751 1176 1919 1232 l’effet
1939 1175 2007 1231 de

121 1276 481 1332 l'obeissance
508 1276 702 1332 servile
726 1276 821 1331 des
848 1267 1095 1348 Ev'eques
1114 1294 1254 1349 pour
1273 1276 1352 1330 les
1369 1275 1617 1330 volontes
1632 1274 1698 1330 de
1716 1274 1768 1329 la
1794 1292 2000 1330 cour...

122 1376 186 1430 Ce
232 1376 605 1430 soulevcment
651 1377 737 1446 qui
786 1371 911 1429 e'tait
944 1377 1092 1446 quasi
1129 1375 1339 1446 ye'ne'ral
1375 1379 1564 1429 contre
1590 1373 1668 1428 les
1700 1373 1907 1446 prelats
1938 1372 2006 1427 de

123 1470 535 1526 l'assemblec...
571 1492 596 1522 »
627 1470 924 1543 (Me'moires
955 1471 1017 1524 (Ie
1046 1471 1211 1524 l'abbe'
1240 1470 1531 1541 Leyendre,
1564 1486 1686 1542 pag.
1720 1469 1790 1523 46
1815 1488 1825 1535 3
1855 1469 2006 1540 quod

126 1586 263 1640 opus
295 1567 738 1640 manuscriptum
786 1584 965 1639 nuper
1001 1566 1214 1621 editum
1257 1572 1339 1621 est
1362 1565 1609 1635 Parisiis,
1650 1566 1817 1633 1865,
1860 1565 2006 1638 apud

76 1679 82 1692 ⁴
127 1662 488 1736 Charpcntier
520 1663 927 1736 bibliopolam).
963 1695 1031 1702 —
1058 1663 1114 1717 2⁰
1145 1663 1374 1717 Etiamsi
1406 1661 1577 1716 libere
1607 1680 1637 1715 a
1675 1661 1822 1715 clero
1875 1659 2006 1714 dicti

128 1761 393 1833 praesules
428 1761 583 1816 electi
613 1778 676 1815 ac
713 1759 958 1833 deputati
1005 1760 1261 1828 fuissent,
1306 1777 1416 1814 non
1466 1764 1652 1813 tamen
1682 1757 2006 1812 mandatum

123 1861 448 1929 acceperant
474 1855 540 1910 ad
567 1855 954 1911 declarandam
979 1856 1195 1911 Summi
1223 1854 1500 1910 Pontificis
1533 1860 1886 1929 potestatem,
1909 1872 2004 1933 seu

124 1953 192 2007 ad
242 1953 480 2009 edendos
531 1959 767 2026 quatuor
809 1954 1088 2010 articulos,
1142 1954 1276 2009 Nam
1325 1953 1391 2009 de
1432 1953 1571 2008 facta
1616 1953 1749 2026 ipsis
1791 1971 1820 2008 a
1859 1953 2007 2008 clero

125 2053 392 2125 ejusmodi
435 2053 714 2125 facultate,
761 2053 899 2107 nibil
936 2052 1270 2126 exprimitur
1314 2052 1371 2106 in
1402 2052 1794 2126 procuratione
1837 2070 2005 2125 quam

125 2157 473 2223 receperunt.
513 2150 685 2205 Immo
713 2151 868 2206 nulla
895 2151 1032 2224 ipsis
1052 2169 1080 2206 a
1108 2151 1254 2206 clero
1281 2151 1423 2206 facta
1451 2152 1791 2224 procuratio.
1824 2139 2007 2223 Sicini-

126 2246 247 2300 dem
267 2264 388 2316 quae
413 2247 549 2318 ipsis
568 2247 770 2301 tradita
792 2255 896 2315 est,
931 2266 1042 2301 non
1071 2266 1101 2302 a
1132 2248 1278 2302 clero
1307 2248 1401 2302 sed
1428 2248 1592 2319 jussu
1616 2249 1760 2320 regis
1787 2249 2009 2304 concin-

127 2346 255 2394 nata
301 2345 352 2393 et
386 2340 635 2411 injuncta
678 2341 876 2396 fuerat.
912 2342 1086 2412 Igitur
1118 2349 1181 2396 ut
1217 2347 1422 2396 starent
1466 2342 1521 2394 in
1551 2343 1781 2396 veritate
1826 2343 2006 2414 quoad

129 2435 552 2491 declarationem
573 2443 810 2509 quatuor
835 2437 1224 2506 articulorum,
1243 2437 1425 2493 dicere
1451 2438 1772 2494 debuissent
1797 2439 2004 2493 :Eccle-

127 2534 261 2588 siam
289 2534 625 2589 Gallicanam
666 2553 771 2589 non
809 2544 1264 2606 repraesentcmteS.
1292 2535 1441 2589 —50
1488 2535 1835 2596 Mendacium
1869 2554 2006 2610 prae·

125 2632 285 2706 cipue
311 2632 416 2688 fuit
435 2632 578 2688 dicta
606 2633 925 2704 declaratiO,
951 2651 1013 2687 eo
1037 2651 1203 2688 sensu
1231 2634 1375 2706 quod
1406 2640 1458 2688 et
1489 2633 1591 2707 ipsi
1616 2633 2007 2688 declarationis

124 2735 374 2784 auctores
402 2729 651 2803 plerique
681 2729 845 2785 aliter
877 2731 1171 2798 sentirent,
1207 2738 1259 2787 et
1292 2728 1532 2787 libenter
1558 2749 1681 2786 eam
1711 2738 2005 2787 retractas—

125 2833 267 2895 sent,
313 2826 357 2880 si
405 2828 505 2882 hoc
552 2827 687 2900 ipsis
730 2845 828 2902 per
875 2845 1059 2899 regem
1100 2827 1367 2884 licuisset.
1416 2829 1637 2884 Constat
1686 2829 2007 2885 testimonio

127 2924 498 2995 procuratoris
526 2925 796 2996 generalis
819 2925 886 2980 de
918 2925 1114 2999 Harlay
1139 2947 1148 2978 :
1173 2926 1247 2981 La
1285 2928 1524 2999 plupart,
1555 2927 1760 2999 inquit,
1791 2928 2010 3000 change-

127 3022 292 3075 raient
330 3022 533 3076 demam
568 3031 615 3076 et
646 3024 708 3078 de
742 3024 840 3077 bon
867 3041 1024 3092 coeur,
1079 3026 1124 3078 si
1173 3024 1278 3079 l'on
1311 3024 1423 3078 leur
1464 3027 1794 3096 permetlait.
1853 3024 2008 3097 (Vide

131 3133 323 3188 supra,
375 3119 400 3186 ἓ
433 3120 482 3187 i,
540 3118 935 3175 documentum
975 3119 1082 3191 lv.)
1141 3119 1269 3183 Quae
1305 3122 1469 3176 verba
1514 3121 1722 3195 scripta
1761 3127 1887 3175 sunt
1924 3121 2012 3176 die

132 3213 163 3268 2
201 3212 347 3284 junii
376 3255 390 3280 ,
453 3213 507 3267 id
569 3223 650 3272 est
674 3260 686 3284 ,
738 3218 918 3273 adbuc
967 3219 1307 3292 perdurante
1360 3220 1719 3292 praelatorum
1770 3219 2008 3275 istorum

131 3318 427 3366 conventu.
467 3311 688 3368 Constat
713 3316 920 3387 pariter
960 3317 1290 3372 documento
1310 3318 1351 3370 Χ
1377 3316 1708 3390 paragraphi
1736 3317 1789 3386 1,
1822 3320 2010 3374 multos

132 3408 380 3480 ejusdem
430 3417 732 3465 conventus
778 3413 1028 3484 praelatos
1069 3414 1419 3468 vehementer
1467 3413 1813 3486 poenituisse,
1863 3418 2013 3488 quod

134 3512 371 3579 quatuor
395 3508 648 3563 articulis
674 3509 1154 3583 subscripsissent.
1186 3510 1360 3582 Igitur
1389 3511 1622 3568 celebris
1657 3514 1749 3571 ille
1776 3534 2011 3572 conven-

135 3609 224 3657 tus
256 3603 385 3658 anni
417 3604 586 3672 1682,
618 3605 910 3660 Gallicanae
937 3606 1191 3661 Ecclesiae
1214 3607 1518 3664 doctrinam
1553 3613 1856 3682 asserebat,
1887 3629 2011 3684 quae
