<?xml version="1.0" encoding="UTF-8"?>
<!DOCTYPE html PUBLIC "-//W3C//DTD XHTML 1.0 Transitional//EN"
    "http://www.w3.org/TR/xhtml1/DTD/xhtml1-transitional.dtd">
<html xmlns="http://www.w3.org/1999/xhtml" xml:lang="en" lang="en">
 <head>
  <title>
</title>
<meta http-equiv="Content-Type" content="text/html;charset=utf-8" />
  <meta name='ocr-system' content='tesseract 3.04.00' />
  <meta name='ocr-capabilities' content='ocr_page ocr_carea ocr_par ocr_line ocrx_word'/>
</head>
<body>
  <div class='ocr_page' id='page_1' title='image "a548470102bouiuoft_0159.png"; bbox 0 0 2306 4010; ppageno 0'>
   <div class='ocr_carea' id='block_1_1' title="bbox 861 180 1993 260">
    <p class='ocr_par' dir='ltr' id='par_1_1' title="bbox 861 180 1993 260">
     <span class='ocr_line' id='line_1_1' title="bbox 861 180 1993 260; baseline -0.003 0"><span class='ocrx_word' id='word_1_1' title='bbox 861 212 986 260; x_wconf 78' lang='lat' dir='ltr'>PARS</span> <span class='ocrx_word' id='word_1_2' title='bbox 1016 211 1255 259; x_wconf 67' lang='lat' dir='ltr'><strong>saeuum.</strong></span> <span class='ocrx_word' id='word_1_3' title='bbox 1646 180 1650 185; x_wconf 66' lang='grc'><em>’</em></span> <span class='ocrx_word' id='word_1_4' title='bbox 1908 209 1993 257; x_wconf 85' lang='lat'><strong>151</strong></span> 
     </span>
    </p>
   </div>
   <div class='ocr_carea' id='block_1_2' title="bbox 112 319 2008 3490">
    <p class='ocr_par' dir='ltr' id='par_1_2' title="bbox 118 319 2008 972">
     <span class='ocr_line' id='line_1_2' title="bbox 121 319 2008 392; baseline -0.003 -12"><span class='ocrx_word' id='word_1_5' title='bbox 121 323 259 381; x_wconf 89' lang='lat' dir='ltr'><strong>Petri</strong></span> <span class='ocrx_word' id='word_1_6' title='bbox 306 323 580 381; x_wconf 85' lang='lat' dir='ltr'><strong>cathedrae</strong></span> <span class='ocrx_word' id='word_1_7' title='bbox 623 323 1008 381; x_wconf 88' lang='lat' dir='ltr'><strong>auctoritatem</strong></span> <span class='ocrx_word' id='word_1_8' title='bbox 1050 321 1318 378; x_wconf 85' lang='lat' dir='ltr'><strong>divinitus</strong></span> <span class='ocrx_word' id='word_1_9' title='bbox 1363 319 1689 377; x_wconf 83' lang='lat' dir='ltr'><strong>attributam</strong></span> <span class='ocrx_word' id='word_1_10' title='bbox 1723 335 2008 392; x_wconf 83' lang='lat' dir='ltr'><strong>usurpare.</strong></span> 
     </span>
     <span class='ocr_line' id='line_1_3' title="bbox 120 414 1998 495; baseline -0.003 -19"><span class='ocrx_word' id='word_1_11' title='bbox 120 437 229 476; x_wconf 91' lang='lat' dir='ltr'><strong>non</strong></span> <span class='ocrx_word' id='word_1_12' title='bbox 253 421 514 492; x_wconf 89' lang='lat' dir='ltr'><strong>audeant,</strong></span> <span class='ocrx_word' id='word_1_13' title='bbox 540 422 600 477; x_wconf 91' lang='lat' dir='ltr'><strong>et</strong></span> <span class='ocrx_word' id='word_1_14' title='bbox 628 421 876 495; x_wconf 90' lang='lat' dir='ltr'><strong>ejusdem</strong></span> <span class='ocrx_word' id='word_1_15' title='bbox 903 419 971 476; x_wconf 93' lang='lat' dir='ltr'><strong>de</strong></span> <span class='ocrx_word' id='word_1_16' title='bbox 997 417 1266 476; x_wconf 88' lang='lat' dir='ltr'><strong>catholica</strong></span> <span class='ocrx_word' id='word_1_17' title='bbox 1291 417 1397 475; x_wconf 86' lang='lat' dir='ltr'><strong>fide</strong></span> <span class='ocrx_word' id='word_1_18' title='bbox 1425 417 1643 475; x_wconf 89' lang='lat' dir='ltr'><strong>decreta</strong></span> <span class='ocrx_word' id='word_1_19' title='bbox 1666 414 1920 473; x_wconf 85' lang='lat' dir='ltr'><strong>venerari</strong></span> <span class='ocrx_word' id='word_1_20' title='bbox 1944 419 1998 470; x_wconf 89' lang='lat' dir='ltr'><strong>et</strong></span> 
     </span>
     <span class='ocr_line' id='line_1_4' title="bbox 121 515 1993 590; baseline -0.004 -19"><span class='ocrx_word' id='word_1_21' title='bbox 121 517 313 589; x_wconf 85' lang='lat' dir='ltr'>exequi</span> <span class='ocrx_word' id='word_1_22' title='bbox 355 517 590 590; x_wconf 83' lang='lat' dir='ltr'><strong>discant,</strong></span> <span class='ocrx_word' id='word_1_23' title='bbox 637 536 747 573; x_wconf 91' lang='lat' dir='ltr'><strong>non</strong></span> <span class='ocrx_word' id='word_1_24' title='bbox 791 517 1087 584; x_wconf 89' lang='lat' dir='ltr'><strong>discutere,</strong></span> <span class='ocrx_word' id='word_1_25' title='bbox 1138 533 1247 571; x_wconf 92' lang='lat' dir='ltr'><strong>non</strong></span> <span class='ocrx_word' id='word_1_26' title='bbox 1282 515 1530 588; x_wconf 89' lang='lat' dir='ltr'><strong>judicare</strong></span> <span class='ocrx_word' id='word_1_27' title='bbox 1569 518 1933 590; x_wconf 85' lang='lat' dir='ltr'><strong>praesumant.</strong></span> <span class='ocrx_word' id='word_1_28' title='bbox 1966 533 1993 564; x_wconf 92' lang='lat'>»</span> 
     </span>
     <span class='ocr_line' id='line_1_5' title="bbox 121 609 1996 688; baseline -0.001 -20"><span class='ocrx_word' id='word_1_29' title='bbox 121 612 222 676; x_wconf 86' lang='lat' dir='ltr'><strong>Qui</strong></span> <span class='ocrx_word' id='word_1_30' title='bbox 252 615 507 688; x_wconf 84' lang='lat' dir='ltr'><strong>reprobat</strong></span> <span class='ocrx_word' id='word_1_31' title='bbox 526 632 754 671; x_wconf 85' lang='lat' dir='ltr'><strong>examen</strong></span> <span class='ocrx_word' id='word_1_32' title='bbox 776 611 1159 669; x_wconf 83' lang='lat' dir='ltr'><strong>definitionum</strong></span> <span class='ocrx_word' id='word_1_33' title='bbox 1184 612 1597 685; x_wconf 87' lang='lat' dir='ltr'><strong>pontificiarum</strong></span> <span class='ocrx_word' id='word_1_34' title='bbox 1620 612 1688 667; x_wconf 91' lang='lat' dir='ltr'><strong>ab</strong></span> <span class='ocrx_word' id='word_1_35' title='bbox 1709 609 1996 685; x_wconf 90' lang='lat' dir='ltr'><strong>Episcopis</strong></span> 
     </span>
     <span class='ocr_line' id='line_1_6' title="bbox 122 705 1998 783; baseline -0.002 -19"><span class='ocrx_word' id='word_1_36' title='bbox 122 709 345 780; x_wconf 85' lang='lat' dir='ltr'><strong>factam,</strong></span> <span class='ocrx_word' id='word_1_37' title='bbox 379 711 480 766; x_wconf 92' lang='lat' dir='ltr'><strong>hoc</strong></span> <span class='ocrx_word' id='word_1_38' title='bbox 520 710 639 783; x_wconf 91' lang='lat' dir='ltr'><strong>ipso</strong></span> <span class='ocrx_word' id='word_1_39' title='bbox 670 708 929 783; x_wconf 91' lang='lat' dir='ltr'><strong>reprobat</strong></span> <span class='ocrx_word' id='word_1_40' title='bbox 969 706 1286 780; x_wconf 85' lang='lat' dir='ltr'>opinionem</span> <span class='ocrx_word' id='word_1_41' title='bbox 1328 708 1396 763; x_wconf 92' lang='lat' dir='ltr'><strong>de</strong></span> <span class='ocrx_word' id='word_1_42' title='bbox 1428 708 1569 781; x_wconf 90' lang='lat' dir='ltr'><strong>Papa</strong></span> <span class='ocrx_word' id='word_1_43' title='bbox 1610 707 1667 763; x_wconf 90' lang='lat' dir='ltr'><strong>in</strong></span> <span class='ocrx_word' id='word_1_44' title='bbox 1704 706 1775 762; x_wconf 92' lang='lat' dir='ltr'><strong>iis</strong></span> <span class='ocrx_word' id='word_1_45' title='bbox 1806 705 1998 762; x_wconf 87' lang='lat' dir='ltr'><strong>defini-</strong></span> 
     </span>
     <span class='ocr_line' id='line_1_7' title="bbox 119 802 2000 878; baseline 0 -18"><span class='ocrx_word' id='word_1_46' title='bbox 119 805 365 860; x_wconf 89' lang='lat' dir='ltr'><strong>tionibus</strong></span> <span class='ocrx_word' id='word_1_47' title='bbox 404 805 645 861; x_wconf 81' lang='lat' dir='ltr'><strong>fallibili.</strong></span> <span class='ocrx_word' id='word_1_48' title='bbox 687 804 824 858; x_wconf 90' lang='lat' dir='ltr'><strong>Nam</strong></span> <span class='ocrx_word' id='word_1_49' title='bbox 865 803 911 858; x_wconf 87' lang='lat' dir='ltr'><strong>si</strong></span> <span class='ocrx_word' id='word_1_50' title='bbox 945 802 1206 857; x_wconf 90' lang='lat' dir='ltr'><strong>fallibiles</strong></span> <span class='ocrx_word' id='word_1_51' title='bbox 1244 802 1444 871; x_wconf 86' lang='lat' dir='ltr'><strong>forent,</strong></span> <span class='ocrx_word' id='word_1_52' title='bbox 1478 821 1589 859; x_wconf 93' lang='lat' dir='ltr'><strong>non</strong></span> <span class='ocrx_word' id='word_1_53' title='bbox 1617 809 1839 860; x_wconf 88' lang='lat' dir='ltr'><strong>tantum</strong></span> <span class='ocrx_word' id='word_1_54' title='bbox 1876 820 2000 878; x_wconf 90' lang='lat' dir='ltr'><strong>pos-</strong></span> 
     </span>
     <span class='ocr_line' id='line_1_8' title="bbox 118 897 1824 972; baseline -0.001 -16"><span class='ocrx_word' id='word_1_55' title='bbox 118 907 258 972; x_wconf 84' lang='lat' dir='ltr'><strong>sent,</strong></span> <span class='ocrx_word' id='word_1_56' title='bbox 289 901 382 956; x_wconf 90' lang='lat' dir='ltr'><strong>sed</strong></span> <span class='ocrx_word' id='word_1_57' title='bbox 413 906 463 956; x_wconf 93' lang='lat' dir='ltr'><strong>et</strong></span> <span class='ocrx_word' id='word_1_58' title='bbox 490 900 754 955; x_wconf 88' lang='lat' dir='ltr'><strong>deberent</strong></span> <span class='ocrx_word' id='word_1_59' title='bbox 786 900 854 955; x_wconf 89' lang='lat' dir='ltr'><strong>ab</strong></span> <span class='ocrx_word' id='word_1_60' title='bbox 880 897 1166 972; x_wconf 87' lang='lat' dir='ltr'><strong>Episcopis</strong></span> <span class='ocrx_word' id='word_1_61' title='bbox 1191 897 1396 953; x_wconf 85' lang='lat' dir='ltr'><strong>discuti</strong></span> <span class='ocrx_word' id='word_1_62' title='bbox 1422 905 1474 954; x_wconf 89' lang='lat' dir='ltr'><strong>et</strong></span> <span class='ocrx_word' id='word_1_63' title='bbox 1498 899 1824 954; x_wconf 86' lang='lat' dir='ltr'><strong>examinari.</strong></span> 
     </span>
    </p>

    <p class='ocr_par' dir='ltr' id='par_1_3' title="bbox 114 975 2003 2405">
     <span class='ocr_line' id='line_1_9' title="bbox 158 975 2000 1069; baseline 0 -17"><span class='ocrx_word' id='word_1_64' title='bbox 158 975 164 980; x_wconf 92' lang='lat'>.</span> <span class='ocrx_word' id='word_1_65' title='bbox 190 997 466 1052; x_wconf 75' lang='lat' dir='ltr'><strong>Pnorosrrio</strong></span> <span class='ocrx_word' id='word_1_66' title='bbox 491 996 633 1052; x_wconf 63' lang='lat' dir='ltr'>V1112.</span> <span class='ocrx_word' id='word_1_67' title='bbox 656 1028 724 1036; x_wconf 95' lang='lat'>—</span> <span class='ocrx_word' id='word_1_68' title='bbox 746 995 1049 1069; x_wconf 77' lang='lat' dir='ltr'><strong>Opinionem</strong></span> <span class='ocrx_word' id='word_1_69' title='bbox 1075 995 1139 1050; x_wconf 82' lang='lat' dir='ltr'><strong>de</strong></span> <span class='ocrx_word' id='word_1_70' title='bbox 1165 994 1324 1067; x_wconf 83' lang='lat' dir='ltr'><strong>Papae</strong></span> <span class='ocrx_word' id='word_1_71' title='bbox 1361 994 1679 1066; x_wconf 84' lang='lat' dir='ltr'><strong>fallibilitate</strong></span> <span class='ocrx_word' id='word_1_72' title='bbox 1705 998 2000 1068; x_wconf 82' lang='lat' dir='ltr'><strong>reprobavit</strong></span> 
     </span>
     <span class='ocr_line' id='line_1_10' title="bbox 119 1091 2002 1166; baseline -0.001 -17"><span class='ocrx_word' id='word_1_73' title='bbox 119 1093 275 1151; x_wconf 82' lang='lat' dir='ltr'><strong>Sedes</strong></span> <span class='ocrx_word' id='word_1_74' title='bbox 297 1093 618 1166; x_wconf 85' lang='lat' dir='ltr'><strong>Apostolica,</strong></span> <span class='ocrx_word' id='word_1_75' title='bbox 647 1093 899 1164; x_wconf 76' lang='lat' dir='ltr'><strong>exiqendo</strong></span> <span class='ocrx_word' id='word_1_76' title='bbox 926 1100 982 1146; x_wconf 90' lang='lat' dir='ltr'><strong>ut</strong></span> <span class='ocrx_word' id='word_1_77' title='bbox 1009 1092 1228 1147; x_wconf 78' lang='lat' dir='ltr'><strong>decretis</strong></span> <span class='ocrx_word' id='word_1_78' title='bbox 1255 1093 1386 1158; x_wconf 88' lang='lat' dir='ltr'><strong>suis,</strong></span> <span class='ocrx_word' id='word_1_79' title='bbox 1418 1092 1595 1162; x_wconf 86' lang='lat' dir='ltr'><strong>quibus</strong></span> <span class='ocrx_word' id='word_1_80' title='bbox 1624 1094 1850 1163; x_wconf 88' lang='lat' dir='ltr'><strong>quinque</strong></span> <span class='ocrx_word' id='word_1_81' title='bbox 1870 1091 1903 1147; x_wconf 87' lang='lat' dir='ltr'><em>J</em></span> <span class='ocrx_word' id='word_1_82' title='bbox 1910 1110 2002 1147; x_wconf 90' lang='lat' dir='ltr'><strong>an-</strong></span> 
     </span>
     <span class='ocr_line' id='line_1_11' title="bbox 116 1180 2002 1262; baseline -0.001 -19"><span class='ocrx_word' id='word_1_83' title='bbox 116 1190 244 1244; x_wconf 85' lang='lat' dir='ltr'><strong>senii</strong></span> <span class='ocrx_word' id='word_1_84' title='bbox 272 1191 656 1262; x_wconf 78' lang='lat' dir='ltr'><strong>propositiones</strong></span> <span class='ocrx_word' id='word_1_85' title='bbox 688 1190 1138 1257; x_wconf 84' lang='lat' dir='ltr'><strong>condemnaverat,</strong></span> <span class='ocrx_word' id='word_1_86' title='bbox 1167 1195 1534 1261; x_wconf 80' lang='lat' dir='ltr'><strong>praestaretur,</strong></span> <span class='ocrx_word' id='word_1_87' title='bbox 1573 1205 1677 1242; x_wconf 93' lang='lat' dir='ltr'><strong>non</strong></span> <span class='ocrx_word' id='word_1_88' title='bbox 1705 1180 1905 1243; x_wconf 85' lang='lat' dir='ltr'><strong>tantum</strong></span> <span class='ocrx_word' id='word_1_89' title='bbox 1930 1189 2002 1242; x_wconf 90' lang='lat' dir='ltr'><strong>si-</strong></span> 
     </span>
     <span class='ocr_line' id='line_1_12' title="bbox 114 1288 2003 1360; baseline -0.002 -17"><span class='ocrx_word' id='word_1_90' title='bbox 114 1289 326 1343; x_wconf 82' lang='lat' dir='ltr'><strong>lentium</strong></span> <span class='ocrx_word' id='word_1_91' title='bbox 356 1290 733 1360; x_wconf 84' lang='lat' dir='ltr'><strong>obsequiosum,</strong></span> <span class='ocrx_word' id='word_1_92' title='bbox 770 1288 862 1342; x_wconf 87' lang='lat' dir='ltr'><strong>sed</strong></span> <span class='ocrx_word' id='word_1_93' title='bbox 892 1289 1046 1342; x_wconf 89' lang='lat' dir='ltr'><strong>etiam</strong></span> <span class='ocrx_word' id='word_1_94' title='bbox 1078 1289 1336 1341; x_wconf 83' lang='lat' dir='ltr'><strong>internum</strong></span> <span class='ocrx_word' id='word_1_95' title='bbox 1366 1288 1554 1340; x_wconf 86' lang='lat' dir='ltr'><strong>mentis</strong></span> <span class='ocrx_word' id='word_1_96' title='bbox 1582 1288 1901 1358; x_wconf 84' lang='lat' dir='ltr'><strong>obsequium.</strong></span> <span class='ocrx_word' id='word_1_97' title='bbox 1933 1319 2003 1328; x_wconf 91' lang='lat'><strong>—</strong></span> 
     </span>
     <span class='ocr_line' id='line_1_13' title="bbox 117 1381 2001 1456; baseline 0 -19"><span class='ocrx_word' id='word_1_98' title='bbox 117 1383 328 1438; x_wconf 85' lang='lat' dir='ltr'><strong>Etenim</strong></span> <span class='ocrx_word' id='word_1_99' title='bbox 355 1383 464 1438; x_wconf 90' lang='lat' dir='ltr'><strong>nisi</strong></span> <span class='ocrx_word' id='word_1_100' title='bbox 491 1390 637 1439; x_wconf 88' lang='lat' dir='ltr'><strong>certo</strong></span> <span class='ocrx_word' id='word_1_101' title='bbox 666 1401 853 1439; x_wconf 87' lang='lat' dir='ltr'><strong>verum</strong></span> <span class='ocrx_word' id='word_1_102' title='bbox 882 1383 951 1438; x_wconf 91' lang='lat' dir='ltr'><strong>sit</strong></span> <span class='ocrx_word' id='word_1_103' title='bbox 978 1383 1125 1454; x_wconf 91' lang='lat' dir='ltr'><strong>quod</strong></span> <span class='ocrx_word' id='word_1_104' title='bbox 1149 1383 1288 1456; x_wconf 90' lang='lat' dir='ltr'><strong>Papa</strong></span> <span class='ocrx_word' id='word_1_105' title='bbox 1312 1381 1579 1452; x_wconf 81' lang='lat' dir='ltr'><strong>definivit,</strong></span> <span class='ocrx_word' id='word_1_106' title='bbox 1606 1400 1704 1437; x_wconf 90' lang='lat' dir='ltr'><strong>seu</strong></span> <span class='ocrx_word' id='word_1_107' title='bbox 1727 1382 1836 1437; x_wconf 90' lang='lat' dir='ltr'><strong>nisi</strong></span> <span class='ocrx_word' id='word_1_108' title='bbox 1858 1383 2001 1456; x_wconf 91' lang='lat' dir='ltr'><strong>Papa</strong></span> 
     </span>
     <span class='ocr_line' id='line_1_14' title="bbox 118 1480 2000 1553; baseline 0.001 -19"><span class='ocrx_word' id='word_1_109' title='bbox 118 1481 173 1534; x_wconf 91' lang='lat' dir='ltr'><strong>in</strong></span> <span class='ocrx_word' id='word_1_110' title='bbox 209 1480 622 1537; x_wconf 85' lang='lat' dir='ltr'><strong>definitionibus</strong></span> <span class='ocrx_word' id='word_1_111' title='bbox 653 1481 778 1536; x_wconf 85' lang='lat' dir='ltr'><strong>fidei</strong></span> <span class='ocrx_word' id='word_1_112' title='bbox 808 1481 1121 1536; x_wconf 78' lang='lat' dir='ltr'><strong>infallibilis</strong></span> <span class='ocrx_word' id='word_1_113' title='bbox 1169 1481 1259 1551; x_wconf 92' lang='lat' dir='ltr'><strong>sit,</strong></span> <span class='ocrx_word' id='word_1_114' title='bbox 1295 1488 1562 1553; x_wconf 80' lang='lat' dir='ltr'><strong>repugnat</strong></span> <span class='ocrx_word' id='word_1_115' title='bbox 1602 1481 1860 1553; x_wconf 83' lang='lat' dir='ltr'><strong>obligatio</strong></span> <span class='ocrx_word' id='word_1_116' title='bbox 1903 1482 2000 1536; x_wconf 90' lang='lat' dir='ltr'><strong>has</strong></span> 
     </span>
     <span class='ocr_line' id='line_1_15' title="bbox 118 1579 2002 1651; baseline 0 -18"><span class='ocrx_word' id='word_1_117' title='bbox 118 1579 462 1634; x_wconf 81' lang='lat' dir='ltr'><strong>definitiones</strong></span> <span class='ocrx_word' id='word_1_118' title='bbox 487 1579 744 1635; x_wconf 89' lang='lat' dir='ltr'><strong>credendi</strong></span> <span class='ocrx_word' id='word_1_119' title='bbox 769 1598 922 1635; x_wconf 86' lang='lat' dir='ltr'><strong>veras</strong></span> <span class='ocrx_word' id='word_1_120' title='bbox 948 1598 1077 1634; x_wconf 89' lang='lat' dir='ltr'><strong>cum</strong></span> <span class='ocrx_word' id='word_1_121' title='bbox 1102 1579 1321 1635; x_wconf 91' lang='lat' dir='ltr'><strong>interno</strong></span> <span class='ocrx_word' id='word_1_122' title='bbox 1349 1579 1552 1634; x_wconf 91' lang='lat' dir='ltr'><strong>mentis</strong></span> <span class='ocrx_word' id='word_1_123' title='bbox 1576 1580 1862 1651; x_wconf 80' lang='lat' dir='ltr'><strong>obsequio,</strong></span> <span class='ocrx_word' id='word_1_124' title='bbox 1884 1579 2002 1634; x_wconf 87' lang='lat' dir='ltr'><strong>Non</strong></span> 
     </span>
     <span class='ocr_line' id='line_1_16' title="bbox 122 1675 1999 1750; baseline 0 -20"><span class='ocrx_word' id='word_1_125' title='bbox 122 1682 336 1731; x_wconf 84' lang='lat' dir='ltr'><strong>tantum</strong></span> <span class='ocrx_word' id='word_1_126' title='bbox 372 1675 672 1732; x_wconf 88' lang='lat' dir='ltr'><strong>absurdum</strong></span> <span class='ocrx_word' id='word_1_127' title='bbox 701 1677 795 1732; x_wconf 91' lang='lat' dir='ltr'><strong>sed</strong></span> <span class='ocrx_word' id='word_1_128' title='bbox 815 1676 997 1748; x_wconf 62' lang='lat' dir='ltr'><strong>⁴etiam</strong></span> <span class='ocrx_word' id='word_1_129' title='bbox 1024 1676 1261 1750; x_wconf 90' lang='lat' dir='ltr'><strong>impium</strong></span> <span class='ocrx_word' id='word_1_130' title='bbox 1304 1683 1385 1731; x_wconf 89' lang='lat' dir='ltr'><strong>est</strong></span> <span class='ocrx_word' id='word_1_131' title='bbox 1427 1676 1630 1742; x_wconf 84' lang='lat' dir='ltr'><strong>dicere,</strong></span> <span class='ocrx_word' id='word_1_132' title='bbox 1659 1675 1797 1730; x_wconf 84' lang='lat' dir='ltr'><strong>velle</strong></span> <span class='ocrx_word' id='word_1_133' title='bbox 1830 1676 1999 1731; x_wconf 89' lang='lat' dir='ltr'><strong>Deum</strong></span> 
     </span>
     <span class='ocr_line' id='line_1_17' title="bbox 122 1771 1999 1845; baseline 0.001 -19"><span class='ocrx_word' id='word_1_134' title='bbox 122 1779 181 1827; x_wconf 90' lang='lat' dir='ltr'><strong>ut</strong></span> <span class='ocrx_word' id='word_1_135' title='bbox 226 1773 398 1827; x_wconf 83' lang='lat' dir='ltr'><strong>errori</strong></span> <span class='ocrx_word' id='word_1_136' title='bbox 448 1773 846 1828; x_wconf 84' lang='lat' dir='ltr'><strong>adhaereamus.</strong></span> <span class='ocrx_word' id='word_1_137' title='bbox 893 1774 1104 1828; x_wconf 89' lang='lat' dir='ltr'><strong>Nedum</strong></span> <span class='ocrx_word' id='word_1_138' title='bbox 1147 1773 1203 1827; x_wconf 92' lang='lat' dir='ltr'><strong>id</strong></span> <span class='ocrx_word' id='word_1_139' title='bbox 1247 1773 1500 1845; x_wconf 88' lang='lat' dir='ltr'><strong>injungat</strong></span> <span class='ocrx_word' id='word_1_140' title='bbox 1550 1773 1711 1842; x_wconf 82' lang='lat' dir='ltr'><strong>DeuS,</strong></span> <span class='ocrx_word' id='word_1_141' title='bbox 1743 1771 1999 1845; x_wconf 90' lang='lat' dir='ltr'><strong>prohibet</strong></span> 
     </span>
     <span class='ocr_line' id='line_1_18' title="bbox 121 1869 1995 1950; baseline -0.002 -24"><span class='ocrx_word' id='word_1_142' title='bbox 121 1876 339 1926; x_wconf 89' lang='lat' dir='ltr'><strong>econtra</strong></span> <span class='ocrx_word' id='word_1_143' title='bbox 364 1877 627 1943; x_wconf 84' lang='lat' dir='ltr'><strong>tanquam</strong></span> <span class='ocrx_word' id='word_1_144' title='bbox 664 1871 795 1943; x_wconf 90' lang='lat' dir='ltr'><strong>quid</strong></span> <span class='ocrx_word' id='word_1_145' title='bbox 828 1870 1199 1950; x_wconf 80' lang='lat' dir='ltr'><strong>essentialiter</strong></span> <span class='ocrx_word' id='word_1_146' title='bbox 1232 1869 1613 1925; x_wconf 90' lang='lat' dir='ltr'><strong>inordinatum</strong></span> <span class='ocrx_word' id='word_1_147' title='bbox 1649 1876 1700 1925; x_wconf 94' lang='lat' dir='ltr'><strong>et</strong></span> <span class='ocrx_word' id='word_1_148' title='bbox 1738 1887 1995 1942; x_wconf 82' lang='lat' dir='ltr'><strong>pravum,</strong></span> 
     </span>
     <span class='ocr_line' id='line_1_19' title="bbox 120 1967 1997 2043; baseline 0.001 -22"><span class='ocrx_word' id='word_1_149' title='bbox 120 1984 187 2021; x_wconf 91' lang='lat' dir='ltr'><strong>ne</strong></span> <span class='ocrx_word' id='word_1_150' title='bbox 212 1985 497 2024; x_wconf 90' lang='lat' dir='ltr'><strong>assensum</strong></span> <span class='ocrx_word' id='word_1_151' title='bbox 522 1975 847 2043; x_wconf 62' lang='lat' dir='ltr'><strong>praestemus</strong></span> <span class='ocrx_word' id='word_1_152' title='bbox 873 1968 973 2024; x_wconf 93' lang='lat' dir='ltr'><strong>ulli</strong></span> <span class='ocrx_word' id='word_1_153' title='bbox 1001 1968 1314 2035; x_wconf 87' lang='lat' dir='ltr'><strong>assertioni,</strong></span> <span class='ocrx_word' id='word_1_154' title='bbox 1338 1967 1607 2039; x_wconf 91' lang='lat' dir='ltr'><strong>quamdiu</strong></span> <span class='ocrx_word' id='word_1_155' title='bbox 1633 1973 1881 2023; x_wconf 90' lang='lat' dir='ltr'><strong>remanet</strong></span> <span class='ocrx_word' id='word_1_156' title='bbox 1906 1985 1997 2040; x_wconf 89' lang='lat' dir='ltr'><strong>pe-</strong></span> 
     </span>
     <span class='ocr_line' id='line_1_20' title="bbox 120 2063 1995 2137; baseline 0.002 -20"><span class='ocrx_word' id='word_1_157' title='bbox 120 2063 356 2119; x_wconf 85' lang='lat' dir='ltr'><strong>riculum</strong></span> <span class='ocrx_word' id='word_1_158' title='bbox 392 2083 459 2119; x_wconf 88' lang='lat' dir='ltr'><strong>nc</strong></span> <span class='ocrx_word' id='word_1_159' title='bbox 486 2064 555 2121; x_wconf 92' lang='lat' dir='ltr'><strong>sit</strong></span> <span class='ocrx_word' id='word_1_160' title='bbox 582 2066 739 2121; x_wconf 89' lang='lat' dir='ltr'><strong>falsa.</strong></span> <span class='ocrx_word' id='word_1_161' title='bbox 775 2065 938 2120; x_wconf 72' lang='lat' dir='ltr'><strong>Porio</strong></span> <span class='ocrx_word' id='word_1_162' title='bbox 970 2065 1017 2120; x_wconf 90' lang='lat' dir='ltr'><strong>si</strong></span> <span class='ocrx_word' id='word_1_163' title='bbox 1046 2064 1296 2119; x_wconf 88' lang='lat' dir='ltr'><strong>fallibilis</strong></span> <span class='ocrx_word' id='word_1_164' title='bbox 1322 2064 1393 2120; x_wconf 91' lang='lat' dir='ltr'><strong>sit</strong></span> <span class='ocrx_word' id='word_1_165' title='bbox 1418 2065 1558 2137; x_wconf 89' lang='lat' dir='ltr'><strong>Papa</strong></span> <span class='ocrx_word' id='word_1_166' title='bbox 1599 2064 1657 2119; x_wconf 91' lang='lat' dir='ltr'><strong>in</strong></span> <span class='ocrx_word' id='word_1_167' title='bbox 1685 2064 1995 2120; x_wconf 77' lang='lat' dir='ltr'><strong>delinienda</strong></span> 
     </span>
     <span class='ocr_line' id='line_1_21' title="bbox 119 2157 1990 2234; baseline 0.002 -22"><span class='ocrx_word' id='word_1_168' title='bbox 119 2157 244 2228; x_wconf 83' lang='lat' dir='ltr'><strong>fide,</strong></span> <span class='ocrx_word' id='word_1_169' title='bbox 284 2167 530 2215; x_wconf 89' lang='lat' dir='ltr'><strong>remanet</strong></span> <span class='ocrx_word' id='word_1_170' title='bbox 578 2162 890 2234; x_wconf 83' lang='lat' dir='ltr'><strong>periculum</strong></span> <span class='ocrx_word' id='word_1_171' title='bbox 935 2179 1003 2215; x_wconf 90' lang='lat' dir='ltr'><strong>nc</strong></span> <span class='ocrx_word' id='word_1_172' title='bbox 1049 2161 1200 2215; x_wconf 63' lang='lat' dir='ltr'><strong>falsa}</strong></span> <span class='ocrx_word' id='word_1_173' title='bbox 1242 2161 1352 2215; x_wconf 87' lang='lat' dir='ltr'><strong>sint</strong></span> <span class='ocrx_word' id='word_1_174' title='bbox 1394 2160 1572 2234; x_wconf 91' lang='lat' dir='ltr'><strong>ipsius</strong></span> <span class='ocrx_word' id='word_1_175' title='bbox 1617 2161 1990 2229; x_wconf 88' lang='lat' dir='ltr'><strong>definitiones;</strong></span> 
     </span>
     <span class='ocr_line' id='line_1_22' title="bbox 121 2253 1993 2328; baseline 0.005 -25"><span class='ocrx_word' id='word_1_176' title='bbox 121 2253 347 2323; x_wconf 88' lang='lat' dir='ltr'><strong>proinde</strong></span> <span class='ocrx_word' id='word_1_177' title='bbox 371 2255 588 2308; x_wconf 91' lang='lat' dir='ltr'><strong>nullum</strong></span> <span class='ocrx_word' id='word_1_178' title='bbox 613 2256 691 2310; x_wconf 91' lang='lat' dir='ltr'><strong>eis</strong></span> <span class='ocrx_word' id='word_1_179' title='bbox 717 2257 943 2310; x_wconf 84' lang='lat' dir='ltr'><strong>debetur</strong></span> <span class='ocrx_word' id='word_1_180' title='bbox 970 2257 1252 2322; x_wconf 85' lang='lat' dir='ltr'><strong>internum</strong></span> <span class='ocrx_word' id='word_1_181' title='bbox 1279 2256 1485 2310; x_wconf 89' lang='lat' dir='ltr'><strong>mentis</strong></span> <span class='ocrx_word' id='word_1_182' title='bbox 1512 2258 1865 2328; x_wconf 86' lang='lat' dir='ltr'><strong>obsequium,</strong></span> <span class='ocrx_word' id='word_1_183' title='bbox 1895 2276 1993 2313; x_wconf 92' lang='lat' dir='ltr'><strong>seu</strong></span> 
     </span>
     <span class='ocr_line' id='line_1_23' title="bbox 124 2346 818 2405; baseline 0.007 -6"><span class='ocrx_word' id='word_1_184' title='bbox 124 2346 310 2401; x_wconf 91' lang='lat' dir='ltr'><strong>nullus</strong></span> <span class='ocrx_word' id='word_1_185' title='bbox 343 2348 512 2402; x_wconf 91' lang='lat' dir='ltr'><strong>animi</strong></span> <span class='ocrx_word' id='word_1_186' title='bbox 538 2367 818 2405; x_wconf 55' lang='lat' dir='ltr'><strong>assensus</strong></span> 
     </span>
    </p>

    <p class='ocr_par' dir='ltr' id='par_1_4' title="bbox 112 2442 1994 3490">
     <span class='ocr_line' id='line_1_24' title="bbox 194 2442 1994 2519; baseline 0.005 -24"><span class='ocrx_word' id='word_1_187' title='bbox 194 2442 472 2498; x_wconf 78' lang='lat' dir='ltr'><strong>Pnorosmo</strong></span> <span class='ocrx_word' id='word_1_188' title='bbox 508 2445 610 2499; x_wconf 75' lang='lat' dir='ltr'><strong>1x³.</strong></span> <span class='ocrx_word' id='word_1_189' title='bbox 642 2477 708 2483; x_wconf 93' lang='lat'>—</span> <span class='ocrx_word' id='word_1_190' title='bbox 737 2445 1040 2517; x_wconf 84' lang='lat' dir='ltr'><strong>Opinionem</strong></span> <span class='ocrx_word' id='word_1_191' title='bbox 1071 2447 1134 2501; x_wconf 87' lang='lat' dir='ltr'><strong>de</strong></span> <span class='ocrx_word' id='word_1_192' title='bbox 1159 2446 1479 2518; x_wconf 83' lang='lat' dir='ltr'><strong>fallibilitate</strong></span> <span class='ocrx_word' id='word_1_193' title='bbox 1518 2447 1680 2519; x_wconf 86' lang='lat' dir='ltr'><strong>Papae</strong></span> <span class='ocrx_word' id='word_1_194' title='bbox 1719 2451 1867 2503; x_wconf 87' lang='lat' dir='ltr'><strong>toties</strong></span> <span class='ocrx_word' id='word_1_195' title='bbox 1912 2469 1994 2504; x_wconf 86' lang='lat' dir='ltr'><strong>re-</strong></span> 
     </span>
     <span class='ocr_line' id='line_1_25' title="bbox 114 2540 1988 2615; baseline 0.005 -24"><span class='ocrx_word' id='word_1_196' title='bbox 114 2540 350 2609; x_wconf 81' lang='lat' dir='ltr'><strong>probavit</strong></span> <span class='ocrx_word' id='word_1_197' title='bbox 397 2541 555 2595; x_wconf 83' lang='lat' dir='ltr'><strong>Sedes</strong></span> <span class='ocrx_word' id='word_1_198' title='bbox 581 2543 899 2614; x_wconf 85' lang='lat' dir='ltr'><strong>Apostolica,</strong></span> <span class='ocrx_word' id='word_1_199' title='bbox 944 2546 1139 2614; x_wconf 83' lang='lat' dir='ltr'><strong>quoties</strong></span> <span class='ocrx_word' id='word_1_200' title='bbox 1181 2545 1404 2615; x_wconf 83' lang='lat' dir='ltr'><strong>aliquem</strong></span> <span class='ocrx_word' id='word_1_201' title='bbox 1440 2545 1566 2615; x_wconf 81' lang='lat' dir='ltr'><strong>fidei</strong></span> <span class='ocrx_word' id='word_1_202' title='bbox 1596 2545 1873 2600; x_wconf 85' lang='lat' dir='ltr'><strong>articulum</strong></span> <span class='ocrx_word' id='word_1_203' title='bbox 1916 2554 1988 2601; x_wconf 87' lang='lat' dir='ltr'><strong>te-</strong></span> 
     </span>
     <span class='ocr_line' id='line_1_26' title="bbox 116 2636 1989 2714; baseline 0.005 -26"><span class='ocrx_word' id='word_1_204' title='bbox 116 2636 337 2690; x_wconf 82' lang='lat' dir='ltr'><strong>nendum</strong></span> <span class='ocrx_word' id='word_1_205' title='bbox 377 2640 724 2711; x_wconf 74' lang='lat' dir='ltr'><strong>praescr·ipsit;</strong></span> <span class='ocrx_word' id='word_1_206' title='bbox 780 2641 832 2694; x_wconf 82' lang='lat' dir='ltr'><strong>id</strong></span> <span class='ocrx_word' id='word_1_207' title='bbox 877 2649 974 2711; x_wconf 87' lang='lat' dir='ltr'><strong>est,</strong></span> <span class='ocrx_word' id='word_1_208' title='bbox 1012 2643 1207 2711; x_wconf 79' lang='lat' dir='ltr'><strong>quoties</strong></span> <span class='ocrx_word' id='word_1_209' title='bbox 1260 2642 1461 2713; x_wconf 84' lang='lat' dir='ltr'><strong>aliquid</strong></span> <span class='ocrx_word' id='word_1_210' title='bbox 1501 2644 1639 2697; x_wconf 87' lang='lat' dir='ltr'><strong>circa</strong></span> <span class='ocrx_word' id='word_1_211' title='bbox 1682 2644 1838 2714; x_wconf 73' lang='lat' dir='ltr'><strong>fidem</strong></span> <span class='ocrx_word' id='word_1_212' title='bbox 1895 2653 1989 2699; x_wconf 82' lang='lat' dir='ltr'><strong>aut</strong></span> 
     </span>
     <span class='ocr_line' id='line_1_27' title="bbox 113 2735 1986 2812; baseline 0.004 -25"><span class='ocrx_word' id='word_1_213' title='bbox 113 2751 282 2788; x_wconf 86' lang='lat' dir='ltr'><strong>mores</strong></span> <span class='ocrx_word' id='word_1_214' title='bbox 323 2735 577 2805; x_wconf 78' lang='lat' dir='ltr'><strong>definivit,-</strong></span> <span class='ocrx_word' id='word_1_215' title='bbox 640 2737 693 2791; x_wconf 87' lang='lat' dir='ltr'><strong>id</strong></span> <span class='ocrx_word' id='word_1_216' title='bbox 733 2745 831 2807; x_wconf 91' lang='lat' dir='ltr'><strong>est,</strong></span> <span class='ocrx_word' id='word_1_217' title='bbox 867 2741 1172 2794; x_wconf 77' lang='lat' dir='ltr'><strong>sexcenties.</strong></span> <span class='ocrx_word' id='word_1_218' title='bbox 1221 2771 1290 2778; x_wconf 95' lang='lat'>—</span> <span class='ocrx_word' id='word_1_219' title='bbox 1323 2738 1458 2793; x_wconf 90' lang='lat' dir='ltr'><strong>Nam</strong></span> <span class='ocrx_word' id='word_1_220' title='bbox 1522 2739 1738 2810; x_wconf 88' lang='lat' dir='ltr'><strong>quoties</strong></span> <span class='ocrx_word' id='word_1_221' title='bbox 1773 2739 1986 2812; x_wconf 92' lang='lat' dir='ltr'><strong>aliquid</strong></span> 
     </span>
     <span class='ocr_line' id='line_1_28' title="bbox 113 2829 1986 2902; baseline 0.005 -19"><span class='ocrx_word' id='word_1_222' title='bbox 113 2829 298 2885; x_wconf 84' lang='lat' dir='ltr'><strong>definit</strong></span> <span class='ocrx_word' id='word_1_223' title='bbox 329 2831 472 2886; x_wconf 90' lang='lat' dir='ltr'><strong>circa</strong></span> <span class='ocrx_word' id='word_1_224' title='bbox 507 2832 667 2888; x_wconf 87' lang='lat' dir='ltr'><strong>fidem</strong></span> <span class='ocrx_word' id='word_1_225' title='bbox 702 2840 755 2889; x_wconf 92' lang='lat' dir='ltr'><strong>et</strong></span> <span class='ocrx_word' id='word_1_226' title='bbox 782 2852 985 2902; x_wconf 82' lang='lat' dir='ltr'><strong>moreS,</strong></span> <span class='ocrx_word' id='word_1_227' title='bbox 1015 2835 1184 2890; x_wconf 91' lang='lat' dir='ltr'><strong>simul</strong></span> <span class='ocrx_word' id='word_1_228' title='bbox 1209 2835 1468 2891; x_wconf 90' lang='lat' dir='ltr'><strong>omnibus</strong></span> <span class='ocrx_word' id='word_1_229' title='bbox 1503 2836 1702 2891; x_wconf 88' lang='lat' dir='ltr'><strong>Christi</strong></span> <span class='ocrx_word' id='word_1_230' title='bbox 1730 2836 1986 2894; x_wconf 86' lang='lat' dir='ltr'><strong>fidelibus</strong></span> 
     </span>
     <span class='ocr_line' id='line_1_29' title="bbox 114 2925 1983 3007; baseline 0.006 -28"><span class='ocrx_word' id='word_1_231' title='bbox 114 2925 188 2980; x_wconf 88' lang='lat' dir='ltr'><strong>ita</strong></span> <span class='ocrx_word' id='word_1_232' title='bbox 215 2928 508 2983; x_wconf 86' lang='lat' dir='ltr'><strong>tenendum</strong></span> <span class='ocrx_word' id='word_1_233' title='bbox 535 2936 587 2985; x_wconf 92' lang='lat' dir='ltr'><strong>et</strong></span> <span class='ocrx_word' id='word_1_234' title='bbox 625 2931 962 2987; x_wconf 87' lang='lat' dir='ltr'><strong>credendum</strong></span> <span class='ocrx_word' id='word_1_235' title='bbox 999 2933 1224 2988; x_wconf 91' lang='lat' dir='ltr'><strong>mandat</strong></span> <span class='ocrx_word' id='word_1_236' title='bbox 1253 2937 1303 2989; x_wconf 83' lang='lat' dir='ltr'><strong>et</strong></span> <span class='ocrx_word' id='word_1_237' title='bbox 1332 2933 1589 3007; x_wconf 90' lang='lat' dir='ltr'><strong>imperat.</strong></span> <span class='ocrx_word' id='word_1_238' title='bbox 1621 2934 1759 2988; x_wconf 90' lang='lat' dir='ltr'><strong>Dum</strong></span> <span class='ocrx_word' id='word_1_239' title='bbox 1793 2940 1983 2990; x_wconf 90' lang='lat' dir='ltr'><strong>autem</strong></span> 
     </span>
     <span class='ocr_line' id='line_1_30' title="bbox 114 3021 1983 3105; baseline 0.007 -31"><span class='ocrx_word' id='word_1_240' title='bbox 114 3021 192 3075; x_wconf 94' lang='lat' dir='ltr'><strong>sic</strong></span> <span class='ocrx_word' id='word_1_241' title='bbox 224 3021 451 3096; x_wconf 88' lang='lat' dir='ltr'><strong>imperat</strong></span> <span class='ocrx_word' id='word_1_242' title='bbox 480 3026 758 3083; x_wconf 88' lang='lat' dir='ltr'><strong>Romanus</strong></span> <span class='ocrx_word' id='word_1_243' title='bbox 786 3029 1053 3098; x_wconf 89' lang='lat' dir='ltr'><strong>Pontifex,</strong></span> <span class='ocrx_word' id='word_1_244' title='bbox 1097 3032 1200 3085; x_wconf 89' lang='lat' dir='ltr'><strong>hoc</strong></span> <span class='ocrx_word' id='word_1_245' title='bbox 1227 3031 1345 3104; x_wconf 89' lang='lat' dir='ltr'><strong>ipso</strong></span> <span class='ocrx_word' id='word_1_246' title='bbox 1385 3031 1628 3105; x_wconf 88' lang='lat' dir='ltr'><strong>seipsum</strong></span> <span class='ocrx_word' id='word_1_247' title='bbox 1661 3031 1983 3104; x_wconf 90' lang='lat' dir='ltr'><strong>pronuntiat</strong></span> 
     </span>
     <span class='ocr_line' id='line_1_31' title="bbox 115 3116 1982 3201; baseline 0.006 -31"><span class='ocrx_word' id='word_1_248' title='bbox 115 3116 479 3175; x_wconf 86' lang='lat' dir='ltr'><strong>infallibilem.</strong></span> <span class='ocrx_word' id='word_1_249' title='bbox 507 3123 702 3196; x_wconf 84' lang='lat' dir='ltr'><strong>Aperta</strong></span> <span class='ocrx_word' id='word_1_250' title='bbox 728 3126 875 3180; x_wconf 85' lang='lat' dir='ltr'><strong>enim</strong></span> <span class='ocrx_word' id='word_1_251' title='bbox 907 3126 1122 3182; x_wconf 92' lang='lat' dir='ltr'><strong>insania</strong></span> <span class='ocrx_word' id='word_1_252' title='bbox 1150 3128 1288 3183; x_wconf 82' lang='lat' dir='ltr'><strong>foret</strong></span> <span class='ocrx_word' id='word_1_253' title='bbox 1315 3128 1383 3197; x_wconf 92' lang='lat' dir='ltr'><strong>si,</strong></span> <span class='ocrx_word' id='word_1_254' title='bbox 1417 3129 1663 3201; x_wconf 89' lang='lat' dir='ltr'><strong>seipsum</strong></span> <span class='ocrx_word' id='word_1_255' title='bbox 1693 3127 1982 3182; x_wconf 88' lang='lat' dir='ltr'><strong>fallibilem</strong></span> 
     </span>
     <span class='ocr_line' id='line_1_32' title="bbox 114 3215 1981 3285; baseline 0.006 -18"><span class='ocrx_word' id='word_1_256' title='bbox 114 3215 435 3285; x_wconf 84' lang='lat' dir='ltr'><strong>reputandO,</strong></span> <span class='ocrx_word' id='word_1_257' title='bbox 488 3219 847 3277; x_wconf 86' lang='lat' dir='ltr'><strong>nihilominus</strong></span> <span class='ocrx_word' id='word_1_258' title='bbox 896 3222 1021 3278; x_wconf 86' lang='lat' dir='ltr'><strong>fidei</strong></span> <span class='ocrx_word' id='word_1_259' title='bbox 1065 3242 1354 3279; x_wconf 86' lang='lat' dir='ltr'><strong>assensum</strong></span> <span class='ocrx_word' id='word_1_260' title='bbox 1402 3223 1819 3279; x_wconf 78' lang='lat' dir='ltr'><strong>delinitionibus</strong></span> <span class='ocrx_word' id='word_1_261' title='bbox 1865 3225 1981 3280; x_wconf 90' lang='lat' dir='ltr'><strong>suis</strong></span> 
     </span>
     <span class='ocr_line' id='line_1_33' title="bbox 113 3312 1983 3393; baseline 0.009 -30"><span class='ocrx_word' id='word_1_262' title='bbox 113 3312 483 3382; x_wconf 77' lang='lat' dir='ltr'><strong>praestandum</strong></span> <span class='ocrx_word' id='word_1_263' title='bbox 524 3313 836 3387; x_wconf 76' lang='lat' dir='ltr'><strong>imperaret,</strong></span> <span class='ocrx_word' id='word_1_264' title='bbox 882 3320 1029 3374; x_wconf 91' lang='lat' dir='ltr'><strong>Unde</strong></span> <span class='ocrx_word' id='word_1_265' title='bbox 1067 3321 1284 3392; x_wconf 90' lang='lat' dir='ltr'><strong>quoties</strong></span> <span class='ocrx_word' id='word_1_266' title='bbox 1313 3321 1453 3393; x_wconf 90' lang='lat' dir='ltr'><strong>Papa</strong></span> <span class='ocrx_word' id='word_1_267' title='bbox 1485 3320 1695 3391; x_wconf 87' lang='lat' dir='ltr'><strong>aliquid</strong></span> <span class='ocrx_word' id='word_1_268' title='bbox 1734 3338 1764 3375; x_wconf 93' lang='lat' dir='ltr'><strong>a</strong></span> <span class='ocrx_word' id='word_1_269' title='bbox 1792 3339 1850 3377; x_wconf 90' lang='lat' dir='ltr'><strong>se</strong></span> <span class='ocrx_word' id='word_1_270' title='bbox 1892 3321 1983 3381; x_wconf 66' lang='lat' dir='ltr'><strong>dt²</strong></span> 
     </span>
     <span class='ocr_line' id='line_1_34' title="bbox 112 3407 1980 3490; baseline 0.009 -29"><span class='ocrx_word' id='word_1_271' title='bbox 112 3407 327 3463; x_wconf 85' lang='lat' dir='ltr'><strong>finitum</strong></span> <span class='ocrx_word' id='word_1_272' title='bbox 365 3411 661 3466; x_wconf 87' lang='lat' dir='ltr'><strong>tenendum</strong></span> <span class='ocrx_word' id='word_1_273' title='bbox 698 3421 750 3470; x_wconf 90' lang='lat' dir='ltr'><strong>et</strong></span> <span class='ocrx_word' id='word_1_274' title='bbox 785 3417 1117 3472; x_wconf 89' lang='lat' dir='ltr'><strong>credendum</strong></span> <span class='ocrx_word' id='word_1_275' title='bbox 1163 3418 1422 3490; x_wconf 87' lang='lat' dir='ltr'><strong>injungit,</strong></span> <span class='ocrx_word' id='word_1_276' title='bbox 1461 3418 1627 3474; x_wconf 86' lang='lat' dir='ltr'><strong>toties</strong></span> <span class='ocrx_word' id='word_1_277' title='bbox 1661 3436 1777 3475; x_wconf 88' lang='lat' dir='ltr'><strong>sese</strong></span> <span class='ocrx_word' id='word_1_278' title='bbox 1815 3419 1980 3477; x_wconf 88' lang='lat' dir='ltr'><strong>infal-</strong></span> 
     </span>
    </p>
   </div>
   <div class='ocr_carea' id='block_1_3' title="bbox 110 3500 1975 3660">
    <p class='ocr_par' dir='ltr' id='par_1_5' title="bbox 110 3500 1975 3660">
     <span class='ocr_line' id='line_1_35' title="bbox 110 3500 1975 3591; baseline 0.011 -35"><span class='ocrx_word' id='word_1_279' title='bbox 110 3502 317 3560; x_wconf 88' lang='lat' dir='ltr'><strong>libilem</strong></span> <span class='ocrx_word' id='word_1_280' title='bbox 369 3506 578 3577; x_wconf 83' lang='lat' dir='ltr'><strong>delinit,</strong></span> <span class='ocrx_word' id='word_1_281' title='bbox 626 3517 676 3566; x_wconf 85' lang='lat' dir='ltr'><strong>et</strong></span> <span class='ocrx_word' id='word_1_282' title='bbox 716 3512 1023 3585; x_wconf 89' lang='lat' dir='ltr'><strong>oppositam</strong></span> <span class='ocrx_word' id='word_1_283' title='bbox 1072 3514 1386 3588; x_wconf 89' lang='lat' dir='ltr'><strong>opinionem</strong></span> <span class='ocrx_word' id='word_1_284' title='bbox 1429 3500 1687 3591; x_wconf 79' lang='lat' dir='ltr'><strong>reprobat</strong></span> <span class='ocrx_word' id='word_1_285' title='bbox 1736 3536 1798 3575; x_wconf 88' lang='lat' dir='ltr'><strong>ac</strong></span> <span class='ocrx_word' id='word_1_286' title='bbox 1846 3537 1975 3577; x_wconf 89' lang='lat' dir='ltr'><strong>con-</strong></span> 
     </span>
     <span class='ocr_line' id='line_1_36' title="bbox 112 3597 350 3660; baseline 0.029 -7"><span class='ocrx_word' id='word_1_287' title='bbox 112 3597 350 3660; x_wconf 80' lang='lat' dir='ltr'><strong>demnat.</strong></span> 
     </span>
    </p>
   </div>
  </div>
 </body>
</html>
