2262 3990
812 188 935 236 PARS
963 186 1161 235 TERTIA.
1834 177 1919 224 529

0 336 1 370 i
57 300 115 355 ln
138 297 367 373 epistola
393 315 461 367 iv,
489 314 586 354 seu
617 293 1039 353 commonitorio
1062 293 1131 350 ad
1154 291 1447 348 Faustum:
1477 306 1505 340 α
1534 286 1640 362 lpsi
1675 290 1806 342 sunt
1830 299 1947 340 ca-·

0 380 1 390 ἵ
59 413 229 452 nones
250 394 346 468 qui
371 393 761 470 appellationes
779 391 948 449 totius
973 389 1228 447 Ecclesiae
1249 387 1316 445 ad
1331 386 1500 460 hujus
1523 383 1676 442 Sedis
1696 398 1924 440 examen

59 495 277 552 voluere
301 494 504 551 deferri
526 516 536 560 ;
568 494 628 549 ab
656 495 768 567 ipsa
792 510 915 548 vero
945 507 1201 564 nusquam
1216 503 1437 562 prorsus
1456 483 1718 559 appellari
1742 482 1924 538 debere

60 599 360 648 sanxerunt.
391 592 465 647 Ac
494 609 592 666 per
623 592 746 660 hoc,
767 589 910 645 illam
934 589 996 644 de
1023 596 1128 644 tota
1149 586 1384 643 Ecclesia
1396 584 1657 657 judica-re,
1678 581 1840 654 ipsam
1861 578 1928 634 ad

61 691 251 747 nullius
277 707 568 746 commeare
588 689 914 762 judicium...
947 686 1063 742 Non
1087 701 1343 741 veremur
1374 700 1442 738 ne
1467 679 1769 756 apostolica
1803 696 1932 734 sen-

67 787 234 845 tentia
267 786 591 856 resolvatur,
623 803 790 858 quam
833 793 882 840 et
921 801 1022 839 vox
1047 782 1259 850 Christi,
1298 786 1347 836 et
1375 778 1651 851 majorum
1684 775 1931 844 traditio,

63 889 115 939 et
148 901 423 940 canonum
448 882 602 939 fulcit
628 880 947 947 auctoritaS,
970 887 1026 934 ut
1047 885 1206 933 totam
1223 879 1400 951 potius
1416 876 1703 932 Ecclesiam
1725 891 1933 947 semper

62 981 174 1053 ipsa
193 980 381 1055 (Sedes
407 979 671 1049 Romana)
693 978 932 1051 dijude‘cet
952 966 983 1028 Ι»
1008 975 1225 1048 (Latmo,
1254 981 1294 1030 t.
1319 973 1401 1043 IV,
1423 972 1530 1028 col.
1559 973 1704 1028 ‘1168
1723 978 1776 1028 et
1793 962 1942 1043 seq.‚‘

62 1076 195 1138 edit.
226 1075 470 1146 Parisiis,
511 1075 696 1143 1671).
734 1074 787 1130 Si
819 1074 1069 1138 Romana
1088 1072 1248 1128 Sedes
1279 1071 1372 1143 jus
1418 1070 1618 1125 habeat
1649 1067 1939 1141 judicandi

66 1180 222 1228 totam
267 1171 595 1240 Ecclesiam,
641 1177 693 1227 et
742 1171 858 1245 ipsa
909 1171 1098 1226 nullius
1147 1168 1354 1244 judicio
1404 1166 1704 1240 subjaceat,
1752 1183 1943 1220 conse-

63 1287 237 1342 quens
266 1275 346 1326 est
380 1276 440 1326 ut
471 1269 751 1324 Romanus
791 1269 1034 1325 Pontifex
1066 1268 1135 1323 sit
1172 1285 1338 1342 supra
1374 1266 1560 1340 ipsum
1610 1264 1777 1320 etiam
1812 1282 1940 1318 con-

70 1365 289 1433 cilium,
345 1365 526 1438 quoad
574 1365 766 1435 fidem,
825 1365 1176 1439 disciplinam
1230 1370 1282 1419 et
1329 1362 1651 1436 judicialem
1705 1367 1944 1437 potesta-

77 1466 205 1516 lein.

147 1556 204 1610 ln
229 1556 427 1612 litteris
466 1556 581 1612 suis
622 1557 688 1611 ad
731 1556 1025 1631 Episcopos
1055 1556 1343 1613 Dardaniae
1370 1578 1381 1609 z
1414 1578 1440 1608 «
1471 1556 1598 1620 Qua}
1631 1555 1814 1630 (Sedes
1843 1555 1946 1611 Ro-

74 1655 253 1724 mana)
276 1660 327 1708 et
351 1671 798 1728 unamquamque
826 1654 1100 1730 synodum
1119 1673 1215 1710 sua
1236 1655 1550 1710 auctoritate
1570 1657 1862 1725 confirmat.
1879 1695 1889 1707 .
1905 1694 1942 1722 .‚

75 1767 173 1822 pro
222 1768 316 1804 suo
373 1749 579 1805 scilicet
613 1752 929 1823 principatu,
979 1769 1142 1823 quem
1186 1751 1380 1806 heatus
1427 1750 1619 1804 Petrus
1661 1749 1946 1823 apostolus

74 1843 428 1902 Dominivoce
449 1852 840 1919 perceptum...
863 1853 915 1902 et
937 1845 1113 1901 tenuit
1141 1863 1361 1918 semper
1379 1851 1430 1901 et
1447 1847 1637 1901 retinet
1659 1867 1686 1898 >2
1715 1844 1942 1915 (Labbe,

73 1941 224 2010 t·.1V,
256 1942 359 1997 001.
408 1942 572 2012 1200,
615 1943 746 1998 edit.
791 1942 1035 2011 ParisiiS‚
1076 1943 1266 2014 1671).
1319 1942 1374 1997 Si
1411 1943 1669 2002 Romano
1694 1941 1943 1997 Pontifici

75 2046 343 2114 competat
377 2041 680 2113 quamlibet
717 2041 987 2114 synodum
1038 2044 1343 2113 confirmare
1370 2060 1468 2116 pro
1493 2061 1593 2097 suo
1620 2045 1942 2116 principatu,

77 2135 132 2191 id
165 2144 266 2205 est,
293 2144 563 2209 quatenus
595 2139 868 2211 superior,
897 2138 1097 2194 invicte
1131 2139 1384 2210 sequitur
1411 2138 1595 2213 ipsum
1627 2158 1747 2196 0550
1779 2159 1948 2212 supra

80 2233 395 2303 concilium,
437 2236 617 2306 quoad
667 2254 783 2290 rem
826 2241 995 2291 totam
1023 2235 1479 2306 ecclesiasticam,
1515 2237 1569 2291 id
1607 2243 1710 2307 est,
1767 2238 1948 2309 quoad

83 2328 266 2398 iidem,
305 2328 655 2403 disciplinam
701 2337 751 2385 et
781 2331 1013 2403 judicia.

156 2424 213 2480 In
236 2425 358 2481 aliis
385 2425 451 2480 ad
476 2426 768 2501 Episcopos
798 2428 1079 2484 Dardaniae
1105 2429 1303 2486 litteris
1329 2450 1339 2485 t
1376 2452 1401 2482 «
1427 2431 1627 2487 Cuncta
1656 2450 1755 2505 per
1790 2451 1951 2488 mun-

82 2524 213 2579 dum
256 2524 405 2580 novit
462 2524 722 2594 Ecclesia,
758 2527 1020 2599 quoniam
1068 2530 1405 2600 quorumlibet
1452 2531 1741 2586 sententiis
1786 2531 1952 2603 ligata

79 2619 398 2676 Pontificum
425 2620 587 2676 Sedes
626 2622 767 2677 beati
803 2623 944 2678 Petri
986 2624 1218 2697 apostoli
1252 2626 1345 2699 jus
1387 2627 1586 2681 habeat
1617 2627 1950 2697 resolvendi,

84 2724 269 2791 utpote
298 2737 419 2790 quae
461 2720 523 2773 (Ie
566 2722 701 2775 omni
730 2720 976 2775 Ecclesiae
1016 2725 1098 2794 fas
1127 2723 1313 2778 habeat
1331 2726 1627 2795 J‘udieamli,
1658 2745 1822 2798 neque
1852 2729 1958 2782 cui-

85 2817 316 2885 quamde
357 2818 460 2887 ejus
501 2818 647 2872 liceat
675 2819 907 2889 judicare
924 2820 1124 2892 judicio
1154 2842 1180 2873 »
1209 2821 1392 2892 (ibid,
1429 2824 1532 2878 col.
1588 2823 1770 2893 1205).
1808 2825 1866 2878 Et
1898 2825 1954 2877 in

86 2911 394 2983 exemplum
431 2912 652 2969 adducit
686 2922 911 2971 sanctus
939 2916 1187 2973 Gelasius
1218 2919 1514 2974 concilium
1548 2919 1956 2991 cujussenten-

92 3005 166 3060 lia
189 3004 246 3059 in
269 3006 623 3063 Athanasium
653 3028 748 3083 per
773 3013 876 3067 hoc
901 3013 1082 3068 solum
1107 3015 1393 3071 annullata
1420 3027 1502 3071 est
1526 3016 1672 3088 quod
1693 3015 1741 3071 ei
1762 3017 1957 3071 Roma-
2038 3017 2043 3020 ’

94 3120 197 3156 nus
227 3102 468 3159 Pontifex
495 3122 604 3159 non
635 3108 998 3164 consenserit.

166 3202 377 3254 Saxcrus
415 3199 656 3255 Nicotaus
685 3201 724 3257 1.
761 3234 829 3242 —
855 3204 955 3267 Qui
992 3213 1208 3264 creatus
1254 3214 1336 3264 est
1379 3209 1620 3266 Pontifex
1654 3229 1797 3267 anno
1826 3212 1953 3268 858.

95 3327 162 3336 -—
187 3295 345 3366 Cujus
364 3295 639 3366 (Romame
672 3297 940 3372 Ecclesiae)
971 3306 1280 3359 alletoritate
1314 3314 1467 3376 atque
1497 3309 1764 3363 sanct-ione
1785 3329 1959 3366 omnes

92 3392 278 3462 synodi
330 3399 378 3446 et
421 3399 602 3447 sancta
649 3396 864 3450 concilia
910 3398 1224 3454 roborantur
1273 3409 1322 3455 et
1368 3404 1705 3460 stabilitatem
1753 3414 1961 3462 cuntant

97 3488 320 3558 (Labbc,
351 3497 390 3545 t.
423 3490 549 3560 vlu,
584 3491 686 3547 col.
727 3493 857 3562 ⁶285,
886 3494 1019 3552 edit.
1047 3495 1290 3567 Parisiis,
1327 3500 1507 3572 1671).
1542 3502 1594 3557 Si
1623 3504 1806 3560 omnia
1836 3523 1963 3561 con-

97 3584 221 3641 cilia
255 3587 427 3643 robur
449 3593 501 3643 et
526 3588 884 3646 stabilitatem
906 3593 1124 3652 trahant
1143 3613 1207 3651 ex
1226 3597 1551 3655 auctoritate
1568 3582 1799 3658 Romani
1821 3603 1960 3659 Pon-

337 3705 382 3738 ιι.
1481 3728 1483 3730 ·
1671 3708 1727 3755 54
