2306 4010
790 161 920 210 PARS
949 160 1188 208 saeuum.
1333 219 1335 222 .
1847 157 1936 204 225

45 269 263 334 tellecta
294 265 442 322 idem
473 272 635 324 sonat
663 285 726 325 ac
755 275 990 342 potestas
1018 266 1249 343 papali&-
1279 281 1404 338 quae
1424 280 1525 338 per
1552 280 1632 335 se,
1669 267 1722 319 et
1745 269 1935 337 quate-

45 383 155 430 nus
187 362 433 436 sejuncta
466 378 498 417 a
526 360 692 435 Papa,
735 379 891 419 mera
923 369 1007 420 est
1033 360 1329 420 abstractio
1365 358 1589 430 mentiS‚
1625 363 1679 415 et
1714 375 1814 415 ens
1845 377 1933 416 ra·

46 462 232 523 tionis.
266 458 498 517 Proinde
532 458 694 516 Sedes
735 460 1048 532 apostolica,
1078 461 1157 517 sic
1190 460 1496 531 intellecta,
1529 457 1670 514 nihil
1702 475 1934 532 prorsus

47 566 131 620 est
156 558 266 616 nisi
289 576 387 632 per
420 557 725 614 sedentem.
752 556 928 630 Igitur
961 558 1188 613 omnino
1210 557 1428 614 fatuum
1456 562 1540 614 est
1564 555 1934 612 infallibilita-

49 663 163 715 tem
186 659 278 712 aut
306 653 615 727 quidquam
652 652 808 711 aliud
839 653 923 709 illi
952 653 1223 723 tribuere,
1261 659 1316 709 et
1347 654 1518 709 simul
1547 653 1687 710 illud
1722 652 1935 711 sedenti

46 751 291 816 Romano
324 750 576 808 Pontifici
608 749 901 824 denegare.
926 749 994 805 At
1034 765 1218 821 neque
1245 748 1353 823 ipsi
1390 749 1657 806 Gallicani
1699 748 1930 806 distinc-

46 848 261 907 tionem
292 866 472 916 suam,
500 849 644 904 sedis
674 851 729 904 et
748 846 1000 916 sedentia,
1038 847 1099 901 in
1128 845 1231 901 hoc
1270 846 1481 901 absono
1521 863 1691 903 sensu
1732 846 1938 903 intelli-

49 953 205 1032 gunt,
247 946 342 1003 sed
378 946 535 1004 illam
573 944 924 1020 explicarunt
952 944 1112 1017 juxta
1145 942 1352 1018 duplex
1391 961 1632 1017 sequens
1667 950 1927 1019 systema,

46 1044 298 1103 videlicet
328 1065 340 1098 ε

68 1193 70 1195 ,
124 1144 178 1200 5⁰
215 1141 477 1198 Nonnulli
517 1158 616 1216 per
644 1133 829 1198 Sedem
859 1140 1202 1214 apostolicam
1240 1138 1583 1212 intelligunt,
1610 1154 1724 1193 non
1757 1138 1938 1193 solum

0 1274 2 1290 ›
47 1237 353 1297 Romanum
393 1238 736 1309 Pontificem,
774 1238 869 1295 sed
904 1237 1094 1313 ipsum
1140 1235 1311 1292 simul
1346 1253 1478 1292 cum
1510 1235 1655 1292 clero
1698 1240 1750 1291 et
1784 1233 1934 1290 fideli

50 1350 290 1395 romanae
317 1334 567 1391 dioecesis
593 1333 828 1409 populo;
870 1334 1189 1406 intelligunt
1222 1333 1436 1390 scilicet
1455 1333 1744 1388 Romanam
1764 1330 1938 1387 Eccle-

57 1435 204 1503 siam,
241 1440 517 1504 quatenus
543 1431 809 1506 Episcopo
847 1449 949 1487 suo
988 1448 1051 1486 ac
1087 1431 1232 1486 clero
1271 1429 1535 1501 fidelique
1571 1428 1779 1502 populo
1811 1445 1941 1483 con-

64 1533 316 1588 stantem.
359 1530 422 1586 Et
466 1530 546 1586 sic
577 1531 781 1600 sedem,
839 1529 896 1584 id
951 1535 1057 1600 est,
1110 1533 1283 1584 totam
1333 1527 1488 1583 illam
1533 1526 1865 1597 Ecclesiam,
1911 1544 1942 1582 a

68 1625 282 1696 sedente,
309 1627 366 1682 id
401 1632 503 1694 est,
546 1644 577 1682 a
615 1626 733 1682 solo
765 1625 1011 1682 Romano
1045 1626 1333 1700 EpiscopO,
1372 1624 1802 1696 distinguenteS‚
1851 1623 1935 1678 in-

69 1718 445 1778 fallibilitatem
471 1723 644 1798 priori
678 1722 1027 1796 adscribunt,
1058 1741 1169 1778 non
1196 1722 1510 1797 posteriori,
1543 1721 1650 1776 Seu
1676 1720 1799 1775 aliis
1828 1725 1938 1774 ter-

68 1815 255 1887 miniS‚
277 1817 615 1876 infallibilem
643 1819 956 1876 concedunt
990 1819 1303 1875 Romanum
1330 1817 1649 1874 Pontificem
1691 1816 1738 1871 si
1768 1815 1936 1872 fidem

65 1909 286 1968 definiat
318 1914 422 1987 ipsi
450 1916 785 1974 assentiente
830 1915 979 1972 clero
1015 1934 1076 1971 ac
1106 1916 1257 1972 fideli
1294 1915 1499 1990 populo
1537 1913 1816 1982 Romano;
1857 1933 1941 1972 se-

57 2023 155 2063 cus
201 2009 247 2064 si
287 2010 403 2085 ipse
441 2013 588 2070 solus
629 2013 944 2070 definiverit
998 2031 1099 2069 nec
1159 2013 1263 2070 iste
1314 2030 1577 2070 assensus
1620 2012 1938 2069 accesserit.

57 2102 219 2162 Porro
249 2108 518 2180 ejusmodi
546 2117 784 2185 systema
824 2111 1030 2168 falsum
1063 2129 1293 2186 prorsus
1329 2117 1411 2167 est
1443 2117 1497 2167 et
1530 2112 1826 2167 absonum.

135 2201 336 2272 Primo,
367 2207 676 2262 notandum
698 2207 873 2276 venit,
901 2210 1068 2263 hocce
1095 2213 1395 2280 systemate
1417 2208 1720 2278 gallicanos
1747 2225 1942 2281 parum

59 2294 119 2350 in
161 2297 318 2369 praxi
351 2300 550 2370 juvari.
590 2301 889 2371 Nunquam
931 2301 1082 2356 enim
1130 2301 1482 2357 definitiones
1524 2303 1651 2357 fidei
1692 2303 1805 2357 edit
1847 2304 1948 2359 Ro-

0 2463 1 2468 *
63 2410 263 2448 manus
290 2393 553 2463 Pontifex,
582 2395 689 2449 nisi
717 2395 1048 2451 assentiente
1073 2396 1318 2452 Romano
1344 2397 1490 2452 clero
1516 2415 1579 2452 ac
1602 2398 1825 2471 populo.
1854 2398 1941 2454 Ni-

0 2532 5 2558 ,
62 2490 270 2545 mirum
305 2491 620 2547 inauditum
648 2498 730 2549 est
757 2492 1038 2571 majorem
1056 2493 1187 2549 cleri
1215 2500 1267 2550 et
1290 2494 1479 2569 populi
1505 2494 1682 2551 fidelis
1705 2495 1939 2552 Romani

0 2660 2 2668 k
59 2592 273 2661 partem
306 2606 416 2644 non
445 2589 786 2661 acquievisse
817 2590 1038 2663 quando
1077 2591 1217 2665 Papa
1251 2591 1538 2647 decretum
1566 2593 1788 2666 aliquod
1817 2593 1942 2650 fidei

61 2683 254 2741 edidit.
286 2685 615 2757 Praesertim,
649 2704 775 2742 cum
810 2687 1107 2742 adversarii
1142 2689 1518 2744 necessarium
1552 2689 1839 2745 dumtaxat
1862 2691 1944 2746 di-

64 2786 190 2835 cant
213 2798 502 2839 assensum
530 2783 760 2852 silentii,
794 2802 906 2840 non
927 2789 1113 2841 autem
1136 2785 1355 2859 exigant
1379 2792 1440 2842 ut
1477 2805 1667 2843 omnes
1685 2788 1944 2845 Romanae

68 2873 317 2933 dioecesis
342 2879 528 2935 clerici
567 2898 629 2937 ac
653 2880 855 2954 'fideles
885 2881 1055 2937 simul
1081 2901 1209 2938 cum
1239 2883 1382 2958 Papa
1417 2886 1799 2957 pronuntient,
1849 2893 1942 2942 aut

72 2987 170 3043 per
202 2988 523 3046 expressum
564 2996 726 3034 suum
761 2979 1037 3051 judicium
1075 2982 1329 3055 papalem
1374 2983 1706 3038 sententiam
1749 2983 1945 3038 confir-

73 3072 247 3121 ment.

150 3162 386 3219 Secundo
414 3171 648 3238 systema
684 3167 835 3224 istud
863 3170 1316 3227 manifestissime
1349 3172 1675 3228 contradicit
1711 3173 1948 3246 promis-

74 3258 325 3315 sionibus
367 3258 588 3328 Christi,
625 3268 744 3318 tum
788 3265 1150 3337 personaliter
1186 3265 1255 3321 ad
1292 3267 1542 3336 Petrum,
1584 3273 1705 3322 tum
1750 3268 1945 3326 collec-

71 3356 182 3434 tive
216 3357 280 3413 ad
308 3376 500 3414 omnes
534 3358 701 3414 simul
727 3363 999 3435 apostolos
1031 3363 1277 3420 directis.
1306 3364 1524 3419 Etenim
1569 3364 1625 3418 in
1668 3367 1945 3440 evangelio

0 3531 11 3536 -
74 3455 299 3528 quidem
328 3456 636 3532 reperimus
658 3475 973 3531 supremam
994 3465 1320 3534 potestatem
1341 3460 1502 3518 Petro
1526 3465 1892 3536 personaliter
1914 3485 1943 3523 a

0 3576 4 3595 >
75 3549 284 3610 christo
320 3553 579 3612 collatam
622 3554 797 3614 fuisse
831 3555 983 3613 hisce
1007 3556 1192 3613 verbis
1227 3577 1239 3611 ε
1279 3557 1352 3614 Tu
1387 3577 1444 3616 es
1477 3559 1665 3618 Petrus
1697 3571 1749 3620 et
1786 3582 1944 3638 super
