2262 3990
833 146 963 194 PARS
993 144 1236 193 SECUNDA.
1891 142 1977 189 4⁴¹2

98 251 313 314 tenuris
354 258 573 309 motum
615 252 879 310 moderna
925 251 1163 325 scientia
1202 250 1448 325 rigorose
1489 249 1977 319 demonstraverit;

95 350 152 407 4⁰
195 366 355 407 suam
387 354 710 424 potestatem
746 347 981 407 excessit
1023 347 1234 404 dictum
1271 346 1538 416 tribunal,
1582 345 1805 420 quando
1839 345 1980 403 Gali-

93 447 258 504 laeum
294 447 473 520 coegit
500 452 563 503 ut
598 463 663 503 ex
687 445 875 504 animo
909 445 1126 520 juraret
1163 462 1224 501 56
1257 444 1465 501 falsum
1500 442 1727 501 credere
1761 442 1980 501 telluris

97 550 340 611 motum3
381 543 437 599 5⁰
468 560 823 617 nequaquam
864 541 996 598 inde
1038 540 1293 614 sequitur
1325 558 1553 616 pravam
1593 557 1715 599 6556
1743 539 1982 613 Inquisi-

98 640 264 699 tionis
288 659 386 698 seu
410 640 591 698 Sancti
618 639 792 698 Officii
814 638 1265 696 institutionem.¹

170 739 231 794 ln
260 745 607 795 antecessum
644 741 830 792 autem
859 734 1186 808 colligemus
1227 752 1293 790 ac
1328 734 1552 791 lectoris
1589 735 1766 793 oculis
1808 733 1981 809 subji-

98 835 309 892 ciemus
333 834 534 891 scriem
563 833 1053 900 documentorum,
1091 829 1298 903 quibus
1335 835 1449 888 tota
1490 833 1606 889 haec
1648 838 1838 889 nostra
1864 831 1979 889 dis-

97 933 331 1008 ceptatio
356 932 574 988 nititur.

638 1151 664 1203 g
682 1150 703 1191 1
714 1180 724 1191 .
743 1169 797 1180 —
812 1148 1136 1191 Praemittuntm·
1158 1148 1419 1191 documenta.

161 1301 486 1356 Docuuemun
517 1300 558 1355 Ι.
579 1300 941 1357 —Decretum
969 1301 1147 1357 Sacrae
1179 1300 1609 1373 Congreyationis
1634 1300 1846 1371 Inclicz‘S,
1878 1303 1983 1357 (liei

92 1403 124 1458 5
151 1402 329 1456 martii
361 1398 530 1467 1616,
565 1416 663 1471 quo
695 1399 935 1454 doctrina
961 1400 1026 1453 de
1048 1398 1334 1453 mobilitate
1365 1405 1523 1454 terrae
1548 1407 1597 1453 et
1623 1399 1981 1454 immobilitate

16 1533 17 1540 κ
90 1497 217 1554 solis
242 1496 512 1553 declarata
538 1505 615 1552 est
644 1497 783 1569 salsa
805 1505 855 1553 et
882 1497 1084 1553 Divinae
1111 1497 1392 1570 Scripturae
1418 1497 1982 1554 adversans.—Hocce

92 1595 486 1651 documentum
517 1592 686 1650 edidit
712 1593 1060 1650 clarissimus
1079 1593 1287 1667 jesuita
1317 1593 1546 1650 Riceioli
1577 1594 1636 1649 in
1678 1611 1844 1668 opere
1879 1611 1980 1650 suo

90 1690 447 1763 Almaqestum
479 1708 667 1745 novum
686 1694 700 1719 ¹
730 1691 902 1764 (tomo
927 1691 991 1761 II,
1015 1708 1138 1764 pag.
1173 1690 1304 1759 496,
1334 1691 1465 1747 edit.
1495 1688 1756 1758 Boloniae,
1783 1689 1977 1760 1655),

90 1784 194 1841 sub
221 1786 322 1842 hoc
349 1786 544 1841 titulo:
574 1785 855 1842 Extractus
890 1787 1086 1842 decreti
1104 1786 1278 1842 Sacrae
1298 1785 1724 1859 Conqreyationis
1750 1787 1980 1840 eminen-

89 1885 402 1940 tissimorum
427 1891 624 1940 sanctae
650 1885 900 1940 Romanae
915 1884 1163 1940 Ecclesiae
1192 1883 1578 1952 Cardinalium,
1612 1884 1704 1938 sub
1742 1883 1911 1939 Paulo
1941 1883 1987 1941 V

92 1982 239 2053 editt,
259 1983 290 2039 5
314 1984 491 2037 martii
516 1982 682 2037 1616.
705 1982 865 2038 Notat
890 1987 1076 2039 autem
1104 1981 1252 2037 idem
1278 1981 1529 2052 Riccioli,
1554 1987 1741 2038 extare
1762 1986 1977 2037 textum

94 2078 497 2147 authenticum,
532 2081 745 2150 reyes-tri
771 2079 895 2151 folio
925 2078 1016 2135 90.
1053 2079 1161 2135 Nos
1210 2097 1274 2135 ex
1309 2078 1550 2134 Ricciolo
1580 2078 1723 2134 illud
1754 2096 1979 2153 excerp-

97 2178 240 2239 tum,
285 2192 382 2228 seu
414 2175 566 2228 illam
612 2175 820 2231 decreti
872 2182 1085 2248 partem
1128 2193 1296 2247 quam
1339 2175 1457 2248 ipse
1503 2175 1698 2244 edidit,
1741 2175 1979 2232 fideliter

100 2269 524 2325 transcribimus
551 2292 562 2323 :

174 2386 202 2417 α
226 2364 287 2420 Et
325 2365 454 2437 quia
485 2365 652 2422 etiam
691 2365 760 2422 ad
794 2366 1048 2422 notitiam
1094 2366 1334 2442 praefatae
1369 2367 1817 2442 Congregationis
1855 2388 1978 2444 per-

98 2461 272 2530 venit,
333 2462 526 2517 salsam
586 2462 738 2517 illam
794 2463 1106 2519 doctrinam
1158 2464 1604 2539 Pythagorieam,
1665 2466 1978 2541 Divinaeque

93 2559 392 2633 Scripturae
427 2560 656 2616 omnino
692 2559 1096 2634 adversantem,
1132 2562 1200 2618 de
1236 2563 1549 2620 mobilitate
1582 2571 1742 2620 terrae
1778 2572 1830 2622 et
1875 2565 1979 2623 im-

93 2654 397 2712 mobilitate
435 2656 592 2727 soliS,
638 2674 807 2728 quam
845 2656 1101 2714 Nicolaus
1131 2659 1459 2734 Copernieus
1499 2662 1585 2735 (de
1621 2662 1977 2719 Revolutioni-

92 2752 183 2804 bus
226 2752 422 2806 orbium
465 2752 790 2824 caelestium),
838 2759 891 2810 et
933 2753 1170 2811 Didacus
1204 2756 1468 2813 Astuniea
1514 2759 1588 2830 (in
1628 2759 1748 2833 Job)
1806 2760 1974 2817 etiam

94 2844 312 2914 docent,
346 2847 459 2918 jam
490 2848 760 2921 divulgari
792 2855 844 2905 et
877 2868 907 2906 a
942 2851 1134 2908 multis
1168 2852 1359 2927 recipi,
1399 2853 1546 2910 sicut
1578 2855 1766 2912 videre
1799 2864 1882 2912 est
1912 2876 1977 2912 ex

96 2939 326 3014 epistola
366 2942 602 3014 quadam
648 2944 917 3019 impressa
956 2949 1247 3021 cujusdam
1289 2951 1463 3024 patris
1509 2952 1838 3022 Carmelitae,
1883 2953 1976 3008 cui

99 3037 295 3094 titulus
331 3059 343 3090 ε
390 3037 600 3095 Lettera
635 3042 720 3096 del
754 3043 819 3098 R.
867 3044 932 3099 P.
970 3055 1199 3103 maestro
1238 3048 1406 3103 Paolo
1442 3049 1665 3104 Antonio
1708 3048 1976 3106 Foscctrini

157 3212 207 3266 (¹¹,
241 3214 367 3254 llocce
386 3224 489 3264 opus
519 3213 581 3266 (ab
611 3218 847 3258 astronomo
871 3218 1038 3270 Laplace
1062 3220 1238 3273 aliisque
1260 3224 1471 3264 modernis
1495 3224 1798 3268 mathematicis
1821 3230 1975 3282 saepius

97 3279 277 3325 citatum]
308 3279 425 3320 adire
447 3280 707 3332 potissimum
727 3282 860 3334 debet,
894 3283 967 3335 qui
990 3285 1170 3326 voluerit
1197 3289 1382 3340 apprime
1412 3295 1671 3342 compertum
1699 3293 1855 3337 habere
1878 3299 1972 3350 quis

97 3347 225 3388 fuerit
259 3347 551 3389 controversiae
581 3360 626 3389 ac
655 3348 839 3391 scientiae
867 3352 1152 3394 astronomicae
1187 3359 1335 3406 status,
1368 3368 1416 3398 eo
1441 3363 1629 3412 tempore
1652 3373 1732 3415 quo
1756 3364 1973 3409 damnatus

93 3420 162 3455 est
183 3415 389 3456 Galilaeus.
412 3414 473 3456 Ibi
493 3427 653 3467 nempe,
674 3417 752 3457 sub
772 3416 895 3457 titulo
910 3418 962 3459 de
981 3423 1203 3470 systemate
1225 3426 1353 3465 terrae
1370 3430 1499 3474 molae,
1526 3439 1603 3478 per
1621 3428 1698 3470 210
1715 3434 1883 3485 paginas
1902 3436 1968 3477 in-

95 3480 191 3522 folio
213 3480 380 3522 disserit
401 3482 569 3524 niccioli
593 3483 644 3526 de
665 3483 946 3537 Copernicana
970 3485 1186 3538 opinione;
1214 3489 1335 3542 cujus
1359 3498 1601 3546 argumenta
1621 3498 1759 3542 omnia
1783 3510 1971 3547 recenset

98 3558 144 3590 ae
165 3549 378 3592 confutare
402 3549 565 3591 nititur.
