2306 4010
349 202 440 251 274
1033 176 1324 242 Tssicmus
1354 193 1420 240 DE
1451 157 1594 242 ml.

432 396 456 448 5
489 395 523 436 1.
547 417 600 424 —
624 393 863 434 Praetensus
889 389 929 432 S.
950 387 1108 430 Liberii
1134 387 1275 441 lapsus
1300 386 1418 428 nullo
1443 386 1686 428 authentico
1711 384 1952 430 testimonio
1976 378 2192 441 probatur,

967 463 1118 512 estque
1139 457 1190 500 ad
1209 457 1374 499 fabulas
1393 455 1662 511 reficiendus

428 608 482 667 1⁰
509 608 843 666 Praetensum
883 605 1091 682 lapsum
1117 625 1223 664 non
1245 607 1477 682 probant
1511 607 1814 682 fraymenta
1837 625 1903 663 εκ
1938 604 2069 663 libro
2103 607 2162 664 S.
2190 607 2277 666 Ht-

351 710 494 765 larii.
522 740 592 749 -
628 706 716 764 Sic
752 707 919 764 habet
947 706 1205 765 eruditus
1252 705 1599 764 Bollandista
1623 705 1945 781 Stiltingus,
1987 706 2044 763 in
2073 706 2274 766 eximia

350 827 451 865 sua
499 806 897 866 dissertatione
930 807 999 865 de
1037 807 1088 864 S.
1133 807 1352 864 Liberio
1383 807 1532 883 Papa
1574 806 1726 883 (Acta
1759 815 2087 880 sanctorum,
2123 814 2275 866 tomo

350 914 504 967 sexto
558 908 921 984 septembris,
968 929 1024 985 p.
1067 909 1200 982 574,
1243 908 1586 984 Antuerpiae,
1627 908 1838 981 1757):
1872 931 1899 962 «
1940 907 2306 983 Priusquam.

349 1009 472 1086 ipsa
501 1008 680 1066 sancti
719 1008 921 1066 liberii
949 1014 1105 1082 gesta
1131 987 1452 1065 enarranda
1492 1008 1762 1084 suscipi0,
1788 1008 2165 1065 examinanda
2199 1008 2278 1065 vi-

350 1111 558 1167 dentur
589 1108 927 1165 documenta
958 1108 1257 1175 nonnulla,
1282 1108 1492 1182 quibus
1513 1108 1767 1165 historici
1796 1109 2139 1166 recentiores
2156 1128 2279 1185 pas·

349 1208 458 1265 sim
497 1207 589 1265 usi
628 1214 761 1264 sunt
790 1213 1064 1281 tanquam
1095 1199 1388 1281 legitimis,
1419 1227 1550 1264 cum
1586 1207 1681 1263 illa
1711 1207 1855 1263 mihi
1890 1208 2055 1282 plane
2085 1226 2298 1283 suppo:

348 1310 517 1366 sititia
545 1316 860 1383 appareant,
890 1313 1122 1380 totaque
1151 1325 1218 1362 ex
1246 1307 1316 1363 iis
1342 1307 1545 1363 Liberii
1568 1307 1803 1364 historia
1831 1307 2107 1364 sexcentis
2126 1293 2306 1364 erro-l

351 1408 512 1464 ribus
547 1406 867 1481 inquinata.
894 1405 1082 1463 Primo
1102 1406 1221 1462 loco
1248 1405 1402 1463 venit
1429 1405 1529 1462 illa
1545 1406 1967 1482 scripturarum
1999 1387 2276 1478 collectio,

350 1526 476 1582 quae
501 1507 606 1564 sub
635 1506 868 1564 nomine
890 1508 943 1563 S.
973 1506 1168 1563 Hilarii
1198 1506 1450 1583 primum
1480 1506 1629 1564 edita
1658 1513 1742 1564 est
1770 1526 1799 1563 a
1826 1507 2051 1564 Nicolao
2082 1507 2277 1580 Fabro,

351 1606 555 1664 deinde
576 1624 778 1664 recusa
808 1606 867 1663 in
893 1605 1474 1665 novissima-editione
1497 1608 1741 1683 Operum
1758 1608 1812 1664 S.
1841 1607 2031 1663 Hilarii
2062 1608 2130 1663 ab
2159 1625 2281 1663 eru-

351 1707 484 1764 ditis
507 1706 886 1764 Benedictinis
921 1727 950 1763 a
977 1707 1085 1764 col.
1122 1708 1292 1779 1279,
1321 1708 1419 1764 ubi
1460 1707 1694 1764 titulum
1724 1708 1891 1765 habet
1923 1731 1931 1763 :
1968 1708 2282 1779 Frcapnenta

351 1827 416 1865 ex
450 1807 581 1865 libro
615 1808 673 1865 S.
706 1809 898 1864 Hilarii
938 1809 1286 1865 Pictaviensis
1310 1811 1599 1884 provinciae
1632 1808 1949 1883 Aquitaniae.
1983 1810 2188 1866 Auctor
2214 1809 2278 1866 il-

350 1908 462 1966 lius
498 1906 762 1964 editionis
792 1913 876 1963 est
917 1908 1113 1965 Petrus
1146 1909 1529 1966 CoustantiuS.
1565 1933 1588 1962 »
1624 1909 1703 1965 lbi
1735 1911 1936 1986 probat
1977 1909 2275 1984 Stiltingus

349 2013 566 2084 partem
614 2006 857 2065 istorum
904 2008 1356 2081 fragmentorum
1401 2011 1451 2064 in
1501 2012 1875 2083 mcmuscriptis
1925 2028 2276 2086 nequaquam

351 2105 595 2165 adscribi
622 2106 676 2163 S.
707 2105 938 2175 Hilario,
966 2125 1067 2163 nec
1100 2106 1280 2163 ullam
1309 2107 1542 2182 allegari
1575 2127 1740 2183 posse
1772 2110 1978 2164 bonam
2002 2109 2278 2166 rationem

352 2227 455 2266 cur
497 2206 739 2265 adscribi
782 2207 1047 2263 debcant.
1084 2208 1319 2264 Prorsus
1373 2227 1593 2265 errasse
1634 2209 1898 2278 editores,
1934 2209 2031 2282 qui
2062 2215 2279 2284 partem

363 2311 506 2365 hanc
534 2309 982 2382 fragmentorum
1026 2306 1078 2363 S.
1123 2307 1331 2363 Hilario
1362 2307 1807 2383 adscripserunt.
1834 2307 2078 2365 Alteram
2115 2309 2280 2366 etiam

361 2409 816 2483 fragmentorum
868 2412 1085 2482 partem
1154 2407 1211 2463 S.
1266 2407 1474 2465 Hilario
1529 2409 1669 2466 falso
1719 2409 2053 2466 attributam
2084 2435 2093 2478 ;
2153 2409 2283 2485 quia

362 2525 566 2584 nempe
597 2528 608 2563 :
642 2529 669 2559 «
704 2505 876 2562 Multa
913 2506 1161 2563 continet
1194 2506 1419 2577 vitiosa,
1457 2508 1621 2580 falsa,
1674 2508 1886 2583 inepta,
1927 2508 1996 2564 ad
2034 2508 2284 2585 proposi-

362 2613 486 2663 tum
524 2623 639 2663 non
682 2603 1057 2662 conducentia
1082 2610 1134 2661 et
1172 2603 1355 2661 serius
1398 2605 1631 2682 scripta,
1661 2605 2006 2682 indignaque
2051 2625 2281 2683 prorsus

365 2705 685 2774 sanctitate,
738 2703 1063 2779 prudentia,
1120 2704 1460 2777 eruditione,
1517 2706 1907 2782 modestiaque
1959 2713 2014 2764 et
2063 2703 2299 2783 justitia]

365 2806 421 2863 S.
451 2803 666 2861 Hilarii.
697 2824 724 2857 »
748 2803 843 2859 His
875 2803 999 2871 fuse
1027 2804 1301 2879 probatis,
1327 2804 1618 2863 concludit
1645 2807 1957 2880 generatim
1991 2807 2139 2864 dicta
2180 2808 2285 2864 fra·

364 2910 587 2980 gmenta
624 2922 908 2980 perperam
940 2902 998 2959 S.
1025 2902 1228 2960 Hilario
1281 2907 1533 2962 attributa
1570 2907 1758 2979 fuisse.
1825 2907 2072 2982 Stiltingi
2125 2926 2285 2982 argu-

365 3010 579 3077 menta,
644 3001 937 3060 brevitatis
985 3021 1178 3074 causa,
1237 3022 1349 3060 non
1415 3006 1872 3080 reproducimuS.
1942 3006 2289 3064 Adnotamus

365 3103 661 3162 dumtaxat
717 3102 949 3159 omnino
995 3102 1251 3159 evincere
1295 3103 1469 3179 hujus
1512 3105 1722 3163 eruditi
1765 3106 2180 3175 auctoritatem,
2220 3121 2306 3162 ne·

361 3202 492 3277 jure
517 3200 683 3259 citari
712 3200 930 3278 possint
955 3200 1101 3260 dicta
1129 3202 1464 3276 fragmenta,
1489 3211 1770 3278 quatenus
1789 3224 1854 3262 ex
1874 3214 2058 3263 sancto
2084 3201 2290 3263 Hilario

367 3301 615 3361 valorem
649 3301 900 3376 aliquem
935 3300 1244 3358 trahentia.
1275 3302 1406 3367 Quae
1438 3309 1629 3360 autem
1663 3304 1722 3360 in
1765 3304 1976 3362 eisdem
2012 3305 2287 3379 fragmen-

370 3399 444 3456 tis
484 3406 792 3459 occurrunt
826 3400 1071 3458 aliorum
1121 3406 1420 3459 auctorum
1473 3410 1752 3479 excerpta,
1791 3403 2054 3461 valebunt
2082 3387 2286 3458 unum-⁹

373 3499 638 3573 quodque
668 3519 768 3577 pro
793 3498 1089 3577 respectivi
1112 3499 1200 3557 sui
1229 3502 1478 3581 auctoris
1503 3503 1712 3573 valore,
1735 3502 1848 3560 nisi
1874 3502 2083 3578 pariter
2139 3499 2287 3555 hisce

374 3598 699 3656 auctoribus
743 3600 886 3656 falso
939 3599 1220 3676 adscripta
1262 3601 1496 3657 fuerint.

455 3694 905 3770 2⁰⁷Su=pposititiae
924 3708 1051 3756 sunt
1066 3707 1298 3774 quatuor
1321 3710 1605 3774 praetensae
1627 3702 1798 3756 sancti
1823 3699 1999 3756 Liberi
2023 3695 2285 3774 epistolae,
