2306 4010
815 194 941 242 PARS
973 192 1211 240 SECUNDA.
1870 186 1953 235 2⁰1

77 309 152 366 los
198 323 348 380 quam
377 304 691 378 popalomm
717 310 982 376 pastores.
1014 299 1130 356 lmo
1159 298 1262 354 iste
1286 295 1560 372 primatus
1586 293 1801 351 nullam
1830 311 1958 369 pro-

82 404 200 480 prie
240 403 444 458 dictam
471 399 860 457 auctoritatem
898 416 1088 455 secum
1128 397 1318 452 ferret.

154 503 207 557 4⁰
237 501 388 556 Idem
435 499 563 555 Pius
590 498 652 554 Vl
695 499 753 554 in
782 497 984 554 litteris
1017 495 1084 552 ad
1110 493 1552 551 Maximilianum
1582 491 1961 566 Archiepisco-

89 618 226 674 pum
273 598 650 654 Coloniensem
681 597 756 654 ita
783 596 1055 652 declarat:
1085 614 1113 646 α
1143 593 1292 648 Fidei
1321 592 1520 665 dogma
1551 592 1638 646 est'
1666 590 1962 664 Episcopo·

103 713 228 760 rum
273 692 656 750 auctoritatem
700 696 753 747 et
774 689 1219 763 jurisdictionem
1247 688 1553 761 subjectam
1588 704 1708 743 esse
1745 684 1961 741 Summi

89 788 359 848 Pontificis
386 787 727 856 auctoritati,
766 792 827 841 ut
864 787 1074 840 subesse
1099 785 1317 838 debeant
1356 783 1506 839 Sedis
1533 783 1837 856 apostolicae
1861 789 1964 837 sta-

0 957 1 963 *
91 892 271 944 tutis.»
284 885 336 942 Si
360 883 593 939 debeant
616 883 867 949 subesse,
888 881 1092 936 debent
1107 897 1294 935 veram
1312 878 1708 934 obedientiam.
1729 878 1960 953 Quippe,

97 983 142 1039 si
165 982 242 1038 eis
267 981 344 1036 sas
368 983 509 1035 esset
538 995 650 1033 non
678 976 922 1046 obedire,
953 980 1046 1030 aut
1082 977 1200 1046 flete
1238 972 1804 1042 dumtaxat-obedire,
1832 991 1963 1029 cum

93 1079 311 1139 veritate
338 1076 443 1131 dici
469 1093 579 1131 non
597 1081 781 1149 posset
806 1093 899 1132 eos
924 1075 1132 1130 subesse
1158 1074 1361 1128 debere.

163 1176 219 1232 5⁰
239 1174 490 1249 Praecepit
524 1174 651 1230 Pius
684 1174 868 1247 1v‚ah
894 1172 1178 1247 Episcopis
1212 1188 1276 1226 ac
1301 1169 1516 1226 caeteris
1560 1168 1628 1224 ad
1668 1125 1967 1241 dignitates

85 1271 480 1328 ecclesiasticas
522 1270 931 1346 promovendiS‚
968 1269 1148 1326 emitti
1196 1267 1598 1342 professionem
1632 1264 1762 1321 fidei
1810 1265 1970 1338 juxta

102 1370 392 1426 formulam
429 1370 496 1425 ab
540 1370 660 1444 ipso
681 1368 905 1425 editam.
936 1367 998 1422 Et
1023 1368 1178 1440 juxta
1209 1366 1364 1422 illam
1399 1363 1697 1420 formulam
1721 1362 1970 1419 Romano

93 1467 337 1524 Pontitici
371 1487 493 1524 vera
545 1469 833 1523 obedientia
874 1466 1244 1542 promittitur.
1280 1465 1342 1520 Et
1375 1465 1442 1521 de
1488 1465 1630 1519 facto
1663 1463 1741 1518 ita
1781 1478 1973 1517 omnes

102 1562 346 1638 Episcopi
374 1565 648 1638 jurarunt.
688 1544 842 1620 Unde
881 1564 933 1618 vi
959 1564 1190 1637 hujusce
1223 1560 1530 1635 juramenti
1557 1576 1750 1615 omnes
1780 1575 1971 1613 veram

104 1662 463 1720 obedientiam
486 1663 716 1720 decretis
738 1663 1039 1719 Pontificiis
1063 1668 1324 1737 praestare
1341 1660 1973 1717 tenentur.—Praeterea

111 1779 234 1817 cum
266 1762 421 1818 Sedes
452 1762 749 1837 apostolica
776 1764 944 1819 hocce
969 1764 1356 1837 juramentum
1383 1779 1493 1816 non
1527 1758 1809 1830 relinquat
1839 1757 1974 1813 lihe-

114 1875 257 1930 rum,
294 1858 386 1914 sed
423 1859 559 1915 illud
598 1860 824 1916 omnino
860 1860 1062 1932 exigat,
1091 1876 1193 1914 nec
1223 1858 1398 1932 possit
1434 1855 1580 1930 quis,
1619 1855 1826 1911 omisso
1852 1853 1970 1922 illo,

109 1953 507 2012 institutionem
538 1957 857 2013 eanonicam
888 1957 1142 2013 obtinere
1170 1973 1267 2011 seu
1296 1955 1469 2010 ullam
1495 1953 1865 2027 episcopalem
1883 1950 1974 2023 ju-

108 2049 481 2109 risdictionem
531 2054 792 2128 adipisci⁷
830 2056 934 2110 hoc
963 2054 1083 2128 ipso
1119 2053 1399 2109 Romanus
1446 2050 1695 2107 Pontifex
1735 2047 1838 2104 sibi
1885 2047 1976 2120 jus

106 2148 365 2204 adscribit
393 2169 578 2206 veram
600 2153 750 2206 illam
771 2151 1142 2206 obedientiam
1169 2150 1443 2221 exigendi3
1474 2149 1627 2203 illam
1647 2164 1846 2220 nempe
1865 2153 1977 2199 tan-

110 2261 258 2312 quam
280 2246 370 2298 sibi
396 2247 610 2299 debitam
626 2246 812 2316 exigit.
834 2246 898 2298 Et
917 2245 1138 2299 aliunde
1158 2244 1490 2298 universalis
1517 2244 1762 2297 Ecclesia
1787 2247 1978 2298 contra

116 2339 277 2393 talem
303 2340 628 2410 exigentiam
666 2359 775 2395 non
816 2341 1189 2410 reclamando,
1225 2359 1345 2395 eam
1369 2341 1532 2395 tacite
1559 2341 1847 2412 approbat.
1879 2338 1980 2410 lgi-

110 2423 226 2501 'tur,
257 2434 303 2489 si
333 2434 424 2506 jus
474 2435 618 2489 istud
657 2426 898 2490 Romano
932 2435 1177 2490 Pontifici
1227 2453 1417 2491 revera
1464 2453 1573 2489 non
1620 2439 1977 2506 competeret,

113 2530 265 2585 tacite
305 2532 631 2604 approbaret
670 2532 996 2588 universalis
1043 2532 1284 2588 Ecclesia
1320 2550 1562 2588 errorem
1603 2530 1977 2603 dogmaticum

105 2626 515 2698 gravissimum,
571 2634 760 2700 utpote
794 2647 903 2701 quo
949 2629 1181 2703 ipsamet
1239 2628 1670 2684 fundamentalis
1722 2626 1979 2682 Ecclesiae

111 2722 431 2779 constitutio
459 2724 889 2780 subverteretur.
938 2725 1172 2781 Proinde
1204 2731 1394 2781 contra
1428 2724 1727 2780 Ecclesiam
1773 2741 1977 2798 praeva-

110 2817 342 2875 luissent
371 2821 675 2877 inferorum
698 2830 889 2897 portze.
919 2824 1073 2887 Quod
1099 2843 1227 2879 cum
1256 2824 1573 2897 contingere
1599 2830 1862 2896 nequeat,
1891 2841 1979 2880 rc—

111 2923 292 2971 manet
323 2916 460 2990 exigi
488 2935 672 2974 revera
718 2937 878 2993 posse
919 2938 948 2975 a
973 2920 1234 2976 Romanis
1275 2920 1634 2976 Pontificibus
1671 2938 1812 2976 verae
1855 2920 1979 2974 obe·

114 3010 352 3079 dientiae,
386 3020 647 3087 tanquam
679 3017 773 3071 sibi
809 3017 1013 3087 debitae,
1040 3016 1447 3090 juramentum.
1498 3016 1637 3090 Ergo
1690 3015 1826 3088 ipsis
1851 3030 1978 3069 vera

108 3109 219 3164 haec
260 3110 565 3167 obedientia
591 3113 841 3171 debetur.

177 3207 232 3261 6⁰
256 3208 312 3262 ln
341 3209 491 3264 Brevi
525 3209 669 3277 Quod
691 3213 1006 3285 aliquantum
1036 3214 1114 3270 sic
1148 3214 1390 3270 declarat
1417 3213 1545 3267 Pius
1570 3212 1632 3266 Vl
1658 3233 1667 3263 ε
1695 3231 1721 3262 «
1749 3210 1975 3269 Debetur

110 3303 215 3376 ipsi
257 3304 520 3373 (Romano
551 3308 818 3381 Pontifici)
863 3317 1129 3383 tanquam
1161 3310 1326 3384 capiti
1366 3329 1395 3365 a
1422 3309 1540 3365 suis
1573 3308 1840 3364 membris
1889 3326 1974 3364 so-

102 3400 298 3458 lemnis
321 3405 593 3462 canonicae
623 3407 953 3464 obedientiae
978 3408 1271 3481 promissio
1301 3429 1327 3459 »
1357 3405 1668 3478 (collection
1691 3407 1779 3462 cles
1795 3406 1970 3479 Bress‚

106 3504 249 3555 tome
271 3501 313 3569 l,
345 3519 481 3575 page
509 3504 637 3573 158,
670 3503 844 3573 Paris,
877 3504 1068 3574 1798).
1108 3504 1159 3558 Si
1193 3504 1461 3559 debeatur
1488 3503 1814 3560 obedientiae
1845 3523 1973 3579 pro-

110 3595 321 3667 missio,
358 3598 588 3655 debetur
618 3600 811 3672 utique
843 3607 897 3657 et
931 3600 1264 3657 obedientia.
1298 3599 1450 3665 Quod
1473 3607 1657 3657 autem
1686 3609 1882 3676 agatur
1906 3603 1973 3658 de
