2306 4010
339 145 428 192 152
1007 125 1297 180 TRACTATUS
1330 123 1395 170 DE
1425 123 1570 170 ΡΑΡΑ.

340 271 480 309 num
502 271 533 308 a
563 266 692 321 rege
718 238 1014 306 nominati,
1040 234 1250 308 quibus
1286 230 1455 287 Sedes
1487 213 1802 306 Ap'ostolica
1828 221 2245 287 institutionem

341 357 396 408 et
434 349 620 406 bullas
665 339 996 412 denegabat,
1038 336 1265 407 possent
1301 329 1700 406 nihilominus,
1731 329 2070 388 vicariorum
2098 330 2249 407 capi-

342 428 612 506 tularium
642 439 891 502 nomine,
937 432 1207 488 dioeceses
1250 431 1321 487 ad
1351 449 1493 505 quas
1530 431 1811 488 nominati
1858 431 2078 489 fuerant
2126 430 2253 506 leyt-

340 549 462 602 time
489 537 908 602 administrare,
934 530 1225 606 respondit
1253 530 1605 588 affirmative.
1628 530 1754 587 Fuit
1773 549 1977 606 nempe
2003 529 2253 588 certissi-

339 657 562 699 marum
598 630 879 708 ejusmodi
921 629 1308 686 intrusionum
1335 630 1546 686 fautor.

419 738 507 792 ΙΙΙ.
542 736 823 806 Quotquot
859 735 1051 806 postea
1081 730 1150 786 de
1173 729 1414 786 Romani
1439 728 1724 786 Pontificis
1758 728 2093 786 auctoritate
2126 727 2260 786 scri·

343 842 579 915 pserunt
605 830 904 907 Sulpitiani
932 829 1163 886 domino
1189 829 1389 904 Emery
1415 819 1749 899 anterioreS,
1779 835 2024 903 quatuor
2053 827 2260 884 articu-

343 938 529 993 lorum
562 930 878 989 doctrinam
905 928 1118 1005 pariter
1145 927 1450 1003 amplexati
1477 933 1628 985 sunt.
1665 927 1776 1001 Ego
1804 928 2003 984 saltem
2038 925 2262 983 nullum

342 1034 469 1090 novi
493 1031 588 1105 qui
634 1028 955 1085 doctrinam
987 1026 1144 1082 illam
1178 1024 1614 1101 impugnaverit.
1642 1025 1914 1099 Equidem
1944 1044 2059 1082 non
2085 1023 2266 1099 Sulpi-

342 1132 624 1188 tianorum
656 1127 948 1184 dumtaxat
983 1144 1046 1182 ea
1070 1143 1193 1181 vox.
1226 1124 1615 1180 Consonabant
1647 1123 1745 1179 alii
1784 1125 2116 1198 generatim,
2145 1130 2267 1180 tum

346 1249 374 1287 e
393 1230 543 1287 clero
562 1225 986 1295 saeculari,tum
1016 1223 1234 1281 etiame
1260 1222 1540 1297 religiosis
1568 1222 1801 1279 familiis
1833 1223 2133 1299 scriptores
2161 1222 2274 1297 gal-

348 1329 464 1385 lici.
490 1323 821 1402 Sulpitianis
847 1323 962 1380 imo
986 1340 1050 1378 ea
1074 1322 1199 1379 laus
1215 1321 1426 1390 debita,
1453 1322 1603 1394 quod
1631 1322 1767 1378 dum
1788 1323 1953 1378 multi
1982 1322 2078 1378 alii
2104 1341 2134 1378 6
2160 1321 2275 1395 gal-

348 1427 643 1483 licanismo
661 1425 719 1481 in
747 1420 1091 1481 Jansenismi
1119 1420 1382 1476 haeresim
1413 1419 1620 1477 misere
1638 1426 1890 1491 ruerent,
1920 1419 2030 1495 ipsi
2053 1438 2275 1496 semper

351 1544 379 1581 a
412 1531 568 1600 peste
595 1524 690 1579 illa
722 1541 840 1579 sese
863 1521 1149 1576 immunes
1180 1517 1544 1575 servaverint.
1583 1519 1649 1575 At
1675 1537 1776 1594 pro
1808 1519 2021 1593 majore
2049 1537 2157 1594 qua
2185 1537 2271 1593 po-

350 1625 635 1680 tiebantur
667 1621 1022 1689 auctoritate,
1052 1624 1103 1676 et
1141 1617 1420 1674 educandi
1466 1618 1603 1674 cleri
1640 1618 1844 1686 offici0‚
1878 1618 2016 1693 ipsis
2052 1618 2274 1694 potissi·

359 1741 518 1777 mum
547 1720 918 1777 adscribenda
944 1717 1325 1775 Gallicanismi
1354 1718 1681 1792 propagatio
1709 1724 1759 1774 et
1783 1718 2078 1776 radicatio,

438 1822 520 1877 IV.
551 1821 673 1876 Alte
693 1821 812 1894 jam
841 1818 1044 1874 animis
1074 1818 1318 1874 defixum
1347 1834 1622 1888 errorem,
1652 1837 1752 1874 suo
1773 1826 2026 1893 tempore
2048 1837 2161 1874 non
2186 1837 2278 1893 pa-

363 1938 491 1975 rum
520 1916 894 1985 confirmavit,
925 1934 1024 1990 pro
1049 1934 1111 1971 ea
1134 1933 1306 1987 quam
1327 1914 1435 1970 sibi
1463 1923 1887 1991 comparaverat
1904 1917 2194 1991 gravitatis
2213 1935 2278 1973 ac

364 2018 587 2095 pietatis
610 2018 782 2086 fama,
814 2016 1079 2072 dominus
1114 2014 1337 2089 Emery,
1377 2014 1707 2090 Sulpitianae
1739 2016 1968 2074 familiae
2002 2017 2280 2091 generalis

365 2117 675 2192 superior¹.
721 2114 970 2188 Cumque
1015 2113 1272 2169 hodierni
1316 2114 1616 2189 Sulpitiani
1659 2115 1843 2171 virum
1885 2117 2080 2187 illum,
2128 2117 2280 2174 haud

364 2216 502 2271 satis
542 2214 919 2282 considerate,
968 2211 1234 2267 laudibus
1278 2212 1550 2269 extollant
1599 2213 2057 2289 imitandumque
2083 2235 2282 2292 propo-

366 2321 526 2383 nant,
582 2313 642 2368 in
679 2330 875 2368 recens
920 2311 1071 2367 edita
1115 2310 1298 2385 ipsius
1341 2311 1476 2378 vita,
1521 2312 1707 2368 visum
1737 2319 1821 2370 est
1853 2315 1919 2373 de
1954 2317 2076 2391 ipso
2103 2336 2283 2391 pauca

364 2413 454 2469 hic
492 2412 706 2469 cursim
741 2412 1032 2467 adnotare.
1064 2410 1207 2465 —Is
1240 2409 1455 2467 scilicet
1483 2410 1542 2466 in
1587 2412 1773 2487 prima
1815 2415 2059 2473 editione
2101 2416 2285 2491 operis

367 2512 477 2580 sui,
509 2511 660 2583 quod
688 2509 979 2584 inscripsit
1009 2509 1229 2582 l'Esprit
1263 2510 1327 2564 (Ie
1356 2510 1604 2582 Latmia,
1636 2512 1716 2568 sic
1746 2514 2030 2588 praefando
2061 2516 2286 2590 profite-

369 2609 561 2678 batur,
597 2626 744 2662 anno
779 2607 925 2661 1772
957 2627 966 2658 :
1012 2629 1039 2658 «
1070 2607 1218 2663 Nous
1257 2607 1538 2680 ajoutonS,
1568 2629 1714 2684 pour
1738 2613 1955 2670 ecarter
1978 2614 2288 2688 jusqu'aux

371 2705 499 2779 plus
538 2705 721 2777 legers
751 2720 1030 2777 soupcons
1066 2703 1685 2778 d'ultramontanisme,
1717 2729 1826 2784 que
1858 2730 2001 2768 nous
2045 2732 2289 2770 sommes

371 2803 738 2858 tres-attache
783 2819 890 2856 aux
920 2800 1196 2857 maximes
1248 2801 1325 2857 du
1356 2802 1540 2875 clerge
1591 2805 1658 2861 de
1707 2807 1935 2881 France,
1964 2811 2290 2885 consignees

372 2900 513 2956 dans
555 2900 607 2955 la
655 2898 1002 2955 declaration
1043 2898 1111 2954 de
1145 2899 1315 2954 1682.
1356 2899 1504 2956 Nous
1548 2901 1602 2956 la
1645 2906 1978 2977 regardonS,
2023 2915 2168 2964 cette
2200 2909 2291 2965 de-

373 3000 670 3072 claration,
709 3017 929 3055 comme
973 3016 1052 3053 un
1092 3005 1424 3054 monument
1467 3000 1754 3075 precieux‚
1795 3009 1982 3062 meme
2015 3025 2086 3063 au
2116 3007 2293 3065 Saint-

373 3099 552 3173 Siege‚
608 3099 742 3155 dont
786 3117 930 3154 nous
974 3116 1044 3154 ne
1087 3097 1328 3154 doutons
1366 3117 1465 3173 pas
1512 3101 1653 3172 qu’il
1695 3121 1766 3159 ne
1797 3105 1928 3162 loue
1957 3125 2037 3162 un
2075 3107 2207 3181 jour
2236 3109 2289 3164 la

374 3217 596 3272 sagesse
629 3205 681 3255 et
723 3216 792 3254 ne
819 3198 1064 3254 reclame
1097 3190 1412 3252 l'autorite:
1453 3218 1621 3274 parce
1649 3221 1777 3275 que,
1803 3222 1872 3261 en
1898 3210 2083 3263 meme
2108 3213 2292 3283 temps

376 3295 547 3367 qu⁷on
581 3317 614 3372 y
646 3296 843 3370 rejette
887 3296 981 3352 des
1011 3296 1395 3370 prerogatives
1422 3298 1521 3370 qui
1557 3302 1714 3358 n'ont
1740 3321 1840 3377 pas
1867 3304 1935 3361 de
1967 3304 2294 3363 sondement

378 3392 517 3448 dans
542 3385 866 3468 l'Evangile,
904 3412 975 3450 on
1008 3413 1041 3468 y
1066 3393 1261 3450 etablit
1284 3395 1454 3453 celles
1486 3398 1585 3472 qui
1612 3405 1737 3457 sont
1765 3400 1834 3458 de
1854 3401 2001 3458 droit
2027 3401 2204 3473 divin,
2239 3409 2291 3461 et

434 3594 489 3647 (1)
521 3595 651 3637 Natus
677 3598 727 3638 26
751 3598 925 3651 augusti
950 3598 1071 3648 1752,
1101 3600 1208 3642 obiit
1221 3600 1287 3642 ·28
1310 3602 1461 3655 aprilis
1485 3603 1607 3646 1811.
