2306 4010
878 199 1003 247 PARS
1032 196 1268 246 SECUNDA.
1958 195 2009 242 81

140 308 316 366 tobris
356 309 618 380 (1688)...
655 305 860 381 quibus
890 314 945 362 et
986 305 1189 362 hortati
1232 310 1362 362 sunt
1400 309 1464 360 ut
1508 301 1627 378 regi
1664 302 1723 358 in
1757 300 2019 359 omnibus

143 415 392 482 prompte
411 406 677 475 obediret,
709 411 761 462 et
789 412 1019 462 orarunt
1044 405 1202 461 enixe
1224 410 1286 462 ut
1309 404 1695 478 supersederet
1722 401 1932 458 edendo
1962 401 2018 456 in

142 504 323 560 lucem
355 503 496 560 libro
524 504 590 559 ad
620 502 999 559 defensionem
1027 500 1371 558 auctoritatis
1401 506 1454 557 et
1478 498 1762 574 potestatis
1788 497 2022 555 Romani

141 602 418 658 Pontificis
437 624 462 654 »
494 601 743 674 (ibidem,
773 617 894 673 pag.
923 598 1040 670 22).

222 722 248 752 «
276 700 369 756 Die
395 700 462 756 16
498 697 811 756 novembris
847 695 962 751 illis
991 695 1274 768 respondit
1297 696 1454 752 Pater
1477 700 1733 752 noster...
1773 693 1927 759 Quod
1955 693 2025 749 ad

144 799 351 854 librum
377 815 405 852 a
431 814 489 852 se
513 795 811 868 cogitatum
839 792 1120 859 attineret,
1145 809 1293 846 curae
1320 791 1428 846 sibi
1451 810 1521 847 ne
1546 792 1680 864 quid
1704 790 2028 848 offensionis

145 896 422 957 existeret;
470 893 537 948 de
581 910 645 948 eo
690 897 877 946 autem
923 894 1253 961 argumento
1298 888 1458 961 plura
1493 905 1551 942 se
1595 887 1837 943 scribere
1883 887 2028 962 patri

145 992 420 1066 Stephano
461 990 848 1062 Descha1rrps1.
894 987 1121 1043 Summa
1157 985 1402 1060 epistolae
1439 984 1506 1039 ad
1550 991 1763 1058 patrem
1799 985 2029 1067 Stepha-

149 1108 283 1146 num
310 1089 641 1162 Dcschamps
673 1089 786 1143 haec
828 1091 946 1142 erat
978 1107 988 1139 :
1034 1085 1092 1139 in
1132 1089 1284 1140 tanta
1321 1083 1590 1138 librorum
1629 1088 1683 1136 et
1713 1081 2029 1137 libellorum

148 1187 422 1260 farragine
448 1191 639 1242 contra
666 1183 1051 1240 auctoritatem
1087 1181 1427 1238 Pontificiam
1456 1180 1734 1236 editorum
1764 1179 1867 1235 hoc
1893 1185 2032 1234 tem·
2104 1172 2107 1174 ’

151 1300 303 1356 pore,
340 1280 582 1336 multum
623 1278 894 1334 sermonis
923 1277 1242 1333 bominibus
1269 1277 1435 1332 etiam
1467 1277 1661 1350 primae
1690 1282 1832 1331 notae
1862 1275 1917 1330 in
1945 1294 2036 1331 cu-

152 1379 232 1434 ria
274 1380 514 1435 Romana
558 1377 772 1433 dedisse
812 1376 1098 1432 silentium
1140 1374 1446 1430 Societatis.
1497 1374 1629 1429 Cum
1679 1393 1806 1429 vero
1850 1376 2033 1448 palam

155 1482 298 1531 esset
343 1482 563 1541 notum,
610 1491 666 1528 se
708 1490 850 1526 anno
896 1478 1009 1526 toto
1045 1478 1096 1526 ct
1140 1470 1379 1544 amplius
1404 1470 1755 1525 Salmanticae
1799 1470 2036 1525 dictasse

161 1570 447 1643 discipulis
494 1570 559 1625 de
610 1568 933 1624 auctoritate
986 1567 1219 1622 Romani
1273 1566 1549 1622 Pontificis
1606 1567 1663 1620 in
1709 1566 2036 1621 definiendis

163 1664 560 1737 quaestionibus
585 1664 707 1719 fidei
736 1670 786 1719 et
810 1681 1052 1732 morum,
1082 1663 1386 1733 eademque
1408 1661 1659 1716 conciliis
1685 1661 2037 1732 generalibus

162 1761 463 1833 superiore,
493 1778 547 1815 se
581 1748 930 1833 potissimum
959 1760 1204 1814 fabulam
1246 1775 1366 1813 esse
1394 1757 1624 1825 factum,
1662 1757 1759 1829 qui
1794 1775 1855 1812 ea
1887 1775 2038 1813 nunc

161 1862 431 1929 premeret
447 1855 744 1911 Generalis.
759 1856 1029 1910 ..Factum
1051 1854 1289 1927 denique
1306 1871 1426 1909 esse
1444 1860 1527 1922 ut,
1546 1853 1804 1909 mandato
1821 1854 2037 1910 Summi

160 1951 454 2019 pontificis,
480 1969 537 2006 se
559 1952 874 2007 conveniret
906 1949 1021 2023 ejus
1055 1950 1449 2021 confessariuS,
1480 1950 1833 2024 expositurus
1853 1950 2039 2005 Ponti-

162 2048 348 2104 ficium
374 2067 598 2105 sensum
626 2055 678 2104 et
715 2049 980 2115 dolorem;
1018 2048 1166 2121 quod
1197 2048 1438 2104 Societas
1468 2049 1570 2104 hoc
1597 2055 1845 2122 tempore
1871 2049 2041 2104 oblita

162 2145 435 2201 videretur
473 2146 717 2220 primaevi
751 2146 980 2220 spiritus
1007 2147 1116 2217 sui,
1152 2165 1258 2219 quo
1288 2164 1410 2201 eam
1436 2153 1663 2202 sanctus
1689 2147 1933 2219 Ignatius
1962 2147 2042 2202 in-

166 2242 433 2296 stituisset
469 2243 535 2296 ad
575 2243 950 2298 defensionem
988 2243 1047 2296 in
1079 2243 1277 2314 primis
1310 2243 1635 2315 Apostolicae
1675 2243 1847 2310 Sedis,
1887 2249 2043 2298 caete-

168 2354 336 2407 raque
371 2337 454 2390 his
492 2345 875 2392 consentanea.
914 2338 1033 2392 Haec
1073 2355 1236 2409 porro
1283 2338 1457 2410 ipsius
1501 2338 1726 2392 nomine
1762 2338 2050 2393 Pontificis.

172 2432 275 2487 sibi
315 2432 635 2488 denuntiata
664 2432 958 2506 pupugisse
989 2432 1225 2504 graviter
1256 2432 1505 2487 animum
1542 2451 1726 2498 suum;
1769 2451 1895 2487 cum
1933 2451 2044 2487 non

171 2534 311 2583 esset
360 2530 676 2597 obscurum,
722 2547 779 2584 se
823 2529 1175 2602 potissimum
1224 2530 1449 2584 notari:
1504 2548 1669 2603 porro
1714 2530 1893 2585 facere
1931 2548 2043 2584 non

169 2624 411 2697 potuisse
442 2624 576 2696 quin
602 2625 913 2698 pontificem
949 2626 1016 2680 de
1060 2625 1147 2679 his
1178 2625 1515 2696 conveniret,
1558 2625 1755 2680 saltem
1794 2643 1857 2681 se·
1884 2643 2047 2682 excu-

170 2725 413 2790 saturuS,
444 2720 490 2776 si
522 2738 684 2776 causa
710 2721 904 2777 idonea
938 2727 1271 2777 occurreret.

247 2838 273 2868 (ι
298 2817 434 2881 Quid
469 2835 595 2873 vcro
641 2818 1173 2890 comminisceretur,
1218 2819 1325 2874 nisi
1357 2819 1622 2876 invidiam
1653 2819 1756 2875 sibi
1793 2821 1850 2876 in
1874 2821 2046 2877 Gallia

170 2916 454 2986 paratam?
494 2914 724 2971 Causam
767 2916 1013 2972 Pontifici
1057 2912 1465 2973 odiosissimam
1512 2918 1787 2973 futuram!
1835 2917 2049 2991 Quippe

170 3011 256 3066 cui
291 3011 456 3067 nimis
484 3013 541 3067 in
572 3013 822 3069 animum
857 3015 1270 3072 descendissent
1296 3016 1590 3072 calumniae
1621 3016 2044 3082 malevolorum;

172 3108 410 3163 Jesuitas
448 3110 624 3166 zelum
658 3112 1032 3168 emolumento
1063 3132 1164 3168 suo
1190 3132 1378 3188 parem
1414 3115 1636 3179 habere3
1675 3113 1801 3168 Sedi
1824 3114 2049 3186 Aposto-

173 3204 292 3259 licae
338 3205 577 3276 studere,
620 3225 747 3263 cum
789 3209 844 3264 id
886 3210 990 3265 sibi
1043 3217 1187 3266 esset
1224 3211 1608 3275 commodum;
1658 3212 1759 3264 hoc
1803 3215 2051 3283 tempore

174 3303 519 3377 principibus
564 3306 918 3363 saecularibus
957 3309 1243 3377 velificari,
1294 3328 1323 3364 a
1368 3309 1571 3383 quibus
1607 3307 1732 3381 plus
1764 3314 2050 3382 sperarent

175 3399 259 3453 vel
281 3406 609 3465 metuerent3
639 3401 967 3474 theologiam
1003 3403 1139 3475 ipsis
1175 3420 1272 3458 seu
1310 3403 1589 3475 politicam
1625 3419 1723 3459 seu
1755 3403 2052 3460 oeconomi-

233 3615 286 3671 (1)
316 3616 412 3658 Erat
433 3617 470 3659 is
486 3622 620 3660 rector
639 3616 802 3670 collegii
823 3615 1079 3658 Parisiensis.

415 3715 461 3744 11.
1794 3702 1821 3747 6
