2306 4010
301 167 391 214 120
966 156 1259 209 TRACTATUS
1290 155 1355 201 DE
1387 155 1532 202 PAPA.

301 272 438 347 plus·
461 276 694 329 souvent
724 286 825 344 par
848 268 929 323 les
957 262 1323 338 parlements.
1354 257 1619 316 C’etaient
1646 264 1831 318 meme
1856 259 1953 318 des
1974 280 2203 338 moyens

301 389 409 445 peu
433 369 744 426 conformes
768 367 799 420 3
824 365 876 419 13
902 363 1088 417 bonne
1114 356 1212 429 foi,
1241 374 1461 414 comme
1487 358 1572 416 les
1592 360 2099 432 retranchements,
2124 361 2205 418 les

299 464 691 540 suppressions
746 460 814 515 (13
863 462 1041 513 textes
1082 455 1181 511 des
1237 473 1508 529 ouvrages
1553 457 1841 514 d’auteurs
1881 463 2205 534 contempo-

297 562 472 631 rains,
502 556 742 624 francais
783 557 991 624 meme,
1029 553 1128 626 qui
1147 553 1478 628 pourraient
1511 555 1675 611 nuire
1713 563 2035 629 gravement
2076 559 2107 612 3
2152 557 2203 613 13

294 653 652 731 propagation
709 651 803 707 des
854 650 1131 707 maximes
1186 651 1566 725 gallicaneS...
1626 653 1866 729 Pardon,
1914 673 2047 711 mon
2091 672 2206 712 res-

291 751 540 827 pectable
581 749 792 818 ami...,
825 749 962 806 c'est
999 754 1153 806 votre
1186 749 1355 807 bonte
1387 750 1455 806 de
1498 751 1815 827 m’envoyer
1853 751 1907 808 13
1944 752 2109 809 lettre
2137 753 2206 810 de

289 851 402 923 Mgr
429 849 495 904 de
515 849 783 923 ‚Chartres
823 848 921 922 qui
963 849 1075 904 m'a
1116 850 1224 906 mis
1249 850 1303 906 la
1347 851 1538 926 plume
1564 869 1635 908 en
1667 851 1844 922 main,
1876 871 2017 927 pour
2044 853 2206 908 recti-

289 950 390 1005 fier
417 950 498 1006 les
533 949 791 1024 opinions
821 967 920 1006 sur
957 949 1010 1004 13
1038 950 1265 1007 Faculte
1293 950 1654 1025 theologique
1680 953 1750 1008 de
1774 953 2040 1020 Louvain‚
2072 953 2207 1009 dont

282 1047 381 1119 j’ai
406 1067 476 1104 eu
508 1047 807 1104 l'honneur
833 1047 1010 1104 d‘etre
1035 1048 1309 1105 membre.
1340 1070 1367 1101 »

363 1147 517 1212 Quod
544 1147 765 1204 ultimis
804 1155 932 1204 ante
970 1148 1434 1222 suppressionem
1467 1148 1819 1223 temporibus
1851 1148 2208 1205 Lovaniensis

287 1246 522 1303 facultas
567 1246 817 1320 primum
866 1263 894 1302 e
931 1252 1174 1318 quatuor
1210 1245 1512 1303 Gallicanis
1561 1247 1818 1303 articulis
1860 1265 1973 1325 non
2023 1247 2207 1322 impu-

283 1345 557 1415 gnaverit,
604 1344 942 1419 prudentiae,
979 1345 1049 1400 ob
1082 1352 1403 1419 temporum
1453 1346 1752 1418 rationem,
1790 1346 1965 1402 tribui
1999 1352 2202 1420 potest.

282 1443 347 1497 At
373 1461 501 1499 vero
542 1443 691 1516 quod
725 1443 982 1518 insuper,
1038 1443 1095 1498 in
1142 1443 1260 1499 suis
1298 1443 1529 1518 privatis
1563 1443 1885 1517 colloquiis,
1928 1444 2048 1516 ejus
2081 1444 2207 1498 doc-

283 1549 430 1598 tores
484 1542 633 1615 parvi
690 1542 987 1612 momenti,
1040 1542 1269 1598 relative
1329 1541 1397 1596 ad
1447 1541 1762 1598 doctrinam
1809 1540 2202 1614 theologicam,

286 1640 428 1694 hanc
467 1640 837 1711 quaestionem
870 1642 1126 1710 fecerint,
1172 1659 1313 1714 aque
1357 1640 1527 1696 etiam
1578 1640 1645 1696 ad
1681 1639 2002 1715 opinionem
2043 1639 2208 1696 Fene-

286 1735 444 1805 lonii,
491 1737 559 1791 de
592 1736 891 1792 tribuenda
938 1738 1053 1810 juri
1092 1738 1317 1812 publico
1364 1744 1636 1812 potestate
1679 1738 1952 1793 indirecta
1988 1738 2206 1793 Summi

283 1834 562 1890 Pontificis
593 1834 651 1889 in
692 1836 1044 1910 temporalia,
1097 1836 1458 1906 accesserint,
1489 1836 1546 1890 in
1584 1837 1686 1891 hoc
1717 1835 1935 1908 aliquid
1968 1837 2206 1892 humani

285 1933 435 2007 passi
467 1941 619 2001 sunt3
650 1951 753 1990 nec
782 1952 917 1991 sane
949 1934 1006 1990 in
1040 1937 1145 1990 hoc
1185 1935 1506 2007 sequendus
1536 1954 1643 1991 van
1670 1935 1805 2004 Gils,
1837 1934 1941 1991 etsi
1965 1934 2207 1990 eximius

285 2031 343 2087 in
377 2034 616 2088 caeteris

363 2131 538 2203 Igitur
580 2132 935 2188 Lovaniensis
982 2133 1263 2202 Facultas,
1311 2151 1410 2207 per
1446 2151 1618 2205 quam
1667 2133 1841 2190 totius
1876 2133 2046 2206 Belgii
2085 2134 2211 2189 doc-

284 2230 433 2286 trina
492 2236 784 2304 personat,
847 2238 898 2287 et
955 2239 1224 2306 perpetuo
1276 2236 1404 2287 ante
1463 2231 1806 2287 Gallicanam
1871 2231 2006 2286 anni
2060 2232 2204 2288 1682

282 2326 739 2395 declarationem,
780 2335 832 2384 et
890 2334 1160 2402 perpetuo
1218 2329 1388 2385 etiam
1442 2335 1653 2402 postca,
1710 2327 2023 2402 oppositam
2072 2328 2205 2384 huic

283 2426 643 2483 declarationi
684 2428 1027 2498 doctrinam,
1081 2434 1249 2502 atque
1309 2428 1593 2503 imprimis
1643 2428 1879 2484 Romani
1922 2428 2204 2485 Pontificis

285 2522 783 2595 infallibilitatem,
836 2531 1109 2597 tanquam
1171 2525 1372 2598 dogma
1426 2525 1808 2582 certissimum
1856 2525 2202 2598 omninoque

284 2621 592 2676 tenendum
627 2622 817 2678 docuit
851 2641 914 2679 ac
946 2625 1350 2698 propugnavit.

285 2831 309 2882 g
334 2831 372 2872 Ξ.
400 2854 453 2860 -
480 2832 707 2874 Duacensis
736 2833 912 2876 facultas
953 2834 1189 2875 doctrinam
1222 2839 1408 2886 quatuor
1439 2836 1716 2877 articulorum
1743 2838 1841 2877 anni
1882 2838 1998 2887 1682,
2032 2838 2119 2879 suis
2155 2838 2207 2878 ad

341 2900 595 2942 Ludovicum
623 2901 706 2942 XIV
730 2902 896 2951 litteris,
932 2902 1193 2955 reprobavit;
1221 2907 1262 2942 et
1290 2907 1483 2943 constans
1514 2903 1557 2943 in
1587 2916 1633 2944 33
1671 2905 1876 2946 sententia
1906 2918 1981 2956 pei·
2005 2905 2056 2945 85
2081 2918 2210 2947 annos

339 2969 633 3020 perseveravit.

361 3101 696 3158 DOCUMENTUM
739 3102 780 3156 Ι.
817 3135 893 3142 -
919 3101 1132 3158 Litterae
1169 3101 1462 3158 Duacensis
1513 3101 1804 3157 Facultates
1850 3103 1918 3158 ad
1975 3102 2204 3159 ‚Ludovi-

291 3220 404 3257 cnm
439 3201 578 3273 XIV,
616 3219 752 3257 anno
789 3201 960 3258 1685.
993 3236 1062 3243 —
1088 3201 1319 3277 Scriptae
1352 3207 1484 3257 sunt
1516 3202 1743 3274 gallice,
1786 3201 2066 3276 pluraque
2116 3221 2207 3266 su-

289 3307 524 3373 persunt
554 3305 772 3356 vetusta
799 3318 994 3357 earum
1015 3300 1382 3375 exemplaria.
1412 3300 1518 3356 Nos
1546 3301 1672 3357 illas
1701 3301 1984 3357 edidimus
2004 3301 2123 3374 jam
2147 3300 2205 3355 in

290 3397 669 3471 publicatione
696 3400 978 3475 periodica
1017 3400 1192 3457 Revue
1214 3401 1305 3457 cles
1332 3403 1564 3456 sciences
1593 3401 2014 3471 ecclesiastiques
2036 3399 2203 3473 (avril

292 3493 462 3562 1861,
490 3499 641 3550 tomo
665 3497 753 3569 lll,
778 3498 977 3572 pagina
1004 3498 1162 3574 559),
1180 3498 1342 3573 juxta
1363 3497 1819 3572 manuscriptum
1849 3494 2206 3552 Bibliothecae

291 3595 722 3669 CameracensiS,
768 3616 1005 3655 numero
1055 3599 1166 3654 685
1209 3603 1505 3663 notatum3
1541 3614 1709 3668 quem
1735 3593 1950 3668 pariter
1987 3600 2201 3650 textum
