2262 3990
288 139 375 187 648
648 117 652 119 ’
966 137 1260 185 TRACTATUS
1290 138 1356 184 DE
1385 137 1534 186 PAPA.

285 247 470 324 capite
504 246 712 302 falsum
748 243 1055 317 colligitur,
1085 242 1235 321 quod
1261 243 1490 300 Patrum
1514 244 1810 329 traditioni
1833 235 2198 311 contradicab
2260 263 2262 319 ᾖ

283 347 434 401 —50
459 345 621 399 Juvat
654 342 747 398 hic
790 343 1126 401 subnectere
1163 343 1351 401 locum
1389 325 1701 416 Ballerinii,
1738 346 1840 402 ubi
1870 347 2084 406 dictum
2116 370 2201 410 re-

284 441 538 499 medium
564 440 772 515 rojicit‚
800 458 866 497 ex
891 459 954 498 eo
990 441 1142 516 quod
1165 442 1239 498 sit
1268 441 1551 516 inefficax,
1581 442 1979 501 difficillimum
2006 465 2069 503 ac
2091 447 2214 511 fere*

283 540 638 616 impossibile
669 563 680 595 :
729 541 927 607 «Quid
968 543 1222 613 tandem,
1262 543 1362 615 ait,
1401 544 1621 600 remedii
1657 547 1944 600 necessarii
1984 549 2203 609 nomine

278 639 375 713 jus
406 639 628 696 concilii
668 640 947 714 generalis
989 659 1163 717 supra
1199 641 1526 699 Pontificem
1553 642 1834 712 adstruaS,
1873 643 2007 700 dum
2033 664 2203 705 reme-

282 737 443 799 dium
477 739 806 813 hujusmodi
844 759 946 817 per
976 759 1035 798 se
1061 760 1175 798 non
1211 742 1349 800 satis
1386 742 1603 814 efficax,
1640 748 1695 800 et
1731 742 1959 800 aliunde
1993 744 2204 804 difficil—

279 837 489 894 limum
519 839 612 912 sit,
644 857 708 896 ac
737 838 855 897 fere
887 840 1281 917 impossibile?
1318 842 1383 899 Ut
1416 844 1611 916 efficax
1650 848 1821 913 esset,
1862 846 1916 897 et
1948 841 2203 904 effectum

281 943 507 1013 pareret
533 957 704 1012 quem
732 941 1038 996 necessitas
1061 940 1398 1014 requireret,
1419 941 1515 1015 jus
1537 940 1714 1017 ipsius
1738 939 1960 997 concilii
1986 940 2206 1002 deberet

283 1054 407 1094 6556
439 1039 670 1096 omnino
707 1046 949 1114 certum,
981 1041 1048 1098 de
1083 1060 1192 1116 quo
1218 1061 1388 1098 nemo
1421 1049 1611 1117 posset
1643 1042 1949 1115 ambigere.
1979 1043 2033 1098 Si
2061 1043 2204 1103 enim

280 1135 423 1213 Papa
466 1157 578 1194 non
611 1139 802 1195 credat
832 1158 891 1196 se
925 1140 1161 1198 subesse
1193 1141 1457 1210 concilio,
1491 1141 1629 1216 quid
1667 1141 1883 1216 sperari
1922 1147 2102 1216 potest
2127 1156 2215 1200 re-·

284 1237 459 1293 medii
499 1256 562 1294 ex
604 1239 723 1312 ejus
767 1239 1034 1314 (concilii)
1083 1240 1354 1298 decretis?
1394 1241 1585 1316 Neque
1627 1240 1813 1297 solum
1859 1248 2077 1298 certum
2119 1241 2206 1299 de·

283 1337 445 1395 beret
489 1357 613 1394 6556
651 1339 1024 1395 conciliorum
1065 1341 1419 1413 generalium
1454 1341 1570 1414 jus,
1612 1347 1676 1397 ut
1714 1341 2089 1398 necessariam
2129 1360 2208 1399 rc-

282 1436 680 1493 formationem
735 1437 1051 1509 induceret,
1099 1439 1194 1496 sed
1240 1445 1508 1514 praeterea
1553 1440 1809 1516 ipsorum
1856 1439 2207 1514 congregatio

283 1538 457 1610 facilis
507 1556 631 1594 6556
678 1539 907 1596 deberet
950 1547 1001 1596 et
1051 1540 1330 1616 expedita.
1381 1540 1516 1597 Cum
1564 1541 1987 1598 reformationis
2036 1559 2212 1598 causae

283 1635 700 1710 frequentiores
743 1638 880 1710 sint,
925 1646 977 1695 et
1011 1638 1321 1695 identidem
1363 1657 1566 1713 urgere
1609 1637 1678 1695 ab
1720 1639 2059 1696 adversariis
2099 1657 2212 1696 cre-

286 1736 522 1803 dantur;
570 1739 830 1812 generale
880 1746 1070 1796 autem
1120 1740 1428 1796 concilium
1476 1758 1691 1814 cogere,
1739 1758 1850 1814 quo
1902 1738 2213 1795 necessaria

286 1837 610 1893 reformatio
654 1839 982 1911 inducatur,
1029 1842 1133 1896 1106
1172 1840 1482 1915 praesertim
1520 1847 1774 1915 tempore
1814 1839 2211 1895 difficillimum

287 1935 449 1992 sitae
490 1936 607 1992 fere
650 1937 1028 2011 impossibile;
1077 1939 1397 1996 remedium
1441 1938 1829 1995 necessarium
1869 1938 2089 1994 deesset
2124 1938 2214 1993 Ec-

286 2034 491 2103 clesiae3
543 2044 661 2107 aut⁷
702 2056 772 2093 116
816 2037 983 2107 desit,
1024 2038 1118 2111 jus
1148 2038 1206 2091 in
1244 2038 1447 2110 Papam
1489 2037 1658 2092 etiam
1698 2036 1935 2093 invitum
1982 2034 2216 2092 remedii

286 2153 458 2192 causa
499 2155 612 2192 non
649 2137 782 2193 solis
821 2138 1184 2210 generalibus
1219 2137 1479 2194 conciliis
1518 2142 1664 2193 esset
1690 2137 2083 2208 tribuendum,
2122 2135 2216 2192 sed

287 2235 456 2291 etiam
488 2235 951 2309 particularibUS,
981 2254 1108 2309 quae
1141 2236 1456 2311 promptius
1491 2241 1543 2292 et
1571 2235 1796 2291 facilius
1822 2237 1945 2309 cogi
1978 2240 2210 2308 queunt.

286 2334 346 2390 Id
392 2341 583 2390 autem
625 2334 671 2390 si
718 2353 782 2390 ex
821 2335 1156 2391 necessitate
1190 2334 1430 2391 remedii
1466 2334 1773 2390 adversarii
1805 2339 2091 2407 nequeunt
2123 2333 2215 2390 ad-

288 2433 534 2505 mittere,
591 2454 654 2491 eo
712 2435 864 2508 quod
918 2435 1064 2509 Papa
1120 2434 1402 2509 primatus
1459 2451 1628 2489 eausa
1694 2433 2039 2508 quibuslibet
2093 2451 2214 2507 par-

288 2534 629 2591 ticularibus
673 2534 899 2611 synodis
942 2539 1192 2609 praestat,
1238 2551 1424 2607 neque
1472 2551 1537 2588 ex
1590 2532 1783 2588 eodem
1843 2532 2077 2588 remedii
2123 2550 2215 2589 ne·

289 2634 519 2690 cessarii
568 2633 733 2690 titulo
790 2632 1156 2689 tribuendum
1199 2631 1305 2688 erit
1350 2630 1589 2688 concilio
1633 2629 1902 2704 generali,
1949 2649 2078 2686 cum
2123 2629 2213 2685 ille

290 2751 358 2790 ex
404 2733 599 2790 eodem
641 2733 895 2808 primatu
936 2751 1051 2789 non
1092 2738 1207 2789 tam
1254 2730 1691 2807 particularibus
1734 2749 1905 2805 quam
1946 2728 2215 2804 generali·

288 2834 398 2890 bus
444 2833 674 2909 synodis
705 2833 776 2889 sit
812 2833 1118 2908 superior»
1154 2834 1239 2907 (cle
1273 2833 1543 2888 Potestate
1569 2831 1959 2899 Ecclesiastico,
1992 2849 2114 2906 cap.
2142 2847 2209 2893 ix,

291 2938 317 3009 Ξ
341 2935 396 3009 1,
419 2954 479 2992 11.
513 2936 592 3009 7).

367 3035 662 3091 Paorosmo
701 3034 809 3091 111³.
834 3032 970 3088 —F
973 3033 1142 3088 alsam
1181 3040 1278 3100 est,
1322 3033 1374 3086 in
1411 3049 1534 3086 casu
1565 3030 1731 3104 Papae
1770 3031 2004 3086 moribus
2045 3028 2208 3094 matii,

285 3137 718 3210 jurisdictionem
759 3134 967 3190 concilii
1015 3135 1070 3188 in
1114 3132 1318 3207 Papam
1362 3149 1473 3186 esse
1510 3131 1801 3186 remedium
1839 3130 2209 3212 necessarium,

293 3238 370 3292 ita
408 3244 465 3291 ut
499 3235 700 3290 nullum
746 3234 895 3289 aliud
934 3233 1224 3289 remedium
1258 3231 1529 3303 sufficiens
1564 3236 1613 3285 et
1650 3231 1959 3285 conveniens
1995 3225 2214 3300 reperiri

286 3337 485 3407 possit.
516 3367 585 3375 —
611 3334 718 3391 Vox
749 3333 1109 3390 necessarium
1142 3330 1373 3387 relativa
1410 3335 1516 3386 est.
1545 3328 1698 3384 Unde
1738 3325 1965 3401 quando
1999 3343 2088 3382 res
2118 3321 2214 3380 ali-

296 3450 409 3505 qua
442 3436 743 3490 necessaria
784 3431 1013 3502 dicitur,
1057 3430 1267 3487 locutio
1312 3429 1420 3486 ista
1459 3446 1693 3485 sensum
1727 3445 1843 3483 non
1878 3426 2066 3494 habet,
2102 3419 2210 3478 nisi

296 3531 669 3604 exprimatur,
714 3531 803 3589 vel
837 3535 1038 3587 notum
1082 3534 1438 3605 supponatur
1473 3527 1532 3583 id
1569 3525 1799 3583 relative
1844 3524 1914 3580 ad
1947 3521 2093 3596 quod
2127 3533 2230 3574 res*

296 3628 414 3684 haec
451 3634 755 3688 necessaria
785 3630 1206 3706 pronuntiatur.
1249 3630 1390 3686 Dum
1430 3633 1619 3684 autem
1657 3622 1960 3683 adversarii
2000 3621 2212 3677 dictum
