2306 4010
309 168 400 216 222
906 195 914 204 .
985 155 1281 206 TRACTATUS
1309 154 1376 202 DE
1405 151 1556 204 PAPA.

310 372 552 440 Christo,
580 372 634 422 et
653 379 919 438 expressa
945 377 1044 435 per
1070 364 1262 418 textus
1284 359 1354 418 ad
1381 359 1566 417 solum
1595 359 1821 417 Petrum
1842 361 2205 437 respicientes
2246 358 2250 363 ⁹

312 467 564 528 Christus
598 461 800 519 deinde
838 461 1066 517 locutus
1107 466 1191 518 est
1229 459 1502 518 omnibus
1541 458 1720 518 simul
1761 461 2055 537 apostolis,
2098 462 2228 540 ip

311 564 653 644 promittens
681 560 1068 619 assistentiam
1095 567 1150 619 et
1174 561 1408 619 tradens
1433 566 1767 637 potestatem
1789 562 1896 619 sub
1923 567 2116 620 sancto
2160 570 2199 616 ···,

311 671 399 722 tro
435 659 836 733 exercendam,
877 666 932 718 et
962 660 1108 718 hanc
1146 660 1530 719 assistentiam
1569 678 1850 737 reponens
1890 662 1952 718 in
1994 680 2057 720 eo
2089 681 2216 738 qu

314 778 609 834 nunquam
650 758 1001 834 permitteret
1044 759 1376 817 scissionem
1409 760 1802 817 membrorum
1838 778 1869 817 a
1908 761 2110 837 capite,
2141 773 2230 838 sag

316 861 639 918 dissensum
667 858 1018 916 collectionis
1034 859 1438 935 Episcoporum
1478 878 1509 916 a
1538 858 1772 918 Summo
1797 859 2083 918 Pontifice.
2106 859 2176 918 Er
2224 862 2232 914 'f

317 960 399 1018 sic
421 964 680 1016 remanet
697 964 752 1015 et
776 976 1074 1015 remanere
1093 959 1256 1016 debet
1282 965 1531 1035 potestas
1559 959 1725 1035 plena
1752 964 1804 1017 et
1830 959 2006 1017 illaesa
2029 959 2163 1018 Sum
2200 987 2209 1015 a
2236 951 2237 954 ¹

315 1059 600 1118 Pontificis
626 1082 654 1114 »
688 1060 993 1133 (Tractatus
1035 1061 1101 1117 cle
1140 1061 1403 1132 Ecclesia,
1448 1065 1678 1119 auctore
1709 1061 1767 1119 P.
1796 1060 2019 1134 Martin,
2051 1060 2234 1138 pauci'

318 1161 736 1236 exemplaribus
769 1160 1171 1237 autographice
1204 1161 1414 1233 edituS,
1442 1181 1498 1237 p.
1533 1161 1694 1234 295).

395 1260 687 1316 Paoposmo
720 1258 831 1316 111².
850 1293 919 1301 —
937 1259 1157 1316 Falsum
1182 1262 1340 1316 etiam
1364 1267 1445 1317 est
1469 1260 1611 1316 istud
1645 1260 2077 1317 adversariorum
2096 1262 2247 1334 prin-

234 1428 239 1435 *
323 1360 561 1432 cipium:
616 1356 970 1431 «Infallibilis
1008 1366 1087 1414 est
1133 1358 1297 1415 Sedes
1336 1359 1657 1432 apostolica,
1697 1377 1804 1415 non
1842 1378 1963 1416 vero
2007 1355 2262 1416 Summus

322 1458 576 1530 Pontifex
601 1460 659 1514 in
691 1476 755 1514 ea
786 1459 996 1515 sedena.
1021 1491 1090 1499 -
1125 1455 1332 1514 Fusius
1364 1475 1538 1532 supra
1570 1457 1991 1514 confutavimus
2020 1455 2266 1532 (nempe

324 1563 484 1633 parto
510 1555 577 1627 II,
631 1562 768 1615 sect.
801 1557 844 1631 I,
898 1576 1024 1632 cap.
1062 1557 1131 1630 tv)
1174 1557 1460 1614 novellum
1495 1557 1650 1613 istud
1687 1561 1954 1632 systema,
1998 1575 2109 1631 quo
2144 1555 2254 1613 dis-

327 1656 611 1729 tinguitur
642 1656 845 1712 Sedem
869 1656 1184 1713 Romanam
1235 1656 1384 1713 inter
1426 1661 1478 1713 et
1507 1654 1793 1712 sedentem
1823 1655 1881 1711 in
1925 1673 2011 1730 ea,
2062 1660 2116 1712 et
2145 1673 2264 1730 quo

328 1753 706 1811 infallibilitas
761 1754 877 1810 sedi
926 1754 1156 1830 quidem
1205 1755 1482 1812 tribuitur
1510 1801 1523 1826 ,
1586 1773 1701 1813 non
1758 1762 1950 1813 autem
2016 1753 2248 1811 sedenti.

328 1853 714 1910 Nihilominus
758 1854 850 1911 hic
893 1855 1064 1912 etiam
1107 1857 1352 1913 breviter
1400 1875 1571 1930 quam
1617 1856 1786 1913 inane
1831 1856 1901 1912 sit
1946 1855 2132 1930 palam
2175 1853 2255 1912 fa*-

333 1953 570 2011 ciemus
1926 1947 1929 1950 ’

411 2051 466 2108 1⁰
509 2050 701 2121 SedeS,
746 2051 1120 2108 materialiter
1157 2057 1404 2126 sumpta,
1450 2051 1508 2107 id
1538 2057 1642 2119 est,
1686 2071 1788 2127 pro
1823 2052 2057 2127 objecto
2088 2058 2260 2110 mate-

335 2149 465 2206 riali
495 2167 667 2224 super
695 2169 807 2224 quo
827 2151 1084 2221 sedetur,
1124 2151 1363 2226 incapax
1395 2156 1481 2207 est
1508 2150 1955 2220 infallibilitatiS,
1987 2156 2052 2207 ut
2077 2156 2249 2226 patet.

336 2250 408 2307 De
432 2251 536 2306 hoc
563 2267 731 2305 sensu
755 2267 869 2305 non
902 2249 1109 2322 agitur.
2282 2231 2283 2234 Ἴ

416 2349 471 2403 2⁰
511 2348 622 2404 Vox
662 2347 822 2404 sedes
868 2348 1058 2422 (prout
1107 2352 1159 2403 et
1201 2366 1306 2404 vox
1351 2345 1641 2419 cathedra,
1680 2348 1944 2419 thronuS,
1991 2344 2262 2404 tribunal

341 2446 492 2503 sumi
522 2451 703 2522 potest
730 2451 782 2502 et
819 2446 887 2502 de
917 2446 1060 2502 facto
1093 2445 1341 2502 sumitur
1366 2446 1724 2519 metaphorice
1748 2445 1817 2502 ad
1854 2445 2208 2520 designandu

344 2551 400 2604 in
427 2550 714 2617 abstracte,
750 2549 864 2603 sive
890 2547 1204 2622 potentiam
1232 2548 1347 2604 sive
1376 2547 1785 2617 excellentiam,
1818 2547 1934 2604 sive
1962 2547 2102 2604 alias
2134 2563 2243 2621 qua

344 2645 531 2701 litates
562 2651 615 2700 et
645 2645 1042 2719 praerogativas
1070 2651 1354 2702 certarum
1380 2630 1779 2719 personarum.
1809 2646 1920 2716 Sic,
1955 2646 2111 2701 verbi
2145 2663 2243 2718 gra

346 2744 446 2813 tia,
480 2742 701 2818 phrasis
735 2743 875 2812 haec,
916 2742 1134 2798 thronus
1170 2743 1354 2800 Galliae
1393 2743 1497 2799 tale
1532 2743 1612 2799 vel
1649 2743 1757 2799 tale
1794 2745 1884 2818 jus
1926 2745 2096 2814 habet,
2124 2741 2262 2800 nihi

322 2847 327 2854 ’
349 2842 504 2900 aliud
529 2840 829 2915 significat,
860 2859 1027 2914 quam
1056 2842 1225 2898 hocce
1246 2842 1339 2915 jus
1365 2859 1537 2917 penes
1563 2842 1753 2899 Galliae
1778 2860 1967 2917 regem
1994 2843 2263 2902 residere

349 2941 447 2998 scd
491 2943 597 2996 hoc
638 2939 914 3013 significat
955 2939 1337 2996 abstrahendo
1384 2941 1452 2996 ab
1487 2940 1593 2997 hoc
1625 2941 1712 2997 vel
1746 2940 1850 2998 isto
1891 2959 2020 3014 rege
2061 2940 2255 2997 Galli

349 3042 502 3098 unde
538 3040 634 3115 jus
677 3038 832 3096 istud
865 3038 1084 3113 regium
1118 3039 1199 3095 sic
1238 3039 1567 3113 designatur
1604 3042 1659 3096 in
1683 3041 1970 3097 abstracta
2013 3037 2243 3097 Proveni

351 3147 540 3199 autem
580 3141 931 3215 metaphora,
965 3158 1030 3196 ex
1069 3158 1131 3196 eo
1159 3140 1309 3213 quod
1351 3139 1512 3197 dictae
1537 3147 1792 3217 personae
1827 3159 1987 3198 suam
2029 3145 2258 3215 potest
2300 3166 2306 3173 ·

350 3250 462 3300 tem
499 3259 762 3300 exercere
796 3241 1012 3298 soleant
1043 3241 1103 3296 in
1141 3240 1330 3316 aliqua
1350 3241 1629 3299 materiali
1661 3243 1793 3299 sede
1827 3242 1916 3299 vel
1943 3242 2149 3298 throno
2220 3262 2226 3272 ·
2287 3266 2289 3269 ·

354 3342 569 3400 denteS.
2263 3327 2298 3421 ’-

431 3440 552 3496 Jam
566 3459 708 3498 velo
742 3441 790 3498 si
828 3440 1101 3498 Gallicani
1129 3441 1322 3500 Sedem
1359 3442 1705 3517 apostolicam
1746 3441 1805 3498 in
1838 3440 1943 3498 hoc
1984 3457 2152 3498 sensu
2183 3436 2289 3510 in,

356 3535 643 3609 telligant,
685 3540 890 3597 absone
933 3539 1399 3598 infallibilitatem
1445 3541 1683 3598 aliamve
1721 3539 2147 3616 praerogativam
2187 3506 2288 3600 ilff

361 3635 478 3694 sedi
510 3637 793 3711 tribuunt,
827 3658 950 3696 eam
980 3640 1308 3714 denegando
1335 3640 1584 3698 Romano
1609 3639 1882 3698 Pontifici.
1906 3638 2044 3695 Nam
2083 3635 2163 3694 sic
2187 3622 2276 3690 ine
