2262 3990
937 162 1062 212 PARS
1089 160 1289 211 TERTIA.
1962 157 2054 208 503

254 274 310 330 5⁰
342 271 583 328 Tandem
615 268 870 343 sequitur
894 285 1063 344 penes
1098 265 1412 324 Romanum
1439 261 1761 321 Pontificem
1784 279 1898 319 non
1929 278 2053 320 esse

181 385 499 444 supremam
524 365 810 441 regiminis
843 362 1198 423 ecclesiastici
1232 364 1583 438 potestatem,
1611 358 1708 416 sed
1729 376 1897 435 penes
1920 376 2052 416 con-

184 466 376 522 cilium
407 462 662 539 generale
690 461 1002 536 sejunctum
1033 479 1064 517 a
1092 460 1256 535 Papa.

252 564 593 639 Quapropter
616 561 843 619 omnino
872 565 1061 618 errant
1093 558 1192 632 qui
1219 555 1382 613 nihili
1406 553 1714 612 faciendam
1737 552 2058 611 existimant

180 662 541 736 quaestionem
578 662 740 728 hanc,
780 677 847 715 an
874 658 1163 717 Concilium
1193 655 1432 728 yenerale
1467 656 1580 710 sine
1616 653 1764 728 Papa
1792 654 1861 708 sit
1896 670 2057 726 supra

181 760 399 834 Papam.
441 757 710 832 Equidem
732 772 925 812 verum
964 759 1050 809 est
1090 752 1239 825 quod
1267 751 1558 822 adnotant,
1598 750 1876 807 concilium
1900 767 2055 823 yene-

177 856 287 911 ναῖε
316 858 428 911 sine
456 855 632 926 Papa,
662 868 775 908 non
815 866 935 906 esse
963 847 1185 922 proprie
1214 847 1458 919 yenerale
1490 848 1788 913 concilium
1828 848 1924 904 sed
1951 849 2056 905 hoe

172 969 283 1007 non
323 949 553 1024 impedit
592 947 729 1020 quin
764 961 955 1002 revera
996 943 1271 1017 ejusmodi
1308 942 1540 999 concilio
1583 944 1849 1001 attributa
1887 944 2056 1002 fuerit

175 1063 206 1101 a
235 1045 426 1101 multis
461 1042 820 1118 superioritas
859 1059 1029 1115 supra
1066 1041 1291 1114 Papam,
1331 1045 1384 1095 et
1424 1038 1559 1113 quin
1602 1041 2052 1098 funestissimum

171 1159 412 1198 errorem
462 1142 634 1198 istum
684 1141 993 1198 etiamnum
1037 1138 1382 1195 Gallicanum
1427 1144 1665 1212 systema
1714 1157 1812 1212 pro
1854 1140 2053 1196 funda-

169 1244 355 1294 mento
381 1238 630 1295 retincat.
667 1237 888 1294 Maximi
922 1241 1142 1293 econtra
1179 1234 1451 1292 momenti
1482 1240 1588 1305 est,
1624 1240 1678 1290 et
1701 1235 1893 1291 sedulo
1923 1254 2052 1292 con—

165 1336 434 1392 futandus
474 1354 649 1404 error,
695 1335 894 1392 divinae
928 1333 1340 1391 constitutionis
1383 1332 1637 1389 Ecclesiae
1696 1351 1760 1390 ac
1796 1334 2051 1390 catholici

169 1433 439 1506 dogmatis
468 1434 631 1507 plane
660 1434 1033 1489 subversivuS.

241 1530 303 1585 ll.
336 1530 521 1586 Altera
551 1547 679 1586 vero
721 1520 975 1602 quaestiO,
1021 1528 1297 1598 videlicet,
1341 1547 1408 1583 αη
1448 1529 1721 1585 concilium
1758 1547 1871 1585 cum
1902 1530 2052 1603 Papa

162 1629 230 1682 sit
270 1645 432 1699 sum-a
473 1628 698 1699 Papam,
747 1626 982 1682 minoris
1026 1626 1297 1682 momenti
1342 1632 1444 1682 cst.
1487 1626 1623 1682 Nam
1657 1627 1786 1682 talis
1825 1627 2049 1683 concilii

165 1724 379 1779 decreta
413 1729 542 1798 sunt
577 1723 745 1780 simul
770 1723 989 1778 decreta
1017 1722 1221 1777 summi
1245 1721 1543 1788 Pontiticis3
1578 1739 1677 1778 nec
1706 1729 1887 1796 potest
1913 1729 2050 1779 tunc

160 1820 476 1893 contingere
499 1820 785 1876 conflictus
820 1820 1021 1893 Papam
1064 1819 1210 1875 inter
1245 1825 1300 1874 et
1330 1818 1653 1888 concilium,
1680 1837 1810 1875 cum
1841 1838 2045 1895 suppo-

158 1924 326 1973 natur
358 1918 655 1973 concilium
698 1916 842 1972 nihil
881 1917 1179 1972 decernere
1224 1915 1330 1972 nisi
1367 1916 1706 1973 assentiente
1750 1924 1806 1974 et
1845 1917 2044 1974 confir-

155 2022 338 2071 mante
393 2033 613 2070 summo
656 2013 937 2072 Pontifice.
982 2013 1097 2069 Non
1146 2020 1229 2069 est
1273 2021 1461 2070 tamen
1510 2015 1743 2087 quaestio
1793 2016 1928 2085 haec,
1978 2023 2041 2074 ut

158 2111 445 2166 nonnulli¹
494 2111 842 2180 existimant,
895 2111 1070 2166 otiosa
1114 2116 1167 2167 et
1218 2110 1478 2166 ridicula.
1529 2111 1821 2168 Enimvero
1873 2118 2039 2187 prout

159 2206 468 2271 admittitur
503 2207 1117 2280 concilium-cum-Papa
1150 2224 1267 2262 esse
1307 2208 1392 2262 vel
1428 2225 1538 2262 non
1576 2227 1696 2266 esse
1734 2228 1905 2285 supra
1938 2213 2036 2268 Pa·

158 2319 306 2375 pain,
346 2302 524 2356 ssuunt
561 2303 772 2358 diversa
806 2303 1167 2358 consectaria.
1206 2303 1362 2358 Verbi
1410 2304 1609 2376 gratia,
1647 2306 1695 2360 si
1733 2309 2035 2365 auctoritas

153 2400 313 2453 solius
334 2398 484 2471 Papae
508 2397 578 2453 sit
602 2398 830 2470 aequalis
857 2398 1169 2455 auctoritati
1205 2402 1406 2455 concilii
1433 2419 1545 2456 curn
1575 2402 1746 2476 Papa,
1779 2405 2035 2476 sequitur

153 2494 501 2549 definitiones
526 2494 652 2551 fidei
678 2513 709 2551 a
734 2495 850 2550 solo
874 2495 1017 2570 Papa
1044 2503 1169 2552 ante
1191 2497 1488 2554 concilium
1514 2499 1712 2571 editaS,
1738 2519 1847 2557 non
1870 2520 2033 2576 posse

148 2589 309 2645 aliter
354 2609 383 2645 a
429 2590 978 2666 concilio-cum—Papa
1014 2592 1251 2659 definiri;
1291 2594 1426 2651 dum
1460 2602 1684 2653 econtra
1720 2598 1766 2653 si
1801 2599 2031 2656 inferior

151 2687 311 2755 foret,
347 2673 765 2743 definitionibus
803 2687 923 2744 istis
964 2706 994 2743 a
1024 2690 1139 2745 solo
1169 2690 1309 2764 Papa
1341 2691 1530 2763 editis,
1560 2711 1669 2749 non
1701 2694 1906 2752 inesset
1935 2714 2028 2752 su·
2073 2742 2077 2746 .

151 2798 339 2854 prema
378 2783 701 2854 auctoritas,
745 2790 799 2841 et
836 2791 1021 2860 posset
1059 2787 1670 2865 concilium-cum-Papa
1712 2794 2027 2866 expendere

150 2893 286 2930 num
315 2893 555 2934 erroneae
588 2879 720 2949 sint,
758 2899 842 2951 ac,
881 2882 927 2938 si
963 2883 1101 2940 tales
1135 2884 1498 2955 existimaret,
1527 2906 1620 2943 eas
1660 2888 1938 2960 corrigere
1964 2906 2026 2944 ac

149 2971 467 3028 reformare.
491 3005 561 3015 —
581 2975 716 3032 Item
752 2978 800 3034 si
832 2980 1448 3057 concilium-cum-Papa
1485 2983 1556 3040 sit
1584 3001 1754 3057 supra
1796 2986 2020 3058 Papam,

202 3167 256 3219 (1)
283 3167 402 3208 verbi
425 3167 572 3218 gratia,
603 3168 661 3209 sic
687 3173 834 3210 auctor
857 3169 1053 3211 Febronii
1080 3171 1313 3214 abbreviati
1344 3173 1493 3226 (pmcn,
1524 3185 1564 3224 p.
1592 3185 1690 3224 mv,
1720 3175 1816 3215 edit.
1842 3176 2020 3220 Bruxell.

148 3233 267 3285 1829)
290 3246 298 3274 :
328 3249 347 3274 α
361 3235 642 3280 Quaestionem
666 3239 811 3275 utrum
839 3236 1053 3276 concilium
1070 3238 1126 3277 sit
1144 3249 1271 3288 supra
1292 3240 1461 3289 Papam,
1483 3239 1548 3279 vel
1569 3243 1710 3280 contra
1733 3240 1850 3291 Papa
1872 3243 1931 3284 sit
1946 3253 2022 3285 su-

145 3311 227 3351 pra
248 3300 464 3341 concilium
490 3299 699 3350 9enera1e,
727 3298 777 3339 ad
802 3298 969 3341 inutiles
992 3299 1307 3352 disceptationes
1329 3302 1475 3354 rejicio
1496 3317 1516 3342 v
1535 3325 1588 3333 —·
1613 3303 1661 3344 Et
1681 3304 1733 3346 de
1758 3305 1920 3349 Maistre
1943 3310 2020 3362 (Du

149 3368 277 3419 Pape,
304 3368 423 3416 cliap.
456 3365 496 3418 5)
521 3378 531 3406 :
558 3380 577 3404 ι
598 3366 708 3406 Cette
730 3366 923 3406 notion...
954 3377 1098 3418 expose
1126 3368 1228 3408 dans
1257 3372 1346 3409 tout
1370 3381 1444 3410 son
1462 3369 1563 3422 j0ur
1590 3370 1820 3416 l’immense
1841 3374 2020 3419 ridicule

145 3430 195 3470 de
222 3431 260 3469 la
287 3431 478 3481 question
498 3428 534 3469 si
556 3428 762 3478 debattue‚
799 3428 835 3469 si
861 3429 901 3469 le
928 3429 1042 3479 Pape
1075 3434 1136 3471 est
1161 3431 1388 3473 au-dessus
1417 3432 1471 3473 du
1501 3433 1684 3488 concile,
1713 3447 1765 3477 ou
1790 3438 1830 3479 le
1855 3437 2020 3483 Concile

145 3496 365 3538 ait-dessus
393 3497 447 3537 du
479 3497 602 3547 Pape.
631 3509 652 3535 n
686 3495 780 3536 Hace
810 3495 952 3537 minus
982 3496 1240 3539 considerate
1273 3498 1383 3541 dicta
1418 3498 1627 3554 videntur,
1661 3503 1741 3546 etsi
1771 3504 1824 3547 ab
1854 3506 2018 3551 eximiis

133 3563 427 3616 scriptoribus,
451 3569 491 3604 ct
514 3564 563 3604 ad
593 3563 795 3614 optimum
818 3564 986 3616 quidem
1007 3575 1190 3615 scopum.
