2306 4010
334 163 423 210 506
1007 157 1308 206 TRACTATUS
1339 156 1404 203 DE
1439 157 1587 206 PAPA.
1670 167 1673 169 ’

334 277 542 328 runt...
564 269 689 339 Sed,
708 284 779 323 ne
796 265 927 338 quis
945 281 1360 338 nonnunquam
1387 262 1580 320 minus
1603 262 1922 338 intelligens
1945 267 2253 342 reprehen-

333 372 452 440 dat,
488 365 858 442 quamobrem
897 363 962 420 de
1009 364 1243 421 hutnana
1285 370 1488 421 tantum
1524 370 1740 434 natura,
1772 363 1826 421 et'
1850 382 1958 422 non
1997 360 2156 423 etiam
2187 367 2252 426 de
2299 439 2306 448 .

333 463 505 518 divina
522 467 740 528 natura,
769 457 994 513 docere¹
1021 456 1307 515 sciatur...
1326 456 1516 531 Debet,
1543 455 1644 532 qui
1663 475 1836 533 super
1858 457 1966 515 hoc
1991 457 2259 534 ambigit,
2288 525 2302 532 ..

332 560 476 617 scire
503 557 772 634 quoniam
805 557 874 614 ad
902 557 1005 615 hoc
1034 557 1180 615 facta
1209 564 1292 615 est
1323 557 1615 634 responsio
1643 557 1843 632 adjam
1863 556 2002 616 dicti
2024 558 2256 618 Patriar-
2299 603 2302 606 ⁴

246 699 248 701 >
331 661 448 718 chae
486 657 1011 732 interrogationem.
1047 681 1075 711 »

410 760 464 816 5.
499 759 727 816 Videtur
755 759 999 817 Joannes
1023 759 1167 836 Papa
1197 759 1544 836 respondere
1571 766 1766 836 postea
1788 758 2036 816 voluisse
2057 758 2127 816 iis
2156 757 2295 835 quisi

333 859 737 936 postulassent,
779 877 881 916 cur
914 859 1194 916 Honorius
1239 859 1297 915 in
1326 878 1429 916 suo
1474 876 1745 935 responso
1775 859 1843 915 de
1881 859 2062 916 divina
2085 857 2294 916 etiam·

333 966 528 1017 natura
562 966 615 1016 et
667 959 960 1017 voluntate
995 977 1109 1016 non
1159 959 1230 1016 sit
1291 959 1537 1016 locutus.
1583 960 1661 1015 Ita
1701 958 1854 1016 enim
1910 957 2202 1034 subjungit
2241 939 2306 1014 :3³-

335 1082 360 1113 «
391 1060 662 1118 Praeterea
695 1065 747 1115 et
784 1061 887 1116 hoc
930 1059 1051 1116 fieri
1089 1059 1253 1131 solet,
1302 1065 1365 1115 ut
1405 1058 1618 1116 scilicet
1649 1058 1749 1116 ubi
1781 1063 1864 1116 est
1903 1058 2134 1128 vulnuS‚
2178 1020 2306 1208 ibii

334 1160 673 1218 medicinale
711 1167 966 1217 occurrat
1003 1160 1304 1217 auxilium.
1340 1161 1479 1217 Nam
1516 1167 1570 1217 et
1610 1161 1808 1217 beatus
1841 1160 2130 1235 apostolus
2157 1159 2259 1216 hoc
2291 1178 2295 1190 ¹

333 1279 480 1337 saepe
509 1260 711 1318 fecisse
738 1259 1162 1334 dignoscitur...
1190 1284 1199 1327 3
1229 1267 1282 1317 et
1313 1260 1620 1334 aliquando
1643 1259 1875 1334 quidem
1904 1261 1972 1317 de
1994 1278 2259 1335 suprema
2299 1332 2301 1334 Ι

334 1367 538 1418 natura
570 1362 798 1431 docens,
834 1361 903 1417 dc
932 1361 1180 1417 humana
1209 1361 1435 1436 penitus
1461 1366 1644 1429 tacet;
1685 1361 1989 1436 aliquando
2021 1379 2150 1419 vero
2196 1360 2261 1418 dc

336 1463 580 1518 humana
614 1460 1033 1536 dispensatione
1058 1460 1381 1536 disputanS,
1412 1460 1749 1536 mysterium
1786 1460 2102 1518 divinitatis
2141 1459 2261 1534 ejus

333 1582 447 1620 non
490 1561 740 1637 tangit...
778 1584 805 1615 »

415 1667 467 1721 4.
526 1665 772 1721 Tandem
819 1663 896 1720 ita
936 1663 1004 1720 de
1041 1663 1282 1720 Honorio
1327 1663 1618 1721 concludit
1658 1683 1668 1716 :
1714 1684 1741 1716 «
1777 1662 2079 1720 Praedictus
2129 1680 2262 1737 ergo

337 1765 593 1821 decessor
631 1782 791 1819 incus
818 1762 1026 1819 docens
1053 1762 1120 1818 de
1148 1761 1414 1837 mysterio
1445 1761 1848 1819 incarnationis
1884 1760 2090 1818 Christi
2117 1757 2271 1818 dicess

339 1865 458 1935 bat,
488 1882 599 1920 non
627 1863 806 1919 fuisse
830 1862 888 1918 in
915 1882 1002 1933 co,
1035 1861 1182 1919 sicut
1217 1862 1277 1918 in
1314 1862 1479 1919 nobis
1519 1861 1931 1938 peccatoribuS,
1967 1860 2175 1918 mentis
2212 1865 2264 1918 et

340 1965 528 2023 carnis
561 1963 879 2022 contrarias
905 1963 1246 2020 voluntates,
1276 1964 1433 2026 Quod
1459 1963 1689 2037 quidam
1716 1963 1784 2019 ad
1818 1963 2113 2039 proprium
2139 1952 2283 2020 scn-⁴

342 2084 468 2122 sum
510 2069 925 2133 convertenteS,
966 2063 1257 2119 clivinz'tatz's
1306 2065 1419 2136 eJ'us
1455 2070 1504 2118 et
1556 2064 1902 2119 humanitatis
1934 2081 2100 2119 unam
2135 2080 2262 2121 eum

342 2167 694 2222 voluntatem
726 2164 989 2222 docuisse
1025 2163 1296 2240 suspicati
1335 2170 1501 2231 sunt;
1537 2165 1675 2237 quod
1710 2166 1924 2221 *veritati
1946 2164 2270 2220 omnimodis.

346 2273 424 2325 est
458 2265 807 2321 contrarium..
847 2285 875 2316 »

422 2364 509 2420 Sic
535 2381 666 2438 ergo
699 2381 965 2420 summus
990 2361 1263 2431 Pontifex,
1292 2362 1539 2420 Joannes
1565 2361 1648 2432 IV,
1679 2361 1863 2419 tribus
1888 2360 2116 2420 circiter
2146 2380 2241 2438 pos
2272 2406 2274 2411 .

346 2463 576 2522 Honorii
628 2464 848 2521 obitum
886 2463 1075 2534 anniS,
1122 2464 1435 2520 testabatur
1470 2482 1534 2520 ac
1564 2463 2010 2535 demonstrabat,
2061 2462 2208 2520 falsu

343 2582 582 2639 prorsus
610 2582 730 2621 esso
757 2563 909 2638 quod
939 2563 1007 2620 de
1039 2562 1234 2620 eodem
1259 2562 1500 2620 Honorio
1527 2562 1863 2621 dictitabant
1893 2563 2141 2621 haeretici
2166 2562 2245 2620 Mo

346 2664 659 2736 nothelitae,
693 2664 960 2738 quodque
993 2663 1322 2722 Bossuetius
1370 2670 1425 2721 et
1475 2663 1663 2721 caeteri
1696 2662 1967 2722 Gallicani
2003 2668 2247 2740 systema.
2271 2656 2289 2704 ’-

346 2764 420 2820 tis
477 2781 746 2838 sequaces
791 2769 1182 2835 recantarunt,
1227 2762 1488 2820 videlicet
1518 2783 1528 2815 ε
1560 2763 1872 2820 Honorium
1914 2762 1974 2819 in
2012 2757 2283 2825 haeresinii'

348 2862 636 2935 incidisse,
688 2862 918 2932 unicam
955 2863 1268 2919 divinitatis
1319 2870 1372 2920 et
1412 2862 1781 2920 humanitatis
1822 2863 2166 2920 voluntatem
2210 2843 2282 2922 im

347 2962 468 3020 suis
503 2963 572 3021 ad
606 2962 866 3038 Sergium
895 2963 1150 3039 epistolis
1196 2963 1503 3020 edocendo.
2252 2976 2271 3019 ἲ

422 3066 756 3121 ΒοευΜΕΝΤυΜ
783 3063 842 3121 V.
867 3097 943 3105 ——
969 3064 1224 3139 Apoloqia
1251 3083 1351 3138 pro
1389 3065 1645 3137 Honorio,
1689 3082 1846 3139 quam
1893 3064 2121 3121 continet
2142 3058 2290 3136 epis&

349 3165 458 3222 tola
489 3165 658 3222 sancti
691 3163 914 3222 Maximi
946 3164 1013 3219 acl
1058 3164 1324 3220 Marinum
1354 3165 1740 3238 presbyterum.
1768 3197 1839 3204 —
1860 3162 2079 3219 Editam
2111 3174 2267 3235 repe*

348 3265 461 3323 ries
491 3264 642 3342 apud
679 3264 884 3337 Labbe,
932 3265 1111 3341 (tomo
1141 3265 1203 3331 V,
1253 3264 1359 3321 col.
1398 3264 1569 3335 1765,
1597 3264 1733 3321 edit.
1779 3263 2030 3335 Parisiis,
2074 3257 2265 3331 1671)»

299 3437 306 3443 ἢ
347 3363 505 3422 Notet
535 3371 726 3422 autem
765 3366 942 3423 lector
968 3370 1319 3423 coaetaneum
1351 3364 1528 3422 fuisse
1554 3369 1815 3421 sanctum
1855 3362 2180 3428 Maximum,
2214 3355 2268 3412 et

351 3482 412 3518 ca
439 3483 562 3537 quae
602 3485 669 3523 ex
703 3465 826 3541 ipso
863 3467 1109 3523 citamus
1141 3465 1328 3523 tribus
1364 3465 1590 3522 circiter
1623 3470 1722 3522 aut
1757 3469 1999 3538 quatuor
2026 3454 2263 3535 postfio-

351 3562 495 3617 norii
523 3564 741 3621 obitum
785 3568 952 3624 annis
989 3564 1200 3642 scripta
1226 3565 1424 3622 fuisse.

407 3679 462 3733 sl)
493 3681 539 3722 ld
565 3689 640 3747 ost,
669 3687 836 3729 sciatur
861 3690 1091 3732 Honorium
1114 3689 1265 3731 docere
1290 3689 1342 3730 de
1363 3688 1550 3730 humana
1571 3688 1738 3730 tantum
1757 3688 1929 3732 natura,
1961 3687 2045 3724 etc..
