2262 3990
860 156 990 205 mis
1017 156 1215 205 'mm
1457 185 1468 193 ·
1886 152 1973 199 519

111 282 326 337 unque
354 264 567 321 solveris
604 268 735 335 etc.,
773 268 963 321 tamen
993 265 1139 322 hane
1170 263 1350 339 ipsam
1379 259 1588 334 ligandi
1628 266 1683 318 et
1723 258 1971 317 solvendi

111 366 437 437 potestatem
468 359 693 418 tradidit
722 365 776 418 et
797 360 1009 419 caeteris
1030 359 1291 436 apostolis
1320 376 1419 434 per
1439 357 1606 415 verba
1633 356 1970 430 Quaecumque

110 460 389 530 solverim,
414 464 522 515 etc.
552 458 691 531 Ergo
713 475 743 514 a
776 457 919 533 pari,
945 457 1076 515 licet
1102 456 1337 514 seorsim
1362 454 1515 512 Petro
1540 452 1712 510 claves
1734 452 1975 510 tradide-

113 556 209 627 rit,
237 554 545 613 censendus
569 560 650 612 est
675 571 769 612 eas
793 553 963 611 etiam
988 554 1114 611 aliis
1147 551 1412 629 apostolis
1451 550 1774 618 tradidisse3
1807 549 1885 607 ita
1914 557 1978 607 ut

114 658 352 726 potestas
391 650 630 708 clavium
677 667 789 708 non
835 649 909 706 sit
952 666 1120 723 penes
1166 666 1373 717 unum,
1420 647 1515 704 sed
1564 663 1730 721 penes
1772 653 1978 704 coetum

114 748 540 824 Episcoporum3
589 763 655 803 ex
700 762 810 818 quo
864 744 1118 816 sequitur
1159 744 1460 800 concilium
1511 761 1630 800 esse
1676 761 1846 818 supra
1884 743 1982 798 Pa-

113 862 258 920 pam.

184 941 482 1015 Respondeo
506 960 523 992 .·
541 937 764 1004 Quando
782 936 1028 994 Christus
1059 936 1321 992 omnibus
1349 937 1613 1010 apostolis
1639 938 1800 1006 dixit,
1827 937 1983 1010 quod-

113 1053 323 1107 cumque
351 1035 626 1103 solverim,
647 1039 777 1104 ete.‚
809 1031 885 1087 ibi
912 1038 1029 1087 erat
1051 1032 1243 1088 Petrus
1265 1054 1275 1098 ;
1298 1049 1397 1087 nec
1424 1039 1753 1106 potestatem
1775 1032 1981 1105 ligandi

109 1137 164 1186 et
195 1129 437 1185 solvendi
471 1128 695 1185 tradidit
735 1129 985 1184 Christus
1017 1129 1285 1203 apostolis
1315 1129 1582 1201 sejunctis
1610 1148 1639 1184 a
1674 1130 1854 1198 Petro,
1885 1129 1982 1184 sed

107 1225 261 1282 Petro
312 1234 574 1298 tanquam
613 1225 780 1299 capiti
822 1225 996 1280 unitis
1037 1232 1091 1281 et
1144 1226 1429 1298 subjectis
1474 1225 1708 1280 Econtra
1756 1224 1982 1296 quando

111 1323 246 1378 dixit
288 1323 531 1379 Christus
562 1322 919 1395 Quodcumque
949 1324 1188 1393 solveris,
1225 1330 1354 1391 ete.,
1395 1341 1492 1397 per
1525 1324 1691 1377 verba
1728 1324 1861 1391 haee,
1894 1326 1983 1376 ut-

111 1425 234 1493 pote
258 1419 325 1474 ad
351 1421 569 1475 Petrum
601 1420 780 1475 solum
808 1419 1034 1490 directa,
1072 1419 1122 1474 ei
1158 1419 1528 1494 personaliter
1550 1418 1783 1481 contulit
1806 1424 1983 1491 potes-

113 1522 276 1571 tatem
313 1516 507 1572 iisdem
549 1516 726 1572 verbis
766 1533 1099 1590 expressam.
1131 1516 1299 1588 Igitur
1340 1523 1666 1591 potestatem
1693 1515 1859 1570 istam
1886 1516 1982 1569 ha-

111 1613 231 1669 buit
266 1614 458 1670 Petrus
487 1623 738 1686 quatenus
766 1616 938 1683 solu3‚·
980 1616 1074 1671 alii
1112 1623 1295 1672 autem
1324 1614 1556 1689 apostoli
1592 1631 1712 1670 eam
1742 1631 1853 1668 non
1881 1614 1980 1671 lia-

108 1711 349 1767 buerunt
375 1713 484 1768 nisi
511 1722 761 1786 quatenus
788 1717 918 1770 uniti
951 1716 1128 1771 Petro.

178 1809 386 1866 Pariter
419 1818 743 1885 potestatem
773 1813 1011 1868 clavium
1036 1814 1190 1869 Petro
1214 1811 1583 1886 personaliter
1622 1827 1965 1869 concessam.

105 1906 413 1963 censendus
456 1908 678 1980 quidem
710 1915 793 1965 est
830 1909 1099 1979 ChristuS‚
1131 1909 1258 1965 licet
1301 1909 1358 1963 in
1393 1907 1694 1982 Scripturis
1720 1923 1979 1981 expresse

105 2021 214 2060 non
243 2004 476 2076 legatur,
497 2005 620 2061 aliis
646 2005 811 2062 etiam
840 2006 1102 2080 apostolis
1127 2005 1456 2072 contulisse3
1485 2011 1566 2060 ast.
1592 2004 1767 2060 unitis
1796 2004 1973 2072 Pet120,

106 2119 214 2157 non
247 2107 429 2159 autem
457 2121 486 2159 a
513 2103 666 2165 Petro
697 2104 981 2177 sejunctis⁸
1018 2104 1249 2159 Proinde
1276 2103 1557 2158 Romanus
1594 2102 1840 2157 Pontifex
1877 2101 1979 2156 cla-

107 2215 191 2252 ves
211 2199 372 2252 habet
399 2199 760 2271 personaliter
791 2206 844 2253 et
880 2199 1314 2272 independenter
1341 2218 1368 2253 a
1399 2200 1615 2253 caeteris
1652 2198 1972 2270 Episcopis3

110 2299 161 2349 et
184 2301 400 2350 econtra
431 2291 610 2350 caete'ri
643 2295 887 2368 Episcopi
923 2313 1015 2352 eas
1050 2314 1157 2350 non
1190 2297 1387 2350 liabent
1418 2295 1528 2350 nisi
1561 2301 1834 2368 quatenus
1853 2311 1978 2368 ape-

110 2391 311 2447 rientes
341 2397 391 2448 et
420 2393 735 2449 claudentes
779 2394 946 2449 simul
981 2413 1107 2450 eum
1155 2395 1393 2450 Romano
1421 2394 1698 2449 Pontitice.
1754 2394 1828 2449 Ex
1866 2412 1975 2466 quo

109 2494 292 2561 aperte
327 2488 576 2559 sequitur
616 2489 836 2562 Papam,
882 2489 975 2561 qui
1006 2491 1186 2545 claves
1219 2491 1401 2561 hahet,
1450 2508 1569 2546 esse
1617 2508 1783 2565 supra
1816 2509 1976 2564 syno-

109 2582 576 2658 dum-sine-Papa,
603 2604 724 2658 quae
742 2604 832 2643 eas
858 2604 966 2642 non
996 2586 1175 2643 habet.

180 2681 264 2737 Ill.
292 2681 327 2736 E
346 2689 493 2739 textu
520 2684 571 2739 S.
602 2684 753 2740 Lueae
776 2686 889 2758 (22,
920 2687 1008 2750 52)
1037 2706 1046 2737 ι
1072 2686 1176 2758 Eyo
1197 2694 1370 2741 autem
1394 2688 1676 2759 rossevipro
1702 2695 1769 2755 te,
1794 2694 1973 2743 utnon

111 2778 314 2847 deficiat
349 2780 477 2849 sides
518 2787 641 2843 tua;
678 2789 727 2836 et
763 2790 814 2837 tu
850 2782 1126 2854 aliquando
1174 2801 1470 2851 οοηυενειιε,
1503 2786 1756 2854 confirma
1782 2787 1973 2854 {ratres

114 2880 247 2927 tuos.
271 2874 518 2932 —llabet
542 2875 818 2933 Romanus
842 2878 1107 2946 Pontifex,
1137 2885 1322 2951 utpote
1347 2879 1488 2933 Petri
1515 2897 1822 2947 successor,
1853 2881 1973 2950 osli-

113 2971 246 3024 cium
279 2971 469 3040 fratres
503 2974 856 3043 confirmandi.
905 2975 966 3029 Ut
992 2982 1177 3031 autem
1225 2975 1498 3048 ejusmodi
1540 2976 1785 3030 cilicium
1828 2983 1974 3031 recle

111 3066 344 3140 expleat,
378 3070 681 3125 necessaria
719 3070 822 3144 ipsi
856 3077 932 3127 est
980 3079 1244 3145 potestas,
1289 3091 1397 3154 non
1435 3079 1651 3128 tantum
1680 3079 1878 3129 tratres
1912 3073 1966 3131 in

112 3182 236 3220 vera
263 3163 367 3219 tide
396 3164 672 3237 firmandi,
699 3168 793 3224 sed
811 3175 861 3224 et
880 3187 972 3224 eos
991 3170 1445 3244 disciplinaribus
1474 3171 1689 3242 legibus
1711 3171 1764 3227 in
1782 3178 1966 3229 saneta

111 3263 218 3318 vita
255 3264 607 3334 informandi,
638 3283 846 3320 necnon
878 3283 1068 3321 eorum
1097 3286 1311 3325 errores
1340 3277 1392 3325 et
1420 3270 1617 3326 delicta
1659 3272 1964 3328 coercendi.

111 3357 199 3413 Est
217 3358 386 3429 igitur
406 3378 570 3432 supra
592 3360 810 3430 fratreS,
833 3379 894 3415 ac
909 3362 1135 3433 proinde
1150 3382 1309 3436 supra
1332 3365 1964 3443 concilium-sine-Papa‚

114 3454 290 3525 quoad
321 3454 504 3523 tidem,
528 3455 876 3528 disciplinam
901 3463 950 3512 et
982 3458 1208 3530 judicia.
1229 3460 1280 3515 Si
1304 3461 1970 3521 voluissetCliristuseum

110 3569 232 3608 esse
273 3555 409 3625 infra
454 3556 1087 3631 concilium-sine-Papa,
1126 3577 1238 3615 non
1274 3560 1502 3617 dixisset
1544 3563 1696 3620 Petro
1727 3611 1735 3618 ,
1770 3564 1950 3635 Rogav
