2262 3990
883 166 1016 218 mas
1043 163 1284 215 SECUNDA.
1936 157 2024 208 ⁴71

133 295 252 338 ἠοη
286 278 559 349 accedunt,
601 292 696 333 nec
736 274 922 332 litterae
958 270 1251 344 Pontifici-s,
1288 285 1382 326 nec
1404 269 1514 343 ejus
1551 265 1900 339 confirmatio,
1933 281 2029 321 nec

150 377 374 453 speciale
400 375 697 449 publicandi
730 370 1058 440 mandatum,
1102 387 1196 444 per
1236 363 1489 441 ejusmodi
1514 362 1723 422 decreta
1765 360 2029 420 Romanus

153 475 399 547 Pontifex
437 490 542 530 non
578 471 805 545 loquitur
834 486 900 527 ex
939 469 1205 527 cathedra.
1231 499 1307 508 —
1337 461 1574 535 Etenim,
1602 479 1667 521 ex
1695 460 1878 534 dictis,
1917 479 2030 518 non

155 550 402 648 loquitur
426 588 491 628 ex
525 570 794 635 cathedra,
818 567 928 625 nisi
955 554 1323 643 perpropriae
1348 581 1463 621 suae
1487 562 1692 620 mentis
1709 567 1896 619 actum
1914 558 2033 636 ipse

151 668 498 745 pronuntiet,
542 674 594 725 et
633 667 737 723 hoc
783 682 950 722 suum
980 661 1258 738 judicium
1297 660 1520 738 publice
1556 658 1918 717 manifestum
1955 658 2034 714 fa-

153 765 282 822 ciat.
310 765 477 822 Porro
506 763 565 820 in
610 761 755 819 dicto
795 768 950 830 casu,
985 774 1100 814 non
1131 762 1359 838 *constat
1384 756 1575 815 adesse
1615 757 1767 814 hunc
1796 755 2034 833 propriae

156 847 666 920 mentis'Pontiticis
709 855 999 933 judicandi
1051 862 1259 912 actum.
1302 852 1524 911 Constat
1564 852 1915 912 solummodo
1968 854 2036 910 de

147 959 355 1032 judicio
389 953 785 1013 Cardinalium.
831 954 912 1008 An
953 957 1139 1008 autem
1184 947 1331 1024 quod
1375 951 1815 1025 pronuntiarunt
1849 950 2035 1008 Cardi-

150 1054 304 1110 nales
342 1054 460 1127 ipse
493 1050 637 1126 Papa
665 1048 861 1126 probet
882 1055 938 1107 et
957 1049 1271 1119 confirmet,
1304 1047 1476 1104 immo
1515 1066 1586 1103 an
1619 1049 1787 1106 etiam
1816 1048 2033 1106 noverit

148 1147 283 1224 quid
313 1147 817 1224 pronuntiaverint,
850 1147 1072 1223 publice
1094 1165 1202 1204 non
1232 1154 1465 1208 constat;
1502 1144 1805 1220 siquidem,
1840 1165 1906 1203 ex
1936 1146 2033 1220 hy-

147 1246 387 1321 pothesi,
415 1245 558 1321 Papa
583 1244 739 1302 nullo
762 1242 926 1302 modo
965 1244 1193 1320 publico
1232 1244 1591 1300 manifestum
1630 1243 1760 1300 fecit
1792 1261 1850 1299 se
1881 1241 2030 1299 idem

147 1338 533 1418 pronuntiare.

224 1440 441 1512 Objicies
486 1439 560 1496 1⁰.
584 1474 652 1482 —
678 1439 777 1497 Per
807 1441 1046 1513 qenerale
1078 1439 1405 1496 mandatum
1439 1457 1548 1514 quo
1571 1438 1856 1495 Romanus
1895 1439 2032 1494 Pon-

148 1536 282 1592 tifex
328 1535 609 1610 deputavit
648 1534 867 1591 Sacram
912 1534 1401 1609 Congregationem
1446 1534 1829 1608 Inquisitionis
1867 1541 1931 1591 ut
1969 1535 2034 1590 de

150 1632 404 1705 dogmate
435 1631 726 1705 judicaret,
763 1650 878 1689 una
901 1633 1018 1689 vice
1057 1651 1157 1708 pro
1194 1650 1414 1707 semper
1438 1650 1535 1688 sua
1565 1634 1688 1704 fecit
1714 1631 1903 1687 omnia
1941 1631 2034 1686 dc-

137 1736 297 1797 ,creta
339 1731 647 1804 dogmatica
682 1731 739 1787 in
784 1736 1073 1806 posterum
1118 1730 1186 1786 ab
1231 1749 1294 1787 ea
1330 1729 1751 1803 congregatione
1793 1729 2025 1785 edenda.

146 1824 285 1897 Ergo
319 1843 417 1899 per
450 1824 720 1899 ejusmodi
758 1825 976 1882 decreta
1013 1824 1322 1881 censendus
1351 1829 1435 1881 est
1466 1824 1619 1898 loqui
1646 1842 1711 1880 ex
1742 1823 2027 1892 cathedra,

147 1924 400 1995 quamvis
441 1924 558 1998 ipsc
590 1941 689 1997 per
725 1923 960 1998 propriae
991 1939 1103 1978 suae
1143 1921 1348 1979 mentis
1386 1926 1571 1978 actum
1614 1921 1757 1977 nihil
1787 1921 1934 1978 circa
1969 1939 2030 1977 ea

150 2021 489 2093 pronuntiet,
527 2021 698 2076 immo
723 2021 972 2094 quamvis
996 2038 1059 2076 ea
1086 2021 1321 2093 ignoret.

224 2116 562 2189 Respomleo:
594 2118 739 2190 Nego
773 2117 1122 2174 antecedens.
1151 2117 1370 2171 Etenim
1411 2134 1472 2171 ea
1510 2117 1730 2172 decreta
1770 2134 1874 2171 non
1902 2119 2029 2188 facit

154 2228 272 2277 sua,
298 2227 360 2265 eo
394 2229 558 2267 sensu
599 2212 746 2285 quod
778 2212 890 2268 sint
928 2213 998 2268 de
1034 2211 1101 2267 iis
1134 2213 1360 2284 judiciis
1387 2230 1454 2268 ex
1484 2212 1743 2268 cathedra
1772 2213 2027 2286 prolatiS,

156 2305 359 2377 quibus
380 2307 629 2362 Christus
657 2307 1107 2363 infallibilitatem
1131 2309 1416 2364 annexuit.
1437 2309 1571 2364 Nam
1596 2308 1867 2381 ejusmodi
1893 2327 2031 2384 pree-

156 2401 452 2472 rogativam
493 2401 733 2475 alligavit
773 2403 1019 2459 Christus
1059 2405 1308 2478 ipsismet
1346 2406 1501 2480 Papae
1535 2406 1790 2479 judiciis,
1827 2407 1883 2462 id
1925 2414 2027 2475 est,

153 2514 278 2570 quae
307 2515 405 2570 per
432 2499 718 2573 proprium
746 2500 921 2574 ipsius
955 2503 1158 2558 mentis
1185 2509 1370 2559 actum
1398 2504 1851 2578 pronuntiantur.

226 2591 444 2664 objicies
474 2595 547 2651 2⁰.
572 2626 641 2635 —
662 2596 1046 2654 Cardinalibus
1074 2599 1257 2656 Sancti
1288 2599 1462 2656 Officii
1487 2600 1751 2673 delegavit
1772 2619 2028 2658 summus

146 2687 391 2745 Pontifex
416 2696 741 2764 potestatem
766 2693 960 2750 edendi
985 2695 1330 2753 definitiones
1357 2696 1715 2770 dogmaticas;
1747 2717 1873 2772 ergo
1893 2700 2031 2773 ejus-

151 2782 300 2838 modi
340 2785 684 2844 definitiones
726 2789 869 2846 fiunt
909 2791 1234 2848 auctoritate
1276 2794 1486 2848 summi
1531 2793 1842 2861 Pontificis;
1902 2813 2028 2868 ergo

152 2878 399 2935 eamdem
431 2884 811 2943 auctoritatem
836 2887 1039 2945 habent
1077 2906 1139 2946 ac
1176 2889 1223 2946 si
1261 2907 1291 2946 a
1326 2892 1470 2966 Papa
1501 2891 2021 2965 pronuntiarentur;

153 2990 283 3047 ergo
309 2978 594 3035 censendae
617 2988 746 3037 sunt
777 2985 1002 3057 prolatae
1027 3003 1090 3042 ex
1116 2988 1396 3044 cathedra.

229 3071 531 3145 Respondeo
552 3097 567 3128 .-
592 3077 798 3135 Dictam
823 3087 1150 3156 potestatem
1181 3085 1451 3158 delegavit
1478 3085 1641 3160 Papa,
1671 3084 1729 3140 in
1753 3091 2026 3159 quantum

152 3175 238 3226 est
287 3170 625 3244 delegabiliS,
670 3178 947 3233 concedo:
990 3183 1173 3251 quoad
1214 3199 1335 3238 eam
1377 3190 1590 3257 partem
1633 3201 1757 3255 quae
1787 3183 2027 3258 delegari

157 3267 370 3341 nequit,
396 3286 552 3342 nego,
583 3270 723 3345 Papa
741 3273 951 3330 scilicet
972 3275 1224 3348 delegare
1253 3279 1447 3351 nequit
1469 3286 1798 3353 potestatem
1828 3281 2027 3340 edendi

151 3361 492 3435 dogmaticas
538 3365 907 3438 definitiones,
951 3387 1074 3443 quae
1121 3372 1232 3428 sint
1269 3374 1477 3447 judicia
1515 3375 1830 3434 infallibilia
1871 3378 2028 3454 Papae

152 3455 431 3530 loquentis
476 3477 541 3515 cx
589 3463 867 3520 cathedra.
913 3464 1128 3522 Etenim
1174 3467 1317 3524 hanc
1349 3471 1763 3545 praerogativam
1803 3473 2023 3549 ipsimet

153 3568 402 3627 personae
424 3555 653 3615 Romani
681 3558 955 3618 l’ontiticis
983 3562 1260 3620 exclusive
1291 3566 1568 3641 propriam
1594 3568 1723 3628 fecit
1750 3570 2022 3630 Christus,
