2306 4010
301 168 360 215 90
967 151 1264 207 TRACTATUS
1295 150 1360 196 DE
1391 149 1536 198 PAPA.

299 275 384 331 vel
407 274 751 331 visitatorem
766 264 1154 327 substitueret,
1182 256 1280 331 qui
1304 255 1486 332 ipsius
1506 258 1736 316 nomine
1760 259 2070 333 gallicanas
2089 281 2212 338 pro-

297 372 508 428 vincias
533 370 939 442 gubernaret...
973 354 1160 432 Adjeci
1190 373 1292 431 per
1310 355 1406 429 jus
1432 373 1736 415 commune
1777 364 1828 416 et
1865 360 2226 435 particulare»

295 469 581 527 Societatis
605 467 844 522 licere...
880 460 1000 514 Non
1027 455 1366 532 improbavit
1396 461 1557 530 pater
1581 459 1924 516 secretarius
1947 461 1982 529 ¹,
2010 460 2107 517 sed
2127 461 2209 518 af-

292 567 531 624 firmavit
556 572 744 621 tamen
774 574 1069 631 nunquam
1097 573 1508 612 consensurum
1533 562 1754 631 patrem
1785 558 2126 630 generalem.
2211 626 2217 630 ,

370 687 397 716 «
439 665 639 717 Jussus
675 677 806 732 ergo
848 675 878 713 a
921 674 1049 731 rege
1086 656 1257 712 aliam
1309 656 1662 729 gubernandi
1693 656 2032 713 Societatem
2063 658 2208 716 inire

286 763 454 832 viam,
489 766 540 816 et
568 775 869 815 convocare
891 755 1136 814 Parisios
1164 755 1531 831 provinciales
1565 754 1772 811 Galliae.
1800 755 2047 813 Discussi
2076 776 2205 815 cum

285 860 353 917 iis
381 859 698 933 diligenter,
741 863 794 914 et
825 876 955 913 cum
1007 855 1446 931 provincialibus
1481 855 1577 928 qui
1611 856 1704 911 hic
1736 855 1966 912 aderant
2008 858 2204 915 modos

283 978 477 1016 omnes
500 977 601 1015 nos
620 957 991 1015 conservandi
1017 956 1226 1013 nostris
1244 955 1748 1013 constitutionibus
1772 963 2201 1031 consentaneOS,

283 1060 495 1133 abjecta
531 1058 683 1114 omni
715 1076 851 1114 cura
889 1057 1069 1113 nostri
1105 1075 1134 1113 a
1161 1056 1460 1132 Praeposito
1503 1056 1774 1130 generali.

362 1182 388 1213 «
415 1158 679 1223 Quamvis
720 1164 909 1214 autem
939 1175 1052 1212 non
1090 1155 1350 1212 deessent
1381 1155 1627 1211 consulti
1661 1154 1849 1210 Romae
1888 1159 1941 1210 et
1974 1156 2204 1214 Parisiis

280 1259 590 1316 doctissimi
621 1258 983 1328 canonistae2,
1011 1257 1109 1331 qui
1143 1256 1317 1312 licere
1349 1256 1582 1312 omnino
1608 1255 2014 1311 contenderent
2046 1257 2204 1330 galli-

276 1377 428 1416 canae
463 1357 746 1430 Societati,
777 1358 991 1430 absque
1021 1357 1138 1412 ulla
1179 1362 1310 1412 nota
1347 1355 1670 1412 schismatis
1719 1361 1772 1411 et
1804 1356 2135 1412 secessionis
2172 1376 2202 1414 a

276 1480 376 1516 suo
404 1460 653 1532 legitimo
673 1458 972 1533 Praeposito
1000 1456 1273 1532 generali,
1303 1475 1365 1512 co
1391 1474 1525 1512 casu
1550 1474 1660 1528 quo
1680 1455 1777 1510 ille
1795 1444 2124 1511 Societatem
2142 1456 2200 1512 in

271 1560 444 1614 Gallia
472 1558 868 1614 administrare
903 1577 1007 1614 nec
1045 1557 1264 1614 volebat
1306 1573 1409 1612 nec
1435 1561 1679 1630 poterat,
1709 1554 1905 1624 licere,
1935 1555 2195 1629 inquam,

272 1658 455 1732 primo
480 1657 539 1711 in
563 1658 873 1730 legitimam
905 1658 1397 1732 congregationem
1427 1655 1756 1723 convenire;
1797 1655 2067 1727 secundO,
2094 1657 2198 1712 eli-

274 1775 401 1830 gere
430 1756 803 1830 superiorein,
833 1757 931 1829 qui
958 1758 1078 1813 loco
1103 1756 1392 1831 Praepositi
1412 1755 1694 1827 generalis
1718 1754 2050 1811 Societatem
2079 1755 2199 1810 Gal-

273 1854 518 1910 licanam
552 1853 1004 1921 administraret3
1040 1856 1231 1923 terti0,
1264 1855 1439 1910 electo
1478 1868 1508 1909 a
1542 1872 1600 1910 se
1629 1853 1907 1927 superiori
1936 1854 2195 1910 camdem

275 1973 442 2028 quam
478 1954 644 2010 habet
686 1954 1024 2028 Praepositus
1070 1954 1354 2027 generalis
1409 1953 1668 2009 conferre
1707 1951 2191 2026 jurisdictionem,

274 2054 448 2110 donec
485 2055 553 2110 ad
584 2054 847 2111 eumdem
886 2054 1253 2128 Praepositum
1281 2054 1474 2109 liceret
1499 2056 1827 2108 recurrere³
1855 2077 1864 2120 ;
1903 2053 2193 2109 nihilomi-

270 2171 379 2208 nus
405 2158 597 2209 tamen
625 2153 790 2208 aliam
826 2154 990 2209 nohis
1018 2153 1351 2209 consulendi
1380 2152 1659 2210 rationem
1694 2152 1861 2225 selegi
1895 2171 2025 2208 cum
2064 2171 2193 2227 pro-

324 2328 379 2381 (1)
407 2328 555 2369 Contra
573 2328 733 2369 dictum
758 2329 869 2369 istud
889 2333 1150 2381 protestatur
1173 2333 1295 2382 pater
1315 2328 1569 2370 secretarius
1588 2327 1776 2382 (ibidem,
1804 2327 1958 2380 pagina
1981 2326 2092 2382 122).

324 2403 376 2458 (2)
406 2405 464 2444 Ad
486 2406 595 2446 hanc
623 2405 811 2458 phrasim
837 2405 896 2446 sic
917 2405 1088 2446 adnotat
1107 2405 1360 2446 secretarius
1392 2403 1606 2445 Societatis
1628 2417 1636 2444 :
1667 2418 1685 2443 «
1710 2404 1787 2450 Qui
1813 2408 2016 2445 vocantur
2034 2405 2195 2448 doctis—

266 2471 362 2513 simi
386 2473 630 2520 canonistae,
661 2474 689 2513 ii
718 2479 830 2514 certe
850 2473 963 2526 juris
993 2473 1206 2514 Societatis
1236 2474 1413 2514 fuerunt
1437 2473 1556 2513 valde
1580 2472 1787 2524 imperiti,
1810 2478 1858 2513 ut
1885 2484 1954 2513 res
1982 2473 2069 2525 ipsa
2098 2486 2192 2515 mox

264 2540 455 2588 docebit;
490 2541 646 2591 quibus
667 2541 769 2592 ipsis
795 2553 849 2581 ne
880 2553 1000 2582 casus
1029 2541 1202 2592 quidem
1220 2541 1305 2582 fuit
1323 2541 1562 2593 propositus
1591 2542 1698 2582 bona
1727 2541 1822 2590 tide,
1851 2540 1886 2581 si
1903 2541 1939 2581 is
1955 2547 2019 2582 est
2035 2554 2193 2595 propo-

266 2606 394 2655 situs,
424 2618 502 2659 quo
535 2608 796 2658 praepositus
822 2609 1037 2659 yencralz's
1072 2608 1319 2650 Societatem
1346 2610 1390 2649 in
1419 2608 1556 2650 Gallia
1585 2610 1888 2651 administrare
1923 2621 2000 2650 nec
2027 2611 2191 2653 volebat

265 2685 340 2714 nec
358 2679 539 2725 poterat.
563 2676 734 2717 Volebat
757 2676 941 2724 omnino,
965 2680 1016 2715 ut
1031 2676 1301 2716 observatum
1323 2680 1434 2717 est...
1459 2677 1538 2717 Sed
1556 2682 1596 2717 et
1608 2683 1790 2728 poterat,
1811 2679 1875 2719 uti
1895 2684 2028 2731 potest
2049 2679 2089 2719 in
2108 2681 2192 2721 Ita-

263 2738 333 2787 lia,
356 2739 594 2791 Germania,
625 2742 807 2789 rolonia,
834 2742 1050 2794 Hispania,
1074 2742 1301 2792 Lusitania,
1326 2747 1510 2794 utraque
1532 2744 1663 2785 India.
1694 2747 1742 2786 At
1762 2747 1929 2787 nolebat
1949 2746 2033 2787 Rex
2053 2741 2212 2789 chris-⁴

262 2805 521 2848 tianissimus
539 2808 714 2849 sinistre
731 2809 918 2850 edoctus.
944 2810 984 2850 Si
1004 2811 1083 2851 hoc
1100 2816 1166 2851 est
1182 2811 1462 2863 Praepositum
1481 2814 1723 2863 generalem
1752 2827 1829 2855 nec
1847 2817 1954 2856 velle
1977 2827 2054 2857 nec
2071 2828 2189 2868 posse

260 2875 499 2926 gubernare
532 2877 790 2927 Socie‘atem,
822 2877 926 2930 quid
956 2883 1165 2929 superest,
1194 2879 1277 2918 nisi
1307 2883 1353 2918 ut
1379 2878 1470 2930 ejus
1493 2879 1730 2920 authoritas
1756 2886 1797 2920 et
1821 2886 2006 2931 potestas
2029 2883 2189 2934 depen-

261 2943 367 2990 deat,
392 2956 478 2985 non
498 2945 587 2997 jam
604 2947 655 2986 ab
682 2946 857 2987 arbitrio
879 2946 1088 2999 cujusque
1114 2947 1257 2998 magni
1283 2946 1506 2998 Principis,
1530 2946 1602 2987 sed
1624 2960 1647 2987 a
1668 2948 1840 2988 libidine
1866 2949 2182 2998 malevolorum,

260 3013 346 3054 sive
382 3014 508 3061 intra,
549 3016 635 3057 sive
671 3021 788 3057 extra
824 3016 1087 3066 Societatem,
1128 3016 1283 3069 quibus
1323 3016 1533 3068 placuerit
1571 3028 1669 3057 eum
1705 3017 1881 3058 reddere
1917 3018 2187 3071 Principibus

262 3082 488 3124 odiosum?
510 3085 680 3132 Quando
705 3086 833 3126 etiam
865 3086 901 3126 is
926 3086 1074 3126 suisset
1101 3098 1237 3135 caSUS,
1265 3090 1312 3126 ut
1340 3085 1593 3136 l'raepositus
1622 3087 1834 3137 generalis
1866 3086 2111 3128 Societatem
2140 3087 2183 3128 in

263 3151 392 3193 Gallia
416 3154 714 3196 administrare
739 3167 816 3196 nec
834 3156 962 3196 vellet
980 3167 1058 3196 nec
1077 3159 1227 3207 posset,
1244 3167 1314 3195 res
1332 3167 1414 3195 non
1442 3161 1531 3196 erat
1557 3155 1726 3197 Parisiis
1745 3157 1973 3198 deserenda
1989 3158 2038 3197 ad
2058 3169 2185 3198 cano—

263 3219 408 3272 nistas,
437 3223 510 3263 sed
535 3224 586 3264 ad
616 3223 808 3276 quinque
840 3223 1085 3264 assistentes
1122 3223 1359 3272 Societatis‚
1393 3223 1444 3263 ad
1476 3236 1580 3276 quos
1612 3224 1802 3276 proxime
1834 3225 2018 3277 pertinet
2041 3224 2092 3264 de
2115 3223 2182 3264 his
2223 3248 2227 3251 -

263 3287 482 3342 dispicere,
503 3303 553 3331 ex
570 3296 690 3344 parte
711 3291 761 3332 lX
782 3292 1151 3337 constitutionum.
1179 3292 1314 3345 capite
1330 3306 1383 3333 ιν.
1411 3307 1428 3330 »
1456 3293 1647 3345 (Ibidem,
1670 3293 1823 3346 pagina
1843 3293 1919 3332 122
1936 3298 1979 3333 et
2000 3291 2108 3346 125.)

320 3354 375 3407 (5)
410 3357 467 3395 Ad
490 3358 601 3399 hunc
625 3359 759 3400 locum
780 3359 842 3400 sic
857 3360 1084 3409 adnotavit,
1102 3360 1233 3412 patris
1254 3360 1465 3412 generalis
1482 3365 1522 3401 et
1539 3361 1821 3402 assistentium
1840 3359 2023 3407 nomine,
2042 3371 2182 3400 secre-

264 3420 396 3461 tarius
419 3422 628 3465 Societatis
649 3441 657 3468 ε
687 3442 705 3466 «
728 3425 827 3473 Quae
845 3427 914 3468 hic
938 3427 1087 3469 ordine
1108 3427 1188 3469 tria
1212 3428 1461 3470 referuntur
1482 3429 1751 3482 opinamenta
1779 3428 2110 3470 doctissimorum
2132 3432 2180 3468 ut

264 3492 463 3528 vocantur
486 3494 813 3544 canonistarum,
839 3500 937 3536 sunt
962 3497 1172 3548 eiusmodi
1195 3501 1243 3538 ut
1267 3509 1414 3538 eorum
1441 3498 1714 3547 abnormitas,
1739 3495 1981 3546 indignitas,
2004 3508 2179 3548 perver-

265 3555 364 3595 sitas
387 3567 472 3597 non
498 3559 628 3609 possit
658 3562 878 3604 exhauriri
893 3576 1099 3614 sermone,
1127 3577 1255 3619 quem
1281 3565 1459 3619 recipiat
1488 3566 1669 3607 brevitas
1687 3562 2016 3606 annotationum.
2042 3563 2120 3604 Sed
2137 3568 2177 3604 et

265 3626 363 3663 sunt
386 3622 607 3675 ejusmodi,
635 3632 684 3668 ut
710 3630 823 3670 velut
849 3637 1035 3675 monstra
1058 3633 1247 3682 totidem,
1283 3645 1331 3676 eo
1358 3645 1443 3686 quo
1474 3635 1667 3674 locantur
1691 3630 1839 3672 ordine
1862 3630 1978 3672 aliud
2001 3630 2082 3671 alio
2106 3635 2172 3672 te-
