2306 4010
762 216 885 263 PARS
915 212 1157 262 SECUNDA.
1814 213 1904 260 195

22 326 146 386 ticis
177 321 594 380 definitionibus
625 319 694 375 ad
726 319 879 375 aliud
916 317 1164 375 tribunal
1192 315 1657 391 appellationem?
1679 317 1738 374 Id
1780 317 1894 375 dis-

24 420 274 482 criminis
309 435 406 474 vos
444 417 590 472 inter
629 422 681 472 et
723 414 976 488 praefatos
1012 413 1352 489 appellantes
1382 434 1393 467 :
1440 413 1499 470 hi
1534 414 1771 488 logicam
1810 432 1898 472 re-

25 520 291 583 tinebant3
319 533 414 572 vos
445 512 704 587 abjicitis.
728 512 834 567 Oro
864 511 1035 584 igitur
1072 516 1124 567 et
1151 512 1416 581 obtestor,
1443 517 1504 568 ut
1529 512 1675 569 serio
1717 518 1896 570 atten-

32 617 170 675 datis
206 631 373 688 quam
417 612 554 668 falso
595 613 875 666 asseratur
909 608 1051 662 licita
1093 612 1146 662 et
1193 608 1351 664 libera
1387 609 1483 666 illa
1524 609 1733 684 opini0‚
1776 627 1900 683 quae

35 712 313 771 multoties
338 730 368 767 a
398 708 533 766 Sede
559 706 866 782 Apostoliea
899 703 1191 778 reprobata
1215 711 1319 772 est,
1358 713 1411 761 et
1446 724 1615 778 quam
1650 725 1901 764 commu-

39 810 181 868 niter
211 809 455 865 doctores
495 803 752 862 catholici
782 809 928 859 certo
966 801 1162 856 falsam
1199 806 1253 856 et
1286 802 1514 858 omnino
1548 804 1907 877 rejiciendam

43 904 419 981 pronuntiant.

116 1001 393 1056 Paorosmo
430 1000 530 1054 ΙΨ.
567 1030 635 1038 -
659 995 994 1069 Insallibilem
1022 1013 1134 1050 6336
1162 996 1215 1049 in
1244 994 1568 1049 decern-enda
1593 995 1696 1066 fide
1721 996 1912 1058 Roma-

46 1116 166 1155 num
189 1097 507 1168 Pontificem,
551 1098 783 1169 sequitur
818 1112 882 1150 633
921 1095 1171 1150 damnata
1204 1093 1428 1165 quadam
1459 1095 1821 1166 propositione
1855 1096 1917 1150 ab

45 1196 338 1253 Alexandro
366 1195 476 1266 VII,
504 1213 636 1250 anno
664 1194 828 1250 1690.
863 1226 929 1234 —-
955 1191 1239 1247 Damnavit
1265 1191 1475 1247 scilicet
1498 1191 1761 1248 laudatus
1787 1192 1924 1247 Pon-

47 1292 178 1350 tifex
218 1292 652 1367 propositionem
700 1291 864 1346 istam
905 1312 915 1342 :
965 1310 991 1341 «
1016 1289 1204 1345 Futilis
1245 1296 1297 1344 et
1336 1290 1497 1346 toties
1538 1290 1801 1346 convulsa
1844 1297 1925 1346 est

54 1390 281 1446 assertio
313 1390 378 1444 de
411 1387 689 1444 Pontificis
712 1386 943 1442 Romani
974 1388 1155 1459 supra'
1184 1387 1482 1442 concilium
1519 1388 1927 1443 oecumenicum

61 1486 402 1553 auctoritate,
444 1492 610 1556 atque
642 1484 707 1537 'in
744 1483 874 1538 fidei
905 1482 1305 1554 quaestionibus
1330 1483 1690 1540 decernendis
1720 1483 1928 1539 infalli-

63 1580 293 1636 bilitate.
318 1603 343 1632 »
384 1582 546 1635 Porro
584 1598 646 1635 ex
677 1579 773 1635 tali
807 1578 1267 1658 condemnatione
1293 1586 1441 1635 certa
1488 1580 1707 1652 probari
1749 1586 1930 1655 potest

63 1675 293 1731 Romani
329 1675 600 1732 Pontifieis
643 1675 1029 1732 infallibilitas.
1070 1675 1205 1731 Nam
1253 1695 1318 1732 ex
1356 1677 1612 1732 damnata
1658 1677 1764 1732 ista
1806 1672 1932 1750 pro-

60 1773 328 1845 positione
373 1774 598 1828 omnino
644 1773 942 1830 tenendum
991 1780 1094 1843 est,
1144 1773 1506 1830 assertionem
1551 1774 1617 1828 de
1656 1774 1809 1847 Papae
1847 1774 1931 1830 in-

59 1868 390 1945 fallibilitate
430 1888 531 1924 non
571 1889 685 1925 6336
721 1870 928 1941 futilem
964 1888 1058 1925 nec
1099 1870 1416 1926 convulsam.
1466 1870 1529 1925 Et
1570 1887 1697 1925 cum
1734 1889 1934 1946 propo-

60 1964 184 2022 sitio
223 1972 471 2021 versetur
501 1967 557 2021 in
599 1967 831 2022 materia
862 1967 1194 2040 dogmatica,
1231 1967 1287 2022 id
1313 1985 1532 2042 semper
1563 1986 1758 2025 verum
1796 1970 1925 2026 erit.

58 2061 284 2117 Proinde
325 2062 469 2117 dicta
513 2063 741 2118 assertio
791 2062 962 2118 nullis
1008 2081 1258 2137 unquam
1310 2065 1655 2137 argumentis
1710 2067 1924 2122 convelli

62 2158 254 2231 poterit
295 2164 346 2213 et
388 2160 552 2229 littilis
596 2160 758 2216 effici.
803 2161 967 2215 Porro
1008 2167 1070 2216 ut
1115 2162 1302 2233 aliqua
1340 2163 1643 2236 propositio
1673 2182 1935 2236 nunquam

63 2254 293 2308 convelli
327 2254 500 2308 valeat
543 2261 595 2310 et
632 2256 809 2310 futilis
839 2256 1012 2325 reddi,
1048 2274 1271 2312 necesse
1302 2263 1383 2312 cst
1413 2263 1474 2312 ut
1500 2258 1572 2313 sit
1602 2259 1657 2313 in
1688 2278 1745 2315 se
1782 2279 1925 2315 vera.

65 2348 197 2402 Nam
234 2348 412 2418 quoad
446 2350 876 2421 propositionem
916 2350 1136 2419 falsam,
1188 2353 1291 2406 hoc
1330 2352 1447 2425 ipso
1489 2354 1636 2425 quod
1676 2355 1813 2410 salsa
1844 2355 1937 2424 sit,

69 2447 252 2496 extant
283 2447 605 2512 argumenta
641 2459 737 2514 per
771 2460 891 2514 quae
931 2443 1099 2516 possit
1139 2444 1278 2499 falsa
1320 2446 1562 2519 probari,
1605 2466 1667 2502 ac
1705 2449 1932 2522 proinde

0 2551 1 2555 ’
71 2539 293 2596 convelli
322 2547 372 2595 et
399 2540 575 2595 futilis
605 2540 769 2597 effici.
804 2541 940 2614 Ergo
978 2560 1040 2596 ex
1068 2559 1130 2597 eo
1159 2543 1305 2615 quod
1331 2544 1618 2600 definitum
1659 2547 1729 2602 sit
1762 2565 1939 2603 asser-

71 2636 268 2692 tionem
309 2637 375 2692 de
400 2637 552 2711 Papae
581 2637 935 2694 infallibitate
961 2657 1062 2694 non
1090 2658 1199 2694 6336
1228 2641 1452 2711 futilem,
1495 2643 1750 2714 sequitur
1779 2644 1934 2700 illam

69 2749 185 2789 esse
208 2751 388 2789 veram
417 2752 477 2789 ac
501 2735 727 2791 omnino
753 2742 983 2792 certam.

143 2829 592 2904 Nom—Spreta
627 2831 721 2886 illa
746 2832 1039 2887 Alexandri
1075 2834 1160 2889 VlI
1184 2820 1664 2907 condemnatione,
1702 2839 1942 2895 scrihere

78 2942 243 2981 ausus
274 2934 355 2982 est
383 2926 683 2983 Cardinalis
715 2929 780 2984 de
823 2929 874 2983 la
906 2930 1142 2986 Luzerne
1173 2932 1355 2987 inesse
1393 2939 1634 3004 quatuor
1678 2936 1933 2989 articulis

79 3023 207 3077 anni
248 3023 388 3079 1682
420 3043 669 3080 summum
704 3028 1024 3082 certitudinis
1064 3031 1320 3102 9radum;
1370 3031 1517 3103 quod
1559 3031 1705 3086 idem
1748 3038 1829 3086 est
1879 3051 1938 3087 ac

75 3136 266 3174 stimme
310 3121 509 3191 fictilem
548 3139 793 3179 asserere
843 3125 1150 3181 doctrinam
1190 3126 1257 3182 de
1290 3127 1522 3182 Romani
1560 3127 1840 3184 Pontificis
1886 3129 1941 3184 in

77 3213 347 3271 edocenda
367 3215 472 3272 fide
491 3217 904 3278 infallibilitate,

49 3345 78 3358 ·-
147 3310 416 3368 Pnoposmo
446 3313 522 3368 Ψ.
558 3347 629 3356 -
653 3317 986 3389 Infallibilem
1025 3338 1137 3374 6336
1173 3323 1224 3374 in
1258 3322 1581 3376 decernenda
1617 3324 1720 3392 side
1749 3324 1942 3382 Romo·-

75 3424 193 3464 num
231 3409 533 3483 Pontificem
565 3417 795 3486 seqnitur
840 3434 904 3470 ex
943 3434 1001 3471 eo
1044 3418 1183 3487 quod
1229 3419 1619 3489 definitionibus·
1651 3422 1942 3496 Pontificiis

77 3506 316 3561 debeatur
337 3510 566 3565 internus
590 3512 745 3564 etiam
765 3529 1031 3580 asseriano,
1049 3531 1142 3567 nec
1167 3516 1259 3586 suf
1253 3516 1287 3584 fi
1294 3516 1394 3570 ciat
1418 3500 1768 3590 obsequiosum
1787 3523 1946 3577 sile-n-

79 3604 221 3658 tium.
250 3604 406 3658 —In
438 3601 762 3660 sormulario
793 3606 882 3660 cni
919 3607 1383 3667 subscribendum
1427 3615 1679 3690 praecepit
1713 3618 1943 3675 Alexan-

313 3719 361 3749 11.
1653 3720 1710 3766 15
