2306 4010
318 153 407 201 190
998 136 1294 188 TRACTATUS
1321 135 1388 182 DE
1418 133 1568 183 PAPA.

318 261 463 336 Ergo
486 261 611 317 ideo
632 258 924 314 dumtaxat
941 245 1262 305 infallibilis
1287 245 1535 303 Ecclesia
1561 244 1724 302 urbis
1741 245 1952 318 Romae,
1983 248 2120 322 quia
2154 249 2212 308 in

270 405 276 410 .
321 356 573 417 fallihilis
595 354 879 409 Romanus
916 343 1243 420 Episcopus.
1275 376 1347 386 -
1373 342 1569 401 Idem
1554 361 1789 421 insuper
1809 343 2035 420 probari
2059 351 2251 420 potest

324 460 427 514 hoc
456 452 663 510 modo:
694 448 749 505 Si
773 447 1063 502 Romanus
1086 443 1338 500 Pontifex
1369 443 1558 518 quoad
1590 441 1936 502 edocendam
1962 443 2132 502 fidem
2159 463 2255 503 er-=

321 568 444 610 rare
481 551 696 624 posset,
736 543 909 600 etiam
943 541 1271 618 contingere
1317 547 1509 618 posset
1552 547 1617 600 ut
1646 542 1892 620 populus
1928 541 2218 601 Romanus

319 649 588 725 Episcopo
601 663 706 701 suo
722 641 932 700 erranti
951 641 1270 713 adhaerenS,
1291 659 1544 700 errorem
1562 641 1895 718 profiteretu
1906 660 1958 698 r.
1976 643 2118 701 Nam
2144 642 2214 700 ist

317 745 560 823 populus
587 761 687 819 per
705 741 931 799 nullum
963 739 1321 816 privilegium
1351 743 1456 816 ipsi
1483 743 1787 816 proprium,
1814 758 1916 798 seu
1950 741 2102 816 quod
2137 759 2258 798 non

317 844 389 901 sit
415 841 772 918 privilegium
799 842 1051 899 Romano
1071 839 1344 917 Episcopo
1370 857 1729 912 concessum,
1752 840 2030 898 immunis
2066 840 2136 897 ab
2164 857 2251 897 er-

318 959 447 999 rore
473 940 823 998 constitutus
860 944 968 997 est.
1004 940 1114 996 Nec
1153 938 1474 1014 reperietur
1509 938 1631 997 sive
1657 938 1716 995 in
1742 939 2030 1015 Scriptura
2059 937 2252 1010 Sacra,

323 1039 529 1099 sivein
569 1038 901 1110 traditione,
945 1038 1032 1096 vel
1066 1038 1373 1095 minimum
1415 1037 1547 1096 talis
1600 1038 1878 1114 privilegii
1928 1037 2252 1111 vestigium.
2290 1057 2296 1067 ¹·

323 1141 526 1216 Igitur,
581 1139 630 1196 si
665 1139 956 1214 Romanus
989 1139 1300 1215 Episcopus
1338 1139 1398 1195 in
1436 1137 1566 1195 fidei
1616 1137 2042 1196 definitionibus
2076 1137 2255 1194 errori

327 1239 604 1298 obnoxius
631 1239 798 1312 foret,
828 1257 960 1296 cum
999 1239 1174 1296 simul
1201 1245 1389 1315 posset
1420 1239 1711 1296 Romanus
1744 1238 1990 1315 populus
2030 1237 2142 1314 ipsi
2176 1255 2260 1294 er-

328 1338 480 1395 ranti
524 1337 811 1395 adhaerere
846 1356 910 1394 ac
961 1354 1211 1394 errorem
1258 1335 1535 1411 profiteri,
1587 1341 1923 1411 sequeretur
1966 1334 2269 1420 Ecclesiam-

330 1441 474 1497 urbis
506 1440 690 1496 Romae
728 1458 910 1495 errare
950 1456 1111 1513 posse
1130 1459 1150 1504 ‚-
1183 1455 1315 1495 cum
1349 1437 1596 1494 Ecclesia
1620 1437 1896 1508 Romana,
1931 1435 2080 1494 sicut
2111 1451 2263 1508 quae-

330 1538 467 1595 lihet
494 1537 628 1609 alia,
679 1542 896 1595 constet
923 1536 1194 1612 Episcopo
1233 1543 1287 1592 et
1324 1534 1376 1592 ei
1425 1535 1749 1592 adhaerente
1783 1533 2014 1610 populo.
2060 1531 2165 1588 Sed
2197 1529 2266 1589 de

335 1638 442 1695 fide
477 1646 559 1695 cst
586 1639 875 1695 Ecclesia-m
931 1638 1077 1694 urbis
1125 1637 1311 1693 Romae
1358 1654 1542 1693 errare
1570 1654 1676 1692 >non
1706 1653 1903 1710 posse,·
1934 1651 2067 1709 ergo
2085 1648 2268 1706 neque
2297 1670 2306 1702 1

335 1735 592 1791 fallihilis
619 1742 699 1791 est
736 1737 794 1791 in
821 1735 1108 1792 edocenda
1150 1736 1257 1791 fide
1285 1735 1575 1791 Romanus
1602 1733 1881 1791 Pontifex.
2283 1708 2306 1863 ⁴

413 1833 574 1893 Nota.
609 1834 686 1888 Ex
720 1834 979 1891 deductis
1020 1834 1184 1891 facile
1213 1834 1611 1909 introspicitur
1655 1833 1797 1889 ratio
1838 1851 1941 1888 cur
1966 1832 2155 1888 Sixtus
2207 1830 2269 1887 lv
2303 1877 2306 1882 Α

340 1939 608 2006 tanquam
642 1932 966 1988 haereticam
1009 1932 1360 1989 damnaverit
1393 1930 1844 2006 propositionem
1872 1930 2056 2000 illam,
2085 1928 2271 1987 Eccle-

340 2033 424 2088 sia
466 2033 609 2087 urbis
647 2033 832 2089 Romae
861 2050 1045 2087 errare
1080 2038 1278 2105 potest.
1324 2030 1487 2087 Ratio
1526 2048 1732 2104 nempe
1763 2030 2003 2105 hujusce
2041 2029 2273 2087 damna-

342 2130 514 2187 tionis
563 2136 680 2187 tota
720 2130 850 2202 fuit,
897 2129 1049 2203 quod
1108 2131 1226 2185 haec
1273 2128 1583 2205 propositio
1615 2129 1853 2185 Romani
1888 2128 2174 2185 Pontificis
2212 2129 2272 2184 in

343 2227 660 2285 definienda
698 2228 810 2285 fide
862 2228 1237 2285 inerrantiam
1293 2233 1560 2300 negaret3
1602 2245 1706 2284 nec
1742 2228 1853 2283 alia
1902 2227 2015 2283 nisi
2063 2227 2274 2284 absone

347 2328 652 2401 excogitari
690 2333 894 2403 potest.

422 2426 711 2483 Pnorosmo
740 2426 827 2482 11³.
860 2460 929 2468 —
952 2425 1298 2499 [infallibilem
1334 2443 1448 2482 esse
1485 2426 1540 2481 in
1571 2426 1966 2498 delinitionibus
2006 2425 2132 2498 fidei
2167 2424 2279 2482 Ro-

345 2544 563 2583 manum
603 2526 939 2597 Pontificem,
976 2528 1212 2598 sequitur
1266 2543 1333 2582 ex
1376 2527 1628 2599 viqesima
1661 2533 1847 2582 octava
1897 2525 2272 2581 damnatarum

346 2624 563 2680 Lutheri
616 2626 1066 2696 propositionum.
1122 2657 1200 2665 -
1251 2624 1534 2679 Nimirum
1580 2623 1684 2679 Leo
1719 2623 1782 2692 X,
1830 2641 1929 2697 per
1964 2623 2275 2679 solemnem

348 2739 512 2779 suam
540 2722 1005 2778 constitutionem
1028 2722 1240 2796 Exim-qe
1266 2723 1504 2790 Domine,
1537 2721 1686 2779 inter
1720 2721 1862 2779 alias
1898 2722 2126 2779 Lutheri
2151 2740 2286 2798 pro-

348 2821 659 2897 positiones
687 2821 1083 2878 condemnavit
1120 2828 1174 2879 et
1208 2821 1378 2879 istam
1408 2842 1421 2878 ε
1453 2822 1511 2879 Si
1551 2823 1704 2896 Papa
1733 2841 1848 2880 cum
1893 2842 2087 2897 maqna
2121 2831 2280 2897 parte

351 2917 604 2975 Ecclesiae‘
633 2921 707 2975 sic
759 2919 839 2975 vel
876 2921 951 2976 sic
988 2921 1231 2991 sentiret,
1260 2938 1355 2976 nec
1397 2922 1556 2976 etiam
1591 2928 1820 2992 erraret,
1863 2922 2032 2977 adhuc
2060 2939 2165 2977 non
2195 2926 2306 2978 est-2

349 3026 618 3092 peccatum
643 3027 735 3075 auc
766 3020 979 3076 haeresis
1021 3021 1344 3075 contrarium
1387 3021 1607 3091 sentire,
1651 3022 1957 3095 praesertim
1980 3022 2036 3076 in
2075 3038 2134 3076 re
2171 3037 2306 3095 nona

350 3119 653 3174 necessaria
687 3119 757 3174 acl
809 3118 1059 3190 salutem,
1095 3118 1260 3174 donec
1299 3119 1459 3191 fuerit
1498 3136 1601 3192 per
1654 3119 1934 3175 concilium
1974 3100 2306 3202 universales

353 3214 580 3273 alterum
615 3218 978 3292 reprobatum,
1026 3217 1252 3274 alterum
1296 3218 1663 3292 approbat-iim.
1695 3217 1863 3275 Porro
1910 3235 1977 3274 ex
2007 3217 2116 3274 ista
2141 3233 2301 3274 con-³·

355 3313 716 3374 demnatione
744 3317 1002 3391 sequitur
1030 3317 1271 3375 Romani
1300 3316 1584 3375 Pontificis
1626 3317 1984 3375 infallibitaS.
2020 3316 2159 3373 Nam
2186 3316 2298 3377 caae'f·

359 3429 455 3468 sus
480 3421 564 3471 est
594 3416 662 3472 de
686 3417 831 3493 Papa
856 3417 1137 3476 sentiente
1163 3435 1282 3474 cum
1304 3435 1498 3490 magma
1535 3423 1696 3491 parte
1742 3415 2010 3488 Ecclesiae,
2039 3431 2149 3472 non
2177 3421 2289 3470 au-*s

357 3513 472 3566 tem
511 3513 579 3568 de
627 3516 913 3574 sententia
955 3517 1116 3593 Papae
1149 3534 1282 3574 cum
1327 3518 1609 3574 accedente
1662 3514 1991 3573 ῑιηὶυενεαῑὶε
2026 3514 2227 3572 Ecclesi

311 3657 313 3659 .
361 3625 631 3668 consensu.
667 3614 893 3673 Dicebat
926 3634 1128 3692 nempe
1167 3617 1445 3676 Lutherus
1466 3638 1477 3671 :
1502 3634 1616 3674 non
1643 3622 1728 3674 est
1753 3622 2026 3692 peccatum
2053 3621 2142 3671 aut
2172 3612 2285 3668 hae-
