2306 4010
285 137 305 182 ‘l
316 136 375 182 04
953 125 1249 176 TRACTATUS
1281 123 1346 169 DE
1378 122 1503 169 ΡΑΡΑ
1514 157 1526 169 .

288 251 478 302 mento
504 245 797 311 Tolosan0,
820 237 1088 296 suadente
1109 250 1172 287 ac
1191 237 1430 304 urgente
1447 230 1720 288 Tolosano
1740 231 2194 309 Archiepiscop0,

286 343 565 418 quomodo
609 341 665 395 in
710 337 892 410 effigie
925 333 1075 407 (quia
1119 330 1307 405 ipsum
1362 330 1678 388 latitantem
1718 333 2201 407 comprehendere

287 461 399 498 non
423 435 766 515 potuerant),
797 429 1052 488 executio
1074 428 1283 484 Tolosae
1306 429 1451 485 faeta
1477 429 1572 501 sit,
1603 437 1655 488 et
1697 431 1977 506 quomodo
2009 431 2200 505 jussus

287 538 531 595 carnifex
566 530 916 608 Apamiensis
943 527 1201 584 eamdem
1233 529 1431 604 capitis
1471 529 1808 586 sententiam
1842 529 2108 587 similiter
2141 530 2197 586 in

285 637 463 707 effigie
497 630 719 703 exequi,
747 631 978 684 horrore
1013 628 1155 684 tanti
1194 628 1423 686 sceleris
1451 629 1750 705 perculsus
1790 628 2090 703 aufugerit,
2123 629 2196 685 ita

282 729 571 804 subjungit
600 750 610 781 ε

360 851 385 879 «
419 829 487 883 De
530 826 788 902 patribus
836 825 1127 883 Societatis
1169 827 1297 883 Jesu
1339 829 1561 884 utinam
1606 834 1704 884 aut
1750 827 1906 883 nulla
1941 827 2081 883 mihi
2121 827 2199 883 di-

279 926 453 982 cenda
491 925 697 996 forent,
741 915 837 980 aut
876 925 1130 981 bona!...
1174 925 1427 999 Ignoscat
1460 926 1572 982 illis
1613 926 1778 998 Deus,
1811 944 1924 982 non
1970 925 2199 999 quidem

283 1024 686 1096 nescientibUS,
729 1023 823 1080 sed
861 1024 1107 1080 maxime
1142 1026 1397 1082 omnium
1444 1026 1753 1082 scientibus
1790 1025 1927 1099 quid
1960 1025 2198 1095 faciunt,

283 1126 415 1180 dum
456 1132 658 1181 sancta]
693 1123 817 1179 Sedi
861 1124 1047 1198 palam
1091 1125 1361 1181 illudunt.
1395 1127 1517 1182 Post
1552 1130 1808 1200 acceptas
1836 1144 1866 1181 a
1901 1124 2202 1211 praeposito

285 1224 533 1296 generali
589 1223 866 1297 genuinas
919 1223 1159 1295 litteraS,
1213 1243 1454 1299 quarum
1511 1224 1686 1281 altera
1751 1224 1818 1280 de
1866 1223 2200 1280 ultimarum

286 1326 609 1382 Sanctitatis
639 1332 839 1382 vestrae
883 1326 1202 1383 litterarum
1229 1327 1463 1383 veritate
1494 1327 1760 1382 certiores
1791 1325 1920 1381 illos
1943 1325 2203 1395 faciebat,

284 1424 500 1498 publice
549 1424 946 1496 regalistarum
994 1431 1044 1480 et
1107 1413 1351 1480 aliorum
1400 1442 1894 1498 quorumcumque
1940 1422 2007 1478 ad
2055 1423 2206 1496 ipsos

284 1526 672 1581 accedentium
711 1525 1095 1582 confessiones
1121 1525 1376 1600 excipere
1404 1531 1668 1599 pergunt,
1714 1523 1862 1596 quod
1906 1543 1933 1576 a
1966 1519 2206 1578 testibus

289 1623 393 1677 lide
419 1623 793 1694 dignissimis,
830 1626 950 1697 ipso
990 1623 1350 1679 sanctissimo
1395 1622 1648 1697 corporis
1688 1620 1891 1677 Christi
1933 1620 2021 1674 die
2062 1618 2211 1673 aliis-

291 1737 401 1790 que
427 1719 609 1774 visum
641 1726 692 1774 et
719 1720 1117 1775 confirmatum
1146 1729 1249 1777 est.
1279 1722 1512 1795 Sperant
1540 1720 1774 1788 scilicet,
1804 1720 1873 1775 oh
1911 1718 2207 1791 regionum

292 1819 786 1891 longinquitatem,
837 1827 887 1874 et
932 1819 1466 1892 pertimescentibus
1510 1819 1775 1874 omnibus
1821 1817 1917 1890 qui
1960 1815 2210 1872 veritatis

291 1918 502 1973 conscii
547 1926 679 1975 sunt
730 1920 983 1994 ipsorum
1027 1920 1171 1974 iram
1204 1926 1257 1975 et
1292 1919 1351 1973 in
1387 1918 1514 1974 aula
1558 1915 2021 1973 christianissimi
2066 1915 2211 1991 regis

296 2018 563 2089 favorem,
586 2037 710 2091 quae
740 2019 854 2075 illic
882 2019 1100 2076 notoria
1126 2025 1255 2074 sunt
1285 2036 1466 2091 usque
1493 2018 1559 2074 ad
1586 2017 1947 2073 Sanctitatem
1971 2022 2209 2071 vestram

293 2134 404 2171 11011
450 2124 806 2191 perventura.
846 2118 1152 2175 Toleranda
1192 2118 1450 2173 fortassis
1496 2116 1783 2173 videretur
1827 2114 2136 2182 teineritaS,
2167 2114 2211 2169 si

294 2215 609 2271 volentibus
654 2222 877 2272 tantum
930 2224 1176 2283 noceret,
1226 2218 1271 2273 si
1316 2217 1465 2272 solos
1509 2216 1804 2290 regalistas
1833 2214 1951 2287 jam
1994 2230 2214 2267 excom-
2257 2233 2260 2235 “

295 2313 693 2369 municationis
731 2315 973 2370 vinculis
1016 2315 1249 2371 innexos
1295 2315 1623 2388 hujusmodi
1667 2311 1995 2369 confessarii
2041 2310 2215 2367 solve-

292 2418 435 2484 rent,
473 2419 566 2468 aut
593 2412 781 2469 verius
819 2415 1031 2471 arctius
1074 2414 1548 2487 constringerent,
1594 2413 1808 2487 seipsos
1851 2411 2064 2467 eisdem
2095 2410 2214 2464 vin-

292 2510 434 2565 culis
474 2511 881 2568 innodantes..
921 2513 1024 2569 Sed
1062 2514 1210 2585 quod
1255 2531 1482 2569 omnem
1527 2512 1922 2568 crudelitatem
1969 2515 2218 2583 superat,

294 2607 349 2662 in
383 2608 606 2663 ruinam
645 2609 727 2664 vel
768 2609 951 2665 invitae
984 2613 1295 2667 trahuntur
1331 2612 1553 2668 animae.
1596 2612 1795 2667 Rector
1842 2608 2084 2682 collegii,
2122 2626 2220 2662 no-

295 2706 445 2761 mine
471 2707 777 2781 EspagnaC,
817 2708 937 2781 qui,
972 2715 1034 2764 ut
1064 2710 1274 2784 accepi,
1306 2709 1372 2764 de
1410 2710 1657 2783 praestito
1688 2709 1972 2783 regalistis
2005 2706 2218 2770 auxilio

295 2814 346 2861 et
374 2806 607 2862 consilio
636 2807 905 2863 innocens
940 2808 1087 2881 apud
1117 2814 1369 2864 sanctam
1398 2807 1594 2863 Sedem
1628 2808 1805 2863 videri
1836 2807 2037 2876 voluit,
2068 2806 2220 2880 ipsos

294 2907 360 2961 ad
407 2906 741 2963 celebranda
780 2907 1004 2982 publice
1046 2908 1490 2981 solemniterque
1533 2907 1722 2963 divina
1765 2907 1967 2976 officia,
2025 2907 2221 2980 paucis

295 3012 418 3080 post
463 3005 699 3082 scriptas
750 3025 882 3062 suas
924 3007 1296 3082 apologeticas
1344 3006 1563 3063 litteras
1610 3005 1828 3073 diebus,
1881 3004 1987 3059 hoc
2035 3009 2118 3058 est
2165 3004 2218 3059 in

297 3106 438 3161 festo
471 3105 650 3161 sancti
679 3105 716 3158 F
719 3105 957 3161 raneisci
991 3105 1230 3183 Xaverii,
1264 3124 1425 3161 suam
1455 3105 1510 3159 in
1547 3103 1851 3159 Ecclesiam
1878 3101 2131 3173 admisit3
2167 3108 2218 3158 et

298 3204 363 3258 ad
391 3203 800 3260 consessionem
828 3203 936 3261 sibi
965 3210 1059 3260 aut
1088 3204 1207 3260 suis
1239 3203 1555 3260 faciendam
1595 3221 1707 3258 non
1744 3201 1926 3257 solum
1950 3200 2102 3256 ultro
2128 3218 2218 3256 ve-

300 3300 513 3358 nientes
550 3302 862 3358 etiamnum
894 3302 1124 3377 excipit,
1173 3320 1367 3358 verum
1393 3300 1735 3373 refugientes
1774 3299 2023 3355 militum
2062 3305 2216 3355 metu

300 3396 494 3468 adigit.
540 3398 692 3462 Quod
737 3419 909 3474 quam
948 3399 1166 3457 sincera
1218 3399 1388 3455 fuerit
1431 3401 1552 3474 ejus
1592 3397 1875 3455 excusatio
1915 3395 2211 3451 declarat»

303 3495 482 3569 (apud
532 3495 879 3556 Cardinalem
914 3498 1222 3567 Sfondrat.‚
1265 3499 1440 3556 Gallia
1485 3499 1771 3568 ἰνὶφιάὶοαῑα,
1823 3494 2026 3570 pagina
2081 3494 2212 3563 524,

299 3592 432 3649 edit.
474 3593 666 3668 1702).
