2306 4010
322 171 414 219 208
569 159 576 165 ’
1001 154 1299 204 TRACTATUS
1325 153 1392 201 DE
1422 154 1570 226 PAPA.

323 277 631 345 finitiones,
665 289 764 328 seu
793 268 979 340 ipsum
1009 278 1129 319 esse
1162 259 1488 317 fallibilem.
1519 261 1585 318 At
1617 261 1970 320 Gallicanum
1996 259 2294 340 3Υ3ῐ6ηι,,ε’,κ

327 372 580 432 concedit
609 363 799 423 deberi
824 358 1127 416 Pontificiis
1155 357 1580 416 definitionibus
1607 361 1870 416 sincerum
1896 367 1949 416 et
1976 379 2043 416 ex
2066 364 2264 423 animo

327 467 682 540 obsequium,
726 461 894 517 etiam
933 463 1063 514 ante
1091 475 1319 514 omnem
1357 457 1737 516 Ecclesiarum
1782 477 2150 532 consensum,

326 566 496 625 simul
534 567 746 619 certam
790 574 914 614 esse
958 563 1125 631 negat
1167 557 1406 614 Romani
1437 557 1720 616 Pontificis
1760 558 2224 618 infallibilitatem

328 669 513 738 negat,
543 659 756 717 scilicet
781 664 922 714 certo
940 674 1093 713 veras
1116 674 1239 714 esse
1265 657 1649 730 definitioneS,
1682 657 1891 732 quibus
1923 657 2059 714 dicit
2086 659 2154 714 ad

327 763 547 818 rendum
573 777 686 815 6336
708 760 910 814 sincere
936 763 988 813 et
1010 774 1075 813 εχ
1099 759 1309 814 animo!
1333 758 1687 815 Insincerum
1709 757 1961 833 profecto
1988 763 2234 832 systema>

296 838 303 842 “
329 860 439 918 nisi
469 860 726 935 ineptum
758 875 992 933 prorsus
1023 858 1326 915 dicendum
1354 859 1450 917 sit.
2239 915 2242 918 .

404 960 694 1015 Paoposmo
734 957 844 1015 111³.
888 991 964 998 —
1002 957 1277 1014 Evincz‘tur
1309 958 1539 1015 Romani
1586 959 1863 1032 Pontificis
1905 957 2267 1031 infallibilitate,

334 1079 398 1117 ex
427 1062 530 1116 isto
571 1059 834 1132 principio
867 1078 882 1110 .-
923 1077 951 1110 «
975 1057 1244 1113 Romanus
1274 1058 1534 1131 Pontifex
1565 1066 1645 1115 est
1676 1066 1913 1115 centrum
1951 1060 2116 1115 totius
2149 1060 2271 1135 uni-s

337 1162 459 1215 tatis
493 1157 840 1214 catholicae.»
879 1188 950 1196 -
989 1154 1254 1211 Centrum
1292 1155 1540 1228 ,unitatis
1579 1156 1872 1213 catholicae
1917 1155 2129 1213 dicitur
2170 1153 2263 1213 ille

336 1258 500 1330 cujus
531 1255 661 1311 fidei
692 1271 812 1311 sese
839 1260 1032 1329 aptare
1060 1260 1112 1309 et
1135 1251 1398 1326 regimini
1429 1254 1706 1328 subjicere
1733 1254 1971 1328 quilibet
1994 1255 2255 1310 tenentur

338 1362 398 1411 ut
421 1354 639 1430 possint
660 1372 784 1411 esse
805 1353 1090 1411 societatis
1109 1352 1397 1409 catholicae
1416 1353 1693 1424 membra,
1709 1360 1763 1410 et
1782 1353 1885 1410 sub
1908 1354 2029 1427 ejus
2045 1352 2263 1409 unitate
2284 1355 2285 1359 ’

338 1453 763 1529 comprehendi.
802 1453 954 1508 Unde
1001 1451 1210 1527 duplex
1251 1457 1335 1508 est
1378 1451 1658 1526 ejusmodi
1690 1451 1929 1508 unitatis
1974 1457 2260 1517 centrum,

339 1554 589 1612 videlicet
631 1577 641 1608 ι
689 1560 951 1610 centrum
999 1550 1237 1608 unitatis
1286 1550 1439 1622 fidei,
1494 1569 1623 1608 cum
1666 1568 1777 1623 quo
1819 1549 1990 1606 fidem
2037 1549 2266 1606 docente

340 1654 639 1711 convenire
676 1672 739 1710 ac
780 1652 1126 1723 consentire,
1165 1658 1217 1708 et
1249 1656 1512 1708 centrum
1553 1649 1792 1708 unitatis
1822 1649 2141 1723 regiminis,
2172 1647 2263 1707 cui

341 1750 559 1823 regenti
608 1769 669 1806 ac
704 1750 1053 1825 praecipienti
1094 1749 1295 1825 subjici
1328 1754 1381 1806 et
1416 1749 1698 1806 adhaerere
1734 1748 1929 1805 fideles
1961 1765 2157 1805 omnes
2190 1752 2279 1803 te-·

343 1855 572 1905 nentur.
604 1848 728 1904 Jam
757 1867 913 1918 x'erO,

420 1947 460 2002 1.
507 1946 597 2019 Est
635 1963 828 2002 revera
862 1946 1155 2002 Romanus
1197 1947 1453 2003 Pontifex
1493 1947 1670 2003 totius
1713 1945 2002 2003 catholicae
2031 1944 2285 2002 unitatis¹

343 2052 625 2103 centrum.
660 2045 815 2111 Quod
843 2045 933 2100 hic
973 2063 1087 2100 non
1115 2045 1448 2118 probamuS,
1480 2045 1576 2101 sed
1612 2051 1834 2101 certum
1864 2044 2263 2120 supponimu83
2290 2066 2295 2071 ·

345 2162 474 2200 cum
496 2144 567 2200 sit
593 2143 661 2199 de
691 2143 822 2213 fide,
850 2148 903 2198 et
929 2143 997 2198 ab
1030 2141 1367 2198 adversariis
1389 2161 1532 2215 quos
1555 2142 1646 2198 hic
1672 2143 2032 2199 confutamus
2057 2143 2135 2215 (id
2163 2139 2266 2212 est,

344 2241 614 2298 Gallicani
646 2240 967 2316 systematis
999 2240 1534 2315 propugnatoribus)
1570 2259 1671 2315 pro
1704 2241 2041 2296 inconcusso
2068 2241 2268 2296 habea-

345 2347 458 2396 tur.
486 2339 631 2396 Satis
665 2339 737 2395 sit
773 2337 1076 2394 adduxisse
1114 2338 1382 2413 praeclara
1404 2337 1485 2393 Pii
1515 2339 1580 2394 Vl
1604 2338 1797 2409 verba,
1830 2338 1890 2393 in
1919 2338 2076 2395 Brevi
2102 2338 2242 2412 Supe

344 2437 654 2493 soliditate.-
692 2436 801 2491 «In
840 2437 943 2492 hoc
985 2436 1309 2512 apostolicae
1355 2437 1632 2494 cathedrae
1675 2437 1994 2513 principatu
2036 2436 2264 2493 firmum

347 2535 588 2592 voluerit
631 2535 885 2591 Christus
918 2536 1405 2609 constrictumque
1447 2536 1628 2593 teneri
1669 2536 1909 2592 unitatis
1950 2536 2275 2609 vinculum,

353 2652 465 2706 quo
491 2633 761 2703 Ecclesia,
792 2652 892 2708 per
926 2635 1255 2690 universum
1283 2633 1566 2689 mundum
1592 2634 1970 2708 propaganda,
2001 2652 2067 2690 ex
2097 2654 2245 2691 mem
2262 2660 2276 2714 ζ

353 2732 472 2788 bris
502 2736 1030 2805 quantumcumque
1059 2731 1298 2802 dissitis,
1329 2736 1530 2788 mutua
1568 2732 1827 2789 omnium
1864 2732 1923 2788 in
1948 2751 2062 2790 uno
2094 2733 2272 2808 capit

356 2829 799 2900 consociatione,
849 2830 909 2885 in
958 2848 1132 2886 unam
1178 2830 1430 2904 corporis
1476 2849 1804 2906 compagem
1852 2832 2207 2890 coalesceret.
2269 2869 2271 2874 ·

354 2927 535 3000 Atque
566 2927 777 2983 ibidem
811 2927 1075 2984 laudatus
1112 2927 1387 2999 Pontifex,
1418 2928 1565 2985 inter
1597 2947 1690 2986 eos
1731 2948 1872 3003 quos
1914 2929 2050 2986 dicit
2088 2930 2249 3004 Spala

357 3028 517 3082 tensis
547 3045 776 3098 erroreS,
810 3027 1018 3101 quibus
1052 3028 1384 3085 parisiensis
1415 3030 1453 3084 F
1458 3029 1675 3086 acultas
1710 3030 1985 3087 haereticae
2011 3048 2076 3086 ac
2101 3029 2219 3086 schi

356 3125 576 3181 maticae
606 3125 899 3201 pravitatis
929 3132 1120 3183 notam
1154 3126 1384 3196 inussit,
1419 3127 1571 3183 hunc
1600 3133 1888 3184 recenset:
1917 3127 2139 3184 Falsum
2165 3145 2245 3183 633

357 3225 605 3280 unionem
639 3211 888 3282 Ecclesiae
917 3226 1192 3283 catholicae
1236 3229 1289 3282 in
1323 3229 1527 3284 unitate
1561 3229 1783 3284 rectoris
1823 3228 2042 3284 visibilis
2081 3228 2251 3300 consi
2300 3253 2306 3303 .‘

362 3330 490 3378 tere.
539 3324 603 3380 Et
649 3331 775 3399 post
816 3343 994 3400 pauca
1040 3326 1230 3383 subdit
1269 3347 1278 3379 :
1332 3327 1722 3383 «Praeclarum
1769 3326 1963 3398 etiam,
2010 3331 2179 3399 atque
2249 3326 2253 3373 ἰ
2291 3317 2295 3321 ’

363 3421 542 3478 allatae
564 3424 967 3483 Parisiensium
994 3426 1292 3484 doctorum
1319 3426 1629 3494 sententiae,
1657 3426 1739 3483 sic
1771 3432 1825 3483 et
1851 3424 2130 3483 constanti
2158 3442 2235 3480 m
2255 3443 2282 3492 *g

359 3517 550 3591 jorum
598 3542 832 3582 suorum
880 3525 1173 3584 traditioni
1219 3526 1387 3601 plane
1432 3532 1879 3584 consentaneum
1926 3525 1993 3582 de
2041 3525 2267 3582 Roma

366 3616 648 3676 Pontificis
700 3623 944 3696 primatu
991 3625 1386 3683 testimonium
1429 3624 1654 3682 edidere
1699 3623 1970 3682 Gallicani
2009 3619 2294 3698 praesul?

2191 480 2222 520 Φ
