2306 4010
832 176 958 223 PARS
989 172 1230 221 SECUNDA.
1879 171 1968 218 285

92 288 336 346 tionibus
359 291 452 343 aut
475 282 843 342 missionariis
868 282 1160 340 consulere
1186 279 1498 354 negligunt,
1527 276 1811 334 catholicae
1837 274 1965 332 fidei

90 384 483 442 detrimentum
510 380 775 438 inferunt.
807 377 913 435 Sed
954 379 1078 436 istae
1119 376 1454 435 omissiones
1488 374 1650 437 aliive
1692 372 1964 452 peccami-

95 481 213 537 nosi
243 486 398 537 actus
428 475 522 552 qui
546 472 893 538 definitiones
928 473 1055 530 fidei
1093 493 1204 531 non
1237 479 1389 547 sunt,
1418 478 1572 529 extra
1603 470 1966 545 quaestionem

99 586 247 637 sunt.

170 679 438 734 Pnomsmo
458 673 559 731 111⁸.
588 702 655 713 —
682 668 906 726 Etiamsi
929 669 1159 725 Liberius
1182 670 1330 743 Papa
1363 670 1658 728 Orientales
1686 669 1963 744 Episcopos

100 777 376 834 Arianismi
408 774 517 830 labe
543 769 756 842 infectos
777 767 835 821 in
862 752 1276 822 communionem
1309 770 1580 840 receperit,
1606 786 1711 823 non
1735 770 1970 840 sequitm·

98 876 266 949 ipsum
291 886 489 952 errgzsse
519 865 674 937 fidem
703 863 995 935 definiendo
1040 879 1107 917 ea:
1148 863 1420 917 cathedra.
1447 896 1519 903 —
1541 865 1699 931 Nam,
1732 871 1794 920 ut
1823 863 1967 919 dixi-

102 989 246 1040 mus,
274 969 328 1025 in
357 959 575 1040 judiciis
616 977 982 1034 personarum
1021 976 1209 1014 errare
1251 977 1413 1032 posse
1450 959 1761 1015 Romanum
1786 961 1969 1017 Ponti-

103 1068 277 1136 ficem,
307 1063 459 1134 negat
498 1056 708 1113 nullus.
744 1058 923 1114 Potest
966 1074 1186 1131 nempe,
1219 1056 1556 1112 testimoniis
1589 1064 1642 1112 et
1676 1058 1830 1114 falsis
1871 1058 1966 1114 do-

98 1156 359 1218 cumentis
385 1155 668 1230 deceptuS,
712 1154 1022 1211 immunem
1066 1155 1134 1210 ab
1172 1153 1365 1210 haeresi
1404 1161 1665 1228 reputare
1698 1171 1824 1210 eum
1871 1155 1967 1228 qui

94 1273 274 1313 revera
305 1253 551 1310 haeresim
579 1253 879 1328 'professus
908 1258 1012 1322 est,
1049 1257 1099 1307 et
1138 1251 1301 1308 sicin
1334 1251 1791 1309 communionem
1830 1251 1967 1307 rcci-

97 1371 223 1429 perc
248 1369 380 1426 quos
418 1340 897 1407 excommunicare
933 1350 1175 1406 deberet.
1219 1350 1354 1405 Item
1382 1350 1471 1405 hic
1499 1368 1610 1405 non
1648 1369 1968 1425 propugna-

102 1470 222 1507 mus
245 1469 304 1508 eo
340 1467 503 1506 sensu
547 1449 898 1505 infallibilem
934 1450 1160 1523 Papam,
1199 1449 1346 1521 quod
1388 1468 1500 1504 non
1534 1449 1731 1523 possit,
1783 1449 1966 1524 pravis

103 1548 213 1607 suis
235 1547 519 1604 affectibus
553 1546 775 1620 cedens,
815 1565 907 1603 eos
942 1546 1000 1601 in
1028 1547 1479 1603 communionem
1519 1547 1786 1622 recipere,
1828 1567 1967 1622 quos

102 1651 273 1702 nosset
309 1662 495 1701 revera
534 1645 843 1714 haereticos,
883 1644 1186 1700 dummodo
1222 1651 1407 1700 tamen
1442 1662 1630 1701 veram
1680 1664 1791 1701 non
1842 1665 1967 1720 pro-

97 1742 302 1799 nuntiet
328 1744 639 1800 haereticam
671 1743 924 1817 ipsorum
967 1742 1296 1799 doctrinam.
1324 1744 1459 1798 Nam
1492 1742 1548 1797 in
1583 1742 1856 1816 ejusmodi
1884 1762 1967 1798 er-

93 1841 577 1915 ratiS,quatumvis
597 1840 786 1898 forsan
812 1839 1211 1916 peccaminosis
1238 1846 1289 1895 et
1306 1839 1559 1895 Ecclesiae
1587 1839 1964 1910 noxiis,nulla

92 1938 374 1997 intervenit
405 1939 532 1996 fidei
568 1939 845 2007 definiti03
883 1947 934 1996 et
963 1939 1020 1995 in
1062 1939 1149 1994 his
1182 1939 1472 1994 dumtaxat
1497 1940 1620 2010 fidei
1649 1940 1967 2011 definitioni-

88 2039 194 2108 bus,
222 2040 442 2112 quando
473 2057 566 2096 eas
599 2039 711 2096 edit
755 2046 815 2095 ut
842 2039 1091 2095 Pontifex
1118 2057 1179 2094 ac
1206 2038 1402 2108 libere,
1443 2037 1794 2094 infallibilem
1836 2059 1964 2096 cum

90 2154 520 2212 propugnamus,

159 2234 391 2308 Obficies.
420 2268 488 2276 —
516 2237 670 2301 Quod
710 2235 1015 2292 Orientales
1043 2235 1295 2310 Episcopi
1316 2234 1629 2291 Arianismo
1664 2235 1853 2292 infecti
1881 2255 1963 2293 es-

89 2338 227 2404 sent,
256 2341 371 2390 erat
399 2339 530 2389 tunc
571 2332 918 2390 notorietatis
951 2332 1211 2407 publicae;
1244 2350 1375 2405 ergo
1401 2351 1494 2389 eos
1528 2333 1587 2387 in
1610 2335 1960 2391 communio-

90 2446 206 2485 nem
229 2431 494 2504 reciperc,
519 2430 663 2487 idem
687 2436 804 2486 erat
823 2449 886 2486 ac
905 2447 1149 2486 errorem
1167 2430 1223 2484 in
1241 2430 1346 2485 fide
1367 2430 1595 2487 edocere
1621 2449 1683 2486 ac
1712 2432 1965 2489 definire.

158 2527 456 2600 Respondeo
480 2549 493 2580 :
515 2529 714 2597 Prima,
752 2528 899 2601 quod
920 2527 1285 2583 Orientalium
1318 2528 1717 2603 Episcoporum
1744 2531 1968 2587 haeresis

86 2622 245 2681 fuerit
271 2625 617 2682 notorietatis
635 2626 890 2700 publicae,
921 2626 1149 2683 concedi
1169 2632 1345 2701 potest
1374 2627 1556 2699 quoad
1584 2628 1928 2702 praeteritum
1953 2654 1961 2689 ;

88 2722 180 2778 sed
205 2724 389 2796 negari
419 2731 602 2798 posset
630 2725 810 2798 quoad
848 2743 1113 2799 praesens,
1142 2725 1193 2779 id
1237 2731 1340 2794 est,
1386 2725 1570 2798 quoad
1600 2733 1825 2801 tempus
1856 2745 1967 2800 quo

90 2835 177 2873 eos
197 2819 443 2876 Liberius
469 2820 527 2875 in
549 2821 1003 2878 communionem
1046 2821 1321 2896 recepisse
1350 2822 1575 2878 dicitur.
1621 2823 1840 2879 Etenim
1875 2824 1969 2879 isti

89 2914 213 2987 viri,
239 2919 478 2974 versutia
509 2926 561 2975 et
591 2920 881 2976 fraudibus
928 2920 1192 2988 celebres,
1225 2920 1375 2975 omni
1416 2926 1534 2975 arte
1584 2938 1647 2975 ac
1685 2921 1967 2993 perpetuis

91 3014 392 3069 mendaciis
432 3015 684 3070 baeresim
730 3034 887 3071 suam
930 3016 1184 3088 obtegere
1221 3034 1282 3070 ac
1327 3034 1386 3071 sc
1433 3015 1737 3070 catholicos
1777 3015 1967 3069 haberi

92 3108 427 3177 satagebant.
457 3108 814 3181 Nequaquam
840 3130 968 3183 ergo
995 3112 1339 3185 impossibile
1375 3111 1479 3166 fuit
1511 3117 1571 3164 ut
1601 3111 1865 3182 deceptus
1884 3110 1967 3165 Li·

92 3201 279 3257 berius
307 3219 397 3256 eos
427 3203 494 3256 ad
524 3221 714 3259 sanam
755 3206 919 3262 fidem
949 3207 1247 3263 accessisse
1272 3206 1595 3262 crediderit.
1629 3210 1691 3260 At
1719 3208 1965 3278 secundO,

95 3315 359 3371 negamus
399 3315 763 3370 consequenS,
803 3301 1093 3370 nimirum,
1127 3303 1303 3358 cosin
1343 3301 1794 3358 communionem
1830 3302 1966 3359 reci—

95 3412 223 3468 pere
267 3394 408 3449 idem
465 3394 635 3449 fuisse
669 3412 730 3450 ac
759 3412 1005 3452 errorem
1041 3397 1094 3451 in
1122 3397 1356 3452 materia
1399 3397 1524 3452 fidei
1556 3397 1802 3455 definire.
1829 3399 1962 3455 Nam

93 3497 238 3547 stare
268 3492 436 3548 simul
467 3498 698 3567 possunt
727 3493 840 3548 haec
864 3492 1005 3548 duo:
1030 3493 1183 3557 Quod
1203 3493 1364 3568 Papa,
1391 3494 1578 3568 aliqua
1606 3497 1845 3554 bumana
1875 3516 1961 3554 ra-

93 3588 241 3646 tione
262 3607 326 3647 ex
360 3590 682 3647 infirmitate
724 3588 1005 3662 inductus,
1047 3590 1263 3663 aliquos
1301 3590 1584 3651 baereticos
1625 3593 1681 3650 in
1707 3613 1959 3653 commu-
