2262 3990
789 131 917 181 PARS
947 130 1188 181 SECUNDA.
1839 131 1923 178 571

78 324 88 336 ·
114 307 156 362 ς
177 305 216 347 2.
235 327 290 336 —
312 301 417 350 Quid
437 301 490 344 de
512 301 752 344 sinceritate
773 300 1078 356 praedictorum
1104 299 1452 342 documentorum
1469 296 1650 340 sentiant
1673 295 1846 341 eruditi.

128 442 183 499 1.
212 441 326 498 Huc
363 457 543 515 usque
569 439 717 515 apud
749 437 998 495 eruditos
1032 436 1364 511 generaliter
1387 432 1676 512 praevaluit
1709 439 1930 492 senten-

53 539 150 611 tia,
189 556 309 613 quae
343 556 443 613 pro
476 536 735 611 genuinis
759 535 927 592 habet
958 534 1287 592 documenta
1313 533 1410 591 illa
1442 551 1609 610 supra
1639 532 1928 604 recensita,

23 689 25 692 .
57 654 87 694 e
111 635 316 709 quibus
341 633 513 690 totius
534 630 902 690 contentionis
925 629 1134 687 factum
1160 630 1395 688 eruitur.

102 732 182 790 .2.
228 731 366 787 Suos
404 736 592 786 tamen
634 733 897 802 patronos
935 727 1132 802 habuit
1168 728 1445 784 sententia
1489 729 1757 804 opposita.
1798 728 1939 804 Ipsis

50 827 199 883 viam
248 830 514 882 straverat
557 827 781 880 sanctus
825 822 1187 895 Augustinus,
1237 823 1357 899 qui,
1412 829 1476 879 ut
1517 825 1661 881 infra
1704 825 1936 900 patebit,

0 948 1 951 ¹
49 920 367 979 istiusmodi
402 919 887 988 documentorum,
924 935 1046 990 quae
1072 918 1181 992 ipsi
1220 936 1250 973 a
1274 919 1572 976 Donatistis
1610 921 1941 994 objicieban-

47 1025 163 1087 tur,
220 1015 595 1073 sinceritatem
639 1019 951 1087 suspectam
1003 1014 1220 1069 habuit.
1273 1013 1448 1071 Immo
1495 1015 1768 1072 incertam
1818 1035 1941 1072 eam

49 1113 154 1171 sibi
180 1129 300 1169 esse
323 1110 532 1185 pluries
556 1127 812 1184 expresse
835 1109 1154 1165 declaravit.
1186 1110 1344 1165 Anno
1380 1110 1524 1166 1755
1552 1110 1725 1168 edidit
1756 1113 1942 1168 Misso-

54 1210 171 1268 rius
206 1212 259 1265 in
296 1209 424 1264 cletas
463 1208 687 1263 celebres
721 1208 968 1280 epistolas
1003 1207 1047 1262 F
1050 1209 1298 1262 irmiliani
1335 1215 1384 1263 et
1422 1208 1674 1281 Cypriani
1712 1210 1946 1282 (lisputa-

57 1311 218 1366 tiones
248 1309 473 1376 criticaS,
502 1305 747 1374 Venetus,
779 1304 947 1376 1755,
978 1305 1321 1361 concludens
1346 1305 1677 1361 documenta
1706 1305 1820 1362 haec
1845 1325 1945 1380 pro

0 1438 3 1463 ι
55 1406 258 1483 spuriis
300 1422 421 1460 esse
464 1404 736 1458 habenda.
781 1402 1140 1458 Postmodum
1196 1420 1342 1457 anno
1399 1402 1545 1458 1790
1590 1403 1945 1459 Marcellinus

58 1501 413 1558 Molkenbuhr
431 1499 651 1556 Ordinis
676 1500 851 1555 sancti
877 1499 1179 1568 Francisci,
1201 1499 1347 1555 idem
1373 1500 1741 1573 propugnavit
1764 1501 1947 1573 quoad

56 1598 352 1655 Firmiliani
396 1597 463 1652 ad
514 1596 848 1671 Cyprianum
901 1596 1218 1670 epistolam.
1263 1597 1543 1652 Habentur
1584 1597 1948 1672 hinaehipsius

57 1693 466 1755 dissertationes
509 1693 568 1747 in
614 1693 922 1766 Patroloyia
969 1693 1142 1764 Miqne
1177 1695 1238 1765 (t.
1269 1692 1355 1760 ΙΙΙ,
1399 1693 1727 1765 col.1557).
1771 1695 1950 1765 Atque

57 1790 262 1848 ibidem
290 1792 368 1847 sic
397 1791 718 1846 adnotatum
749 1789 992 1845 occurrit
1017 1810 1028 1842 ε
1076 1810 1102 1842 «
1131 1789 1340 1864 Scopus
1365 1789 1662 1846 clarissimi
1704 1790 1950 1847 auctoris

58 1889 456 1963 (Molkenbuhr)
499 1894 579 1943 est
626 1888 684 1942 in
719 1888 899 1962 prima
933 1888 1344 1958 dissertatione,
1379 1893 1502 1962 post
1548 1887 1745 1943 inanes
1773 1888 1948 1945 Chris-

59 1986 185 2041 tiani
211 1986 339 2058 Lupi
365 1991 415 2041 et
443 1986 732 2057 Raymnndi
756 1985 980 2039 Missorii
1005 1991 1258 2055 conatuS,
1291 1985 1471 2040 denuo
1492 1985 1796 2041 verisimile
1823 1985 1947 2042 red-

58 2081 207 2152 dere,
239 2083 414 2137 saucti
438 2081 748 2136 Firmiliani
774 2064 1066 2155 epistolam
1097 2082 1163 2135 ad
1194 2082 1524 2155 Cyprianum
1569 2083 1718 2138 haud
1754 2083 1948 2156 genui-

59 2195 190 2231 nam
213 2194 352 2245 esse,
381 2177 476 2230 sed
500 2194 530 2230 a
551 2177 832 2230 Donatista
858 2177 985 2230 Afro
1018 2177 1197 2230 eidem
1225 2179 1594 2249 suppositam.
1621 2200 1647 2229 »
1676 2180 1945 2251 Equidem

63 2271 261 2326 horum
287 2278 339 2325 et
366 2271 603 2325 aliorum
626 2271 1019 2342 quorumdam,
1048 2272 1143 2342 qui
1174 2273 1450 2327 dictorum
1483 2254 1946 2331 documentorum

62 2367 432 2422 sinceritatem
483 2365 906 2438 impugnarunt,
957 2366 1150 2422 irritus
1198 2369 1360 2422 cessit
1402 2376 1656 2440 conatuS,
1696 2389 1947 2428 commu-

62 2462 256 2536 nisque
295 2480 470 2535 usque
522 2461 589 2516 ad
633 2462 894 2518 hodierna
936 2469 1186 2536 tempora
1233 2474 1613 2539 permanserat
1662 2470 1943 2526 contraria

59 2559 369 2633 persuasio,

133 2656 186 2711 5.
216 2656 279 2710 At
309 2655 512 2729 prodiit
557 2673 700 2710 anno
728 2655 872 2711 1862
905 2676 1044 2731 opus
1074 2658 1256 2716 italice
1281 2661 1682 2735 conscriptum,
1724 2668 1777 2718 et
1819 2682 1943 2720 meo

58 2751 283 2822 quidem
313 2752 520 2824 judicio
545 2752 703 2807 valde
742 2753 1128 2827 conspicuum,
1160 2757 1307 2812 hunc
1338 2758 1632 2831 praeferens
1658 2759 1889 2815 titulum
1927 2783 1937 2813 :

44 2848 134 2903 ·La
168 2848 359 2902 celebre
387 2858 593 2904 contesa
625 2851 710 2921 [να
744 2850 800 2906 S.
839 2851 1097 2925 Stephano
1131 2873 1156 2908 e
1185 2854 1239 2910 S.
1270 2855 1552 2928 Cypriano,
1573 2875 1670 2929 per
1694 2859 1941 2913 Vincenzo

67 2944 300 3007 Timaui,
350 2945 470 2999 dell'
502 2948 684 3001 ordine
740 2949 815 3002 cle’
848 2954 1080 3006 canonici
1125 2952 1462 3023 Latet-anesi,
1507 2956 1847 3008 Areiveseovo
1890 2957 1942 3009 cli

64 3042 248 3100 Nisibi.
291 3042 471 3106 Roma,
511 3043 782 3113 Solviucci,
816 3047 980 3101 1862.

139 3137 216 3191 lbi
242 3155 304 3191 ex
333 3137 575 3210 professo
609 3149 914 3213 propugnat
949 3142 1210 3200 laudatus
1237 3147 1461 3220 praesul,
1494 3147 1561 3202 ad
1602 3165 1754 3202 mera
1792 3166 1940 3204 com-

66 3243 251 3291 menta
282 3254 400 3290 esse
425 3235 824 3290 emendandam
859 3238 1135 3295 celebrem
1168 3243 1321 3298 illam
1353 3244 1680 3317 Cyprianum
1714 3245 1859 3303 inter
1889 3256 1940 3306 et

62 3330 403 3405 Stephanum
446 3329 875 3387 contentionem.
922 3331 1160 3389 Conficta
1198 3337 1410 3392 scilieet
1453 3356 1483 3393 a
1511 3339 1804 3398 Donatistis
1845 3344 1939 3400 do-

64 3435 346 3491 cumenta,
392 3425 662 3497 ejusmodi
709 3425 1117 3483 contentionem
1158 3431 1490 3500 exhibentia;
1539 3442 1590 3491 et
1641 3438 1740 3494 hac
1786 3436 1838 3494 in
1880 3459 1939 3497 re

66 3541 293 3598 prorsus
324 3525 705 3592 deserendam,
738 3524 864 3581 licet
904 3524 1013 3582 huc
1045 3545 1223 3601 usque
1252 3534 1608 3592 communius
1633 3548 1935 3614 receptam,
