2306 4010
335 112 423 158 568
471 94 475 98 “
1012 103 1309 151 ΤΒΑετΑτυε
1337 102 1404 148 ΒΕ
1433 103 1576 151 PAPA.

338 219 541 299 Migne,
576 215 781 292 pagina
832 209 990 283 410).
1041 210 1200 284 Apud
1250 228 1347 267 nos
1390 217 1701 267 autemnon
1741 196 1902 268 nova*
1927 222 2022 271 aut
2066 192 2277 291 repen-<fgv

340 309 449 374 tina
485 333 569 371 res
609 320 709 380 est,
747 319 806 367 ut
840 310 1186 385 baptizandos
1215 328 1521 395 censeamus
1564 309 1654 368 eos
1682 313 1770 385 qui
1800 312 1862 368 ab
1905 312 2257 387 baereticiauss,

337 416 628 474 Ecclesiam
669 412 906 483 veniunt,
946 411 1158 485 quando
1190 397 1345 468 'inulti
1375 411 1489 484 jam
1528 412 1655 468 anni
1696 413 1801 468 sint
1830 419 1880 469 et
1920 413 2079 486 Ionya
2106 420 2272 498 aetat&¹

338 532 404 571 ex
425 531 527 588 quo
557 514 651 569 sub
681 511 993 586 Ayrippinio
1021 511 1172 568 bonae
1194 512 1466 567 memoriae
1486 512 1600 568 viro
1629 512 1995 569 convenientes
2021 514 2078 569 in
2097 523 2261 578 urium
2285 580 2287 588 y

338 612 588 685 Episcopi
611 609 831 684 plurimi
867 608 961 665 hoc
990 615 1314 679 statuerant,
1342 614 1500 681 atque
1529 609 1722 677 exinde
1755 610 1810 664 in
1835 609 2152 667 hodiernum
2185 617 2237 668 to
2285 589 2287 595 λ

339 712 510 768 millia
545 710 916 768 haereticorum
948 710 1004 766 in
1031 710 1323 783 provinciis
1352 710 1548 765 nostris
1578 710 1650 766 ad
1677 702 1973 767 Ecclesiam
2001 686 2287 768 conver-sii*

342 830 449 869 non
472 812 745 885 aspernati
777 811 902 882 sint,
929 827 1024 866 nec
1049 810 1296 880 cunctati,
1327 810 1432 864 imo
1471 816 1523 865 et
1550 810 1939 867 rationabiliter
1967 818 2016 868 et
2046 810 2257 868 libente

343 912 577 986 ampleoei
615 912 746 983 sint,
790 918 846 967 ut
890 910 1086 966 lavacri
1125 908 1301 965 vitalis
1351 916 1400 964 et
1437 908 1690 965 salutaris
1748 910 1995 984 baptismi
2043 912 2215 984 qratia

345 1014 794 1084 consequerentm·
836 1006 1096 1083 (epistola
1136 1006 1205 1063 ad
1233 1005 1600 1078 Juhaianum,
1641 1007 1732 1065 75⁸
1766 1006 2029 1066 editionis
2064 1007 2244 1084 Migne
2291 1045 2293 1047 v

343 1109 546 1185 pagina
584 1109 742 1183 414).
788 1109 1027 1184 Insuper
1061 1106 1119 1162 in
1153 1106 1387 1183 epistola
1426 1106 1743 1178 Firmi-liani
1781 1107 1849 1164 ad
1886 1114 2144 1166 sanctum
2170 1109 2269 1188 Cy-

345 1209 612 1285 prianum
656 1207 929 1265 asseritur
977 1205 1126 1263 dicta
1176 1205 1525 1263 consuetudo
1567 1208 1628 1263 ab
1671 1208 2075 1264 immemorabili
2122 1227 2276 1285 apuu.

346 1309 659 1366 Orientales
701 1306 975 1363 Ecclesias
1025 1305 1343 1363 obtinuisse
1384 1306 1642 1383 (epistola
1683 1327 1836 1378 Lxxv,
1882 1308 2084 1384 pagina
2137 1308 2247 1366 415

347 1408 614 1465 editionis
664 1407 890 1481 Migne).
946 1406 1120 1483 ¹Cujus
1171 1405 1339 1464 etiam
1391 1407 1823 1464 consuetudinis
1880 1408 2214 1483 antiquitate
2304 1391 2306 1407 ³

348 1509 545 1584 probat
583 1507 819 1582 quaestio
869 1514 1021 1565 mota
1063 1506 1212 1583 apud
1258 1506 1571 1564 Orientales
1617 1507 1920 1583 Episcopos
1970 1508 2037 1565 de
2075 1502 2306 1579 iterati¹

348 1605 643 1681 Catafrigis
678 1605 746 1662 ad
773 1605 1076 1663 Ecclesiam
1112 1604 1396 1662 conversis
1426 1605 1727 1682 baptismo;
1761 1605 1830 1662 ad
1864 1625 2036 1681 quam
2066 1607 2281 1665 solven

350 1705 479 1761 dam
508 1711 766 1762 coactum
811 1710 894 1761 est
936 1703 1106 1760 Iconii
1139 1709 1190 1760 et
1223 1703 1484 1760 Siunadae
1522 1702 1851 1775 concilium,
1892 1705 2088 1780 viginti
2115 1705 2287 1762 anni

354 1811 655 1878 antequam
707 1805 1016 1880 Cyprianus
1057 1804 1125 1861 ad
1161 1804 1559 1881 Episcopatum
1610 1810 2050 1880 promoveretur.
2102 1805 2244 1880 lgitu

342 1905 462 1979 jam
495 1924 525 1960 a
553 1904 799 1961 secundo
821 1905 1029 1960 saeculo
1060 1911 1174 1960 tam
1212 1904 1270 1959 in
1301 1902 1527 1961 Oriente
1551 1923 1722 1978 quam
1759 1905 1818 1961 in
1845 1905 2032 1962 Africa
2062 1905 2291 1979 vigebat

355 2004 502 2061 dicta
546 2004 920 2071 consuctud03
960 2010 1010 2060 et
1054 2003 1302 2078 pacifice,
1343 2021 1439 2060 seu
1477 2005 1691 2077 absque
1731 2004 1848 2060 ullo
1888 2005 2087 2062 saltem
2120 2022 2284 2062 scan

356 2104 549 2161 daloso
584 2103 846 2161 conflictu
868 2107 1084 2159 retenta
1117 2102 1301 2158 fuerat
1327 2119 1512 2175 usque
1540 2101 1609 2157 ad
1635 2102 1893 2178 Cypriani
1921 2109 2199 2180 tempora.

433 2206 488 2260 2.
518 2205 677 2260 Anno
701 2204 811 2260 255
842 2202 1099 2278 Episcopi
1124 2201 1401 2258 Numidiae
1420 2201 1630 2258 litteris
1654 2209 1913 2259 sanctu-m
1943 2203 2218 2279 Cyprianu
2275 2235 2280 2255 ,

358 2310 629 2379 rogarunt
673 2309 735 2359 ut
775 2321 935 2358 suam
975 2301 1113 2378 ipsis
1150 2300 1218 2357 de
1255 2300 1647 2358 haereticorum
1680 2302 2116 2378 rebaptizatione
2158 2292 2270 2361 sen*

362 2604 652 2678 colligitur
672 2622 738 2660 ex
754 2601 1000 2678 Epistola
1018 2600 1281 2677 Cypriani
1306 2600 1374 2657 ad
1401 2601 1702 2677 Episcopos
1727 2601 2004 2660 Numidiae
2034 2603 2150 2678 (70²
2168 2601 2254 2660 edi

366 2703 534 2760 tionis
561 2702 785 2777 Migne).

443 2803 498 2860 5.
527 2803 739 2859 Iterum
768 2803 873 2857 hae
890 2800 959 2857 de
985 2818 1045 2857 re
1073 2801 1407 2857 sententiam
1427 2806 1659 2876 rogatus
1676 2802 1986 2879 Cyprianus
2006 2824 2036 2860 a
2055 2799 2265 2870 Ουίηῑσ

363 2900 710 2960 Mauritaniae
736 2899 1029 2975 EpiscopO,
1058 2899 1109 2955 ci
1143 2899 1434 2976 respondit
1469 2900 1630 2975 juxta
1667 2920 1897 2959 sensum
1927 2903 2170 2979 praefatae
2195 2917 2252 2980 sy

365 3000 517 3075 nodi,
561 2998 792 3074 adjectis
838 2996 1188 3072 argumentis
1227 2998 1581 3073 theologicis,
1623 3006 1677 3056 et
1714 2999 1987 3058 indirecte
2018 2990 2215 3058 convul
2254 3037 2258 3045 ‹

362 3099 630 3176 Stephani
656 3099 815 3175 Papae
844 3098 1178 3155 auctoritate
1208 3098 1465 3174 (epistola
1491 3099 1558 3155 ad
1583 3100 1876 3172 Quintum,
1901 3101 1991 3157 71³
2021 3094 2260 3157 edition*

268 3247 270 3249 .
363 3199 563 3274 Migne,
594 3217 723 3275 pag.
751 3197 908 3271 410).
2244 3188 2246 3195 ’
2299 3193 2302 3196 ’

445 3302 500 3357 4.
538 3300 802 3375 Evulgata
831 3298 1115 3356 decisione
1145 3299 1390 3374 praefatae
1414 3299 1634 3378 synodi,
1673 3318 1892 3358 necnon
1927 3299 2158 3377 epistola
2186 3294 2255 3358 C,

369 3401 552 3475 priani
590 3401 660 3458 ad
686 3401 982 3471 Quintum,
1013 3401 1222 3457 exarsit
1256 3399 1564 3457 contentio
1603 3400 1954 3477 Quapropter
1979 3398 2208 3476 Cyprian
2252 3403 2281 3441 ³*

370 3499 798 3565 coadunandam
839 3497 1060 3556 censuit
1107 3497 1575 3556 numeriosiorem
1626 3480 1930 3575 synodum3
1976 3516 2100 3572 quae
2143 3491 2274 3552 cele·

371 3595 527 3652 brata
558 3603 638 3654 est
665 3597 772 3655 sub
805 3599 972 3657 finem
1000 3597 1136 3656 anni
1175 3598 1314 3669 256..
1339 3598 1648 3681 Interfuere
1674 3598 1732 3655 71
1766 3597 2044 3673 Episcopi,
2075 3602 2130 3654 et
2157 3607 2274 3652 con·
