2262 3990
228 109 318 159 664
905 105 1205 153 TRACTATUS
1234 84 1300 152 DE
1330 107 1474 156 PAPA.

231 225 386 292 geret
410 223 474 275 ut
502 214 669 272 multi
694 212 953 290 Episcopi
976 213 1089 270 tale
1109 213 1416 271 concilium
1443 218 1705 290 generale
1725 237 1827 295 pro
1851 220 2148 296 illegitimo·

229 317 521 383 haherent,
558 317 614 368 et
652 311 725 371 ad
765 312 910 369 illud
957 312 1225 370 accedere
1268 320 1594 372 renuerent.
1640 317 1797 382 Quod
1834 319 1883 375 si
1919 322 2160 384 tandemr
2239 302 2250 324 ⁷

230 410 509 486 ejusmodi
562 410 871 468 concilium
915 411 1321 483 celebraretur,
1371 411 1522 470 licite
1568 416 1760 489 negari
1804 425 1989 492 posset
2029 422 2143 496 ejus
2173 442 2185 450 ·
2224 420 2229 431 '⁴

227 509 578 583 legitimitas;
609 516 666 568 et
697 509 933 588 insuper
964 512 1159 587 negari
1185 512 1354 570 etiam
1392 519 1600 589 posset,
1631 515 1859 591 Papam,
1891 518 1987 592 qui
2020 507 2164 583 antev

227 611 568 668 sententiam
607 611 934 687 synodalem
973 612 1230 668 nondum
1270 613 1339 669 ob
1380 613 1640 670 haeresim
1679 614 1966 690 depositus
2001 627 2136 693 erat,

219 709 338 784 jam
383 727 503 766 esse
550 709 870 786 depositum
917 716 1044 786 post
1088 710 1519 768 declaratoriam
1571 712 1929 770 sententiam.
1972 715 2143 790 Igitur

227 807 441 864 dictum
471 814 715 884 systema
742 809 953 866 nedum
987 810 1136 866 malo
1179 809 1495 867 remedium
1524 810 1744 882 afferat,
1774 812 1825 868 ei
1852 812 2003 869 addit
2029 832 2140 874 ma·

228 907 351 964 lum
389 909 569 966 multo
611 911 818 986 majus;
853 910 1089 985 januam
1137 910 1352 967 scilicet
1396 910 1822 968 intricatissimo
1858 912 2141 974 schismati

226 1009 599 1084 aperit.-—2⁰
635 1010 983 1087 Praecipuum
1027 1011 1198 1085 hujus
1235 1011 1525 1068 sententiae
1565 1012 1999 1069 fundamentum
2039 1021 2137 1089 est,

226 1109 474 1167 voluisse
513 1111 794 1169 Christum
828 1117 892 1168 ut
940 1112 1085 1186 Papa
1117 1111 1416 1168 haereticus
1459 1131 1572 1169 non
1615 1112 1992 1188 deponeretur
2027 1114 2140 1191 ipso

225 1209 372 1268 facto
409 1229 507 1287 per
544 1212 825 1281 haeresim,
863 1211 961 1268 scd
993 1211 1289 1268 dumtaxat
1325 1218 1626 1287 postquam
1663 1230 1692 1267 a
1719 1213 1953 1269 concilio
1986 1231 2142 1288 gene-

222 1311 330 1367 rali
369 1311 687 1369 declaratus
728 1319 875 1370 esset
917 1312 1243 1379 haereticu53
1290 1330 1413 1386 quaa
1447 1311 1708 1369 voluntas
1754 1313 1956 1369 Christi
2000 1313 2144 1371 colli-

227 1410 382 1484 gitur
407 1430 473 1468 ex
502 1430 563 1468 eo
585 1412 735 1486 quod
768 1412 1085 1469 neccssaria
1113 1412 1184 1468 sit
1213 1412 1283 1467 ad
1311 1412 1674 1487 praecavenda
1698 1413 1953 1469 Ecclesia}
1980 1413 2140 1470 mala.

224 1509 390 1567 Porro
419 1512 533 1567 hoec
551 1512 694 1568 ratio
714 1531 827 1568 non
849 1513 1016 1569 valet.
1041 1513 1178 1569 Nam
1206 1512 1467 1569 Ecclesiae
1493 1512 1672 1569 multo
1696 1513 1886 1569 minus
1915 1512 2143 1570 noxium

228 1610 542 1687 percipitur
585 1612 631 1668 si
668 1613 942 1684 Pontifex,
977 1614 1075 1687 qui
1120 1632 1235 1670 non
1279 1614 1539 1671 obstante
1574 1614 1770 1670 haeresi
1803 1613 2146 1688 jurisdictio-

231 1727 358 1766 nem
399 1729 561 1766 suam
590 1712 846 1784 retinuit,
883 1731 1007 1769 eam
1043 1731 1224 1788 usque
1264 1713 1334 1768 ad
1380 1719 1620 1769 mortem
1658 1713 1918 1769 retineat.
1961 1712 2146 1769 Enim-

232 1828 361 1866 vero
396 1810 560 1884 longo
592 1818 846 1887 tempore
876 1831 1017 1888 opus
1054 1812 1162 1868 erit
1189 1818 1250 1868 ut
1281 1813 1463 1887 major
1485 1831 1617 1888 pars
1651 1812 2055 1888 Episcoporum
2083 1812 2149 1869 de

231 1916 446 1965 asserta
475 1910 676 1966 haeresi
715 1911 896 1986 Papae,
934 1916 986 1966 et
1018 1911 1086 1966 de
1119 1911 1282 1967 factis
1309 1912 1518 1985 quibus
1548 1917 1787 1976 constat,
1816 1918 2021 1968 certam
2049 1929 2147 1966 no·
2199 1911 2202 1914 ’
2260 1899 2262 1925 ⁷

230 2008 417 2064 titiam
458 2009 739 2082 acquirat;
784 2010 916 2065 item
951 2015 1014 2064 ut
1054 2015 1328 2066 tractetur
1364 2009 1431 2065 dc
1473 2009 1860 2083 congreganda
1906 2008 2153 2082 generali

231 2109 442 2183 synodo
470 2115 524 2164 et
564 2111 741 2184 major
773 2127 901 2183 pars
932 2108 1253 2165 antistitum
1287 2109 1345 2164 in
1383 2109 1439 2163 id
1473 2109 1808 2180 consentiat,
1841 2108 2151 2184 praesertim

230 2224 385 2276 cum,
427 2208 494 2263 ad
542 2207 757 2272 minus,
816 2207 1030 2263 incerta
1073 2208 1146 2262 sit.
1189 2208 1320 2264 talis
1365 2208 1644 2281 generalis
1690 2208 1917 2264 concilii
1972 2207 2149 2280 legiti-

232 2305 423 2375 mitas,
453 2312 505 2362 et
538 2305 751 2362 incerta
776 2306 948 2380 hujus
972 2306 1143 2362 medii
1171 2305 1475 2362 efficacitas
1501 2306 1571 2362 ad
1596 2306 1991 2382 deponendum
2016 2307 2150 2363 Pon-

230 2404 460 2483 tificem.
491 2405 645 2461 Unde
667 2405 778 2461 tale
804 2405 1118 2462 remedium
1149 2405 1485 2481 plerumque
1515 2424 1627 2461 non
1653 2404 2019 2461 adhiberetur
2042 2403 2149 2460 nisi

227 2503 344 2577 jam
374 2504 443 2559 ad
474 2503 645 2561 finem
682 2511 947 2579 vergente
981 2505 1226 2562 haeretici
1256 2506 1412 2581 Papae
1446 2505 1795 2581 pontificatu,
1841 2505 2017 2560 Immo
2043 2503 2152 2579 ple-

227 2621 470 2678 rumque
509 2605 745 2662 obiisset
782 2606 928 2680 Papa
979 2605 1299 2676 lucretich
1341 2611 1644 2678 antequam
1689 2603 2017 2677 congregari
2059 2621 2148 2678 po-

230 2701 433 2758 tuisset
454 2704 565 2759 tale
588 2704 895 2760 concilium
927 2711 981 2760 et
1010 2723 1172 2760 suam
1204 2703 1632 2760 declaratoriam
1668 2703 2001 2759 sententiam
2030 2719 2149 2778 pro-

226 2803 514 2861 nuntiare.
573 2805 791 2860 Interea
834 2823 962 2861 vcro
1011 2805 1378 2861 tractationes
1434 2805 1502 2861 de
1561 2803 1897 2860 celebranda
1944 2802 2147 2878 synodo

228 2902 475 2977 generali
516 2910 569 2959 et
610 2903 940 2980 deponendo
982 2903 1271 2976 Pontifice,
1315 2911 1488 2961 totam
1528 2903 1823 2960 Ecclesiam
1867 2901 2143 2964 scanda10‚

233 3003 709 3061 commotionibus
754 3010 808 3061 et
853 3004 1220 3061 scissionibus
1263 3005 1578 3080 opplerent.
1616 3004 1801 3059 Minus
1842 3009 1991 3060 certe
2038 3018 2146 3056 ma-

237 3100 381 3171 lum,
420 3103 467 3159 si
505 3103 754 3160 Pontifex
789 3103 1108 3175 haereticUS,
1145 3103 1243 3177 qui
1288 3121 1387 3179 per
1422 3103 1699 3178 privatam
1741 3101 1999 3158 haeresim
2039 3115 2146 3155 non

238 3200 486 3276 perdidit
527 3202 781 3275 regendae
814 3202 1154 3259 universalis
1195 3201 1450 3258 Ecclesiae
1491 3206 1847 3276 potestatem,
1898 3217 2021 3255 eam
2065 3195 2146 3252 vel
2206 3187 2213 3215 ³

237 3299 318 3356 sic
353 3319 545 3375 regere
577 3306 770 3377 pergat
800 3320 984 3375 usque
1018 3304 1088 3357 ad
1114 3301 1352 3358 obitum.
1387 3300 1563 3374 Igitur
1601 3299 1647 3356 si
1677 3318 1739 3356 ea
1776 3296 2051 3354 censenda
2075 3293 2146 3351 sit
2206 3306 2224 3359 j

231 3397 488 3454 voluntas
515 3398 738 3469 Christi,
775 3417 901 3473 quae
937 3399 1142 3456 melius
1170 3398 1430 3456 Ecclesiae
1465 3397 1772 3474 provideat,
1810 3394 2007 3471 procul
2043 3391 2142 3447 du-

230 3494 323 3550 bio
357 3498 534 3553 roluit
570 3498 849 3573 Christus,
892 3499 980 3556 vel
1016 3517 1310 3573 nunquam
1341 3498 1399 3553 in
1431 3496 1714 3567 haeresim,
1751 3494 1919 3551 etiam
1959 3491 2137 3567 priva-

220 3597 361 3663 tam,
408 3594 523 3651 labi
563 3616 728 3670 posse
777 3597 1125 3667 Pontificem,
1181 3596 1269 3653 vel
1311 3596 1380 3652 ab
1422 3595 1542 3671 ipso
1587 3610 1768 3666 usque
1813 3591 1883 3646 ad
1927 3588 2136 3646 obitum
