2262 3990
248 142 345 190 440.
921 126 1218 177 TRACTATUS
1248 127 1314 174 DE
1346 127 1492 175 PAPA.

332 246 386 302 1⁰
411 241 629 300 Etenim
665 233 816 308 quod
849 229 1175 307 Hieronymi
1203 236 1454 307 tempore
1491 232 1610 307 jam
1646 232 1890 308 evulgati
1931 233 2172 297 fuissent

250 357 484 417 operum
509 330 972 410 Cyprianicorum
989 328 1236 403 codiceS,
1258 330 1406 388 dicta
1429 330 1769 390 documenta
1795 333 2166 413 continentes,
2225 384 2227 386 .

247 437 479 494 edocent
498 429 800 505 Augustini
820 427 1147 486 testimonia
1174 426 1280 485 sub
1298 429 1639 505 praecedenti
1656 447 1892 487 numero
1909 429 2164 491 deducta.

247 535 417 590 Porro
453 531 513 588 in
536 529 722 586 Africa
749 527 980 602 quidem
1010 525 1168 583 varia
1198 532 1318 585 erat
1339 526 1414 585 de·
1431 527 1675 585 istorum
1701 528 2170 589 documentorum

252 627 687 687 authenticitate
727 626 1014 702 opinatio;
1064 626 1372 700 siquidem,
1420 632 1484 684 ut
1515 644 1582 683 ex
1620 626 1823 684 iisdem
1873 626 2174 700 Augustini

249 729 497 787 textibus
523 729 727 804 liquet,
760 727 886 785 aliis
912 728 1184 803 genuina,
1220 727 1344 786 aliis
1373 729 1713 805 apocrypha,
1741 728 1867 784 aliis
1896 728 2067 786 dubia
2094 729 2171 787 vi-

249 829 552 887 debantur.
592 828 699 887 Sed
746 847 871 886 eam
915 829 1389 906 disceptationem
1428 829 1691 904 ignorare
1738 836 2046 905 potuerunt
2070 830 2172 888 viri

253 929 453 1006 procul
503 929 572 986 ab
628 927 814 985 Africa
865 929 1154 1003 degenteS,
1195 936 1369 1004 prout
1417 929 1819 1006 Hieronymus;
1867 936 2038 1006 atque
2092 930 2173 1002 hi,
2235 963 2238 969 ·

248 1029 385 1085 dum
418 1028 737 1104 reperirent
769 1027 915 1085 dicta
954 1028 1296 1085 documenta
1321 1027 1380 1084 in
1414 1028 1690 1102 evulgatis
1718 1028 2175 1104 Cyprianieorum

246 1145 480 1203 operum
515 1126 828 1197 codicibuS,
866 1127 1010 1183 bene
1045 1131 1380 1200 potuerunt,
1426 1126 1583 1183 nulla
1625 1127 1907 1184 subeunte
1959 1126 2176 1184 fraudis
2218 1116 2233 1135 ²

256 1227 599 1304 suspicione,
635 1227 731 1283 illa
758 1244 857 1300 pro
885 1225 1124 1282 sinceris
1154 1225 1381 1282 habere.
1445 1207 1453 1216 ⁵

329 1327 386 1381 2⁰
413 1325 531 1382 Etsi
559 1323 874 1381 eruditione
902 1323 1208 1399 praeclarus
1234 1322 1627 1400 Hieronymus,
1659 1323 1810 1380 haud
1834 1330 2025 1380 tamen
2053 1344 2206 1383 cen-.
2230 1331 2234 1335 ’

257 1425 469 1482 sendus
505 1430 587 1482 est
621 1423 925 1499 specialem
958 1424 1437 1481 documentorum
1468 1422 1725 1480 omnium
1756 1423 1824 1479 de
1863 1423 2070 1496 quibus
2098 1424 2179 1482 lo-

258 1523 454 1598 quitur
484 1524 912 1598 indagationem
939 1523 1277 1582 instituisse.
1305 1522 1415 1580 Nec
1439 1522 1581 1580 tanti
1612 1522 1719 1578 viri
1749 1523 1912 1579 famae
1938 1521 2182 1578 detrahi-

260 1632 375 1693 tur,
407 1624 454 1681 si
481 1625 704 1681 dicatur
748 1625 1025 1682 nonnulla
1052 1625 1244 1698 ipsum
1273 1623 1573 1681 admisisse
1604 1642 1666 1680 ac
1688 1622 1996 1698 judicasse,
2023 1623 2183 1697 juxta

256 1728 510 1807 tenorem
554 1717 922 1798 vulgatorum
962 1722 1246 1796 codicum,
1301 1721 1438 1797 quin
1495 1720 1822 1796 expenderit
1867 1739 1938 1776 an
1996 1738 2182 1779 revera
2247 1758 2249 1760 -

264 1819 489 1878 codices
519 1821 602 1876 illi
627 1821 794 1878 fidem
824 1822 882 1877 in
911 1822 1178 1879 omnibus
1211 1828 1588 1878 mererentur.
1635 1821 1932 1890 Caeterum,
1967 1826 2181 1878 constat

166 1989 170 1993 ι
260 1920 329 1977 de
371 1920 516 1977 facto
563 1922 620 1976 in
674 1922 968 1977 nonnullis
995 1923 1399 1997 Hieronymum
1453 1939 1695 1978 errasse.
1737 1920 1972 1992 Erravit,
2029 1919 2183 1978 verbi

259 2018 463 2092 gratia,
499 2018 685 2092 quoad
725 2036 846 2074 eam
879 2037 1052 2092 quam
1078 2018 1334 2094 Dionysio
1364 2018 1739 2074 Alexandrino
1774 2019 1977 2074 tribuit
2010 2018 2079 2075 de
2101 2035 2186 2076 re-

251 2116 612 2191 baptizandis
650 2116 927 2173 haereticis
970 2116 1318 2192 opinionem.
1355 2116 1470 2187 Hic,
1505 2115 1713 2188 inquit,
1751 2118 1806 2171 in
1851 2115 2107 2190 Cypriani
2137 2123 2189 2172 et

255 2215 527 2287 Africanae
568 2215 760 2286 synodi
807 2215 999 2286 doqma
1049 2216 1381 2270 consentiens
1429 2215 1493 2270 cle
1540 2214 1802 2269 haereticis
1855 2216 2187 2288 rebaptizan-

258 2313 361 2382 dis,
391 2315 495 2367 cte.
537 2311 707 2368 Porro
752 2312 1109 2369 contrarium
1152 2311 1409 2370 tenuisse
1432 2311 1758 2388 Dionysium
1792 2312 2030 2386 probant
2058 2330 2186 2368 eru-

258 2409 384 2480 diti,
418 2415 542 2466 tum
572 2427 639 2466 ex
687 2428 861 2486 supra
913 2410 1099 2467 citatis
1130 2410 1322 2467 Basilii
1352 2411 1422 2467 ad
1458 2409 1924 2486 Amphilochium
1954 2410 2184 2483 litteriS,

253 2516 377 2565 tum
406 2527 471 2565 ex
501 2508 801 2583 ipsiusmet
827 2507 1076 2585 Dionysii
1097 2509 1426 2583 fragmentis
1452 2510 1520 2566 ab
1548 2509 1790 2566 Eusebio
1827 2508 2039 2581 citatis,
2070 2515 2189 2565 tum

254 2608 538 2683 praecipue
561 2627 627 2667 ex
647 2611 903 2684 ejusdem
931 2610 1180 2686 Dionysii
1213 2611 1282 2667 ad
1307 2610 1527 2667 Sixtum
1553 2610 1758 2685 Papam
1791 2610 2053 2686 epistola,
2079 2626 2187 2683 qua

252 2709 501 2783 postulat
532 2710 672 2783 quid
705 2711 812 2767 sibi
841 2711 1126 2784 agendum
1155 2712 1228 2768 sit
1251 2713 1438 2786 quoad
1468 2710 1774 2786 quemdam
1799 2711 2059 2767 dioecesis
2079 2725 2186 2768 suae

251 2801 460 2872 virum,
503 2802 571 2857 ab
603 2803 883 2859 haereticis
927 2804 1300 2879 baptizatum,
1332 2805 1429 2880 qui
1467 2806 1681 2880 absque
1724 2805 1981 2880 legitima
2012 2805 2187 2862 forma
2241 2875 2246 2884 Ι

253 2900 522 2957 collatum
566 2901 675 2959 sibi
709 2908 1132 2959 sacramentum
1176 2905 1569 2962 contendebat.
1615 2904 1773 2961 Unde
1818 2905 2185 2980 Hieronymus

253 2999 502 3076 Dionysii
538 3002 807 3077 epistolas
852 3003 1004 3060 haud
1049 3010 1260 3062 attente
1293 3006 1528 3080 legerat,
1565 3025 1629 3063 ac
1661 3023 1897 3062 erronee
1927 3002 2183 3081 Dionysio

256 3100 457 3158 tribuit
487 3101 556 3159 de
598 3103 1132 3179 rebaptizandorum
1163 3105 1557 3164 haereticorum
1600 3106 1938 3164 necessitate
1973 3102 2185 3181 opinio-

255 3216 408 3256 nem.
2237 3274 2241 3279 .

329 3298 386 3353 5⁰
415 3299 681 3358 Praetensi
709 3301 1005 3359 conflictus
1036 3321 1139 3361 nec
1178 3304 1425 3362 ocularis
1447 3304 1634 3375 testis,
1665 3322 1768 3361 nec
1796 3308 2178 3376 contempora-

254 3411 394 3453 neus
434 3398 542 3455 fuit
583 3399 990 3478 Hieronymus,
1025 3402 1271 3460 Pertinet
1319 3403 1495 3478 igitur
1545 3403 1614 3460 ad
1665 3418 1790 3460 earn
1843 3401 2176 3476 scriptorum

259 3489 598 3558 categoriam
625 3491 724 3565 qui
755 3493 900 3550 facta
929 3500 1186 3567 narrant,
1218 3513 1333 3552 non
1360 3513 1427 3552 ex
1458 3494 1584 3551 visu
1612 3499 1710 3550 aut
1743 3492 1966 3562 auditu,
1993 3487 2089 3546 sed
2114 3501 2175 3542 ex

260 3585 471 3654 sparsis
489 3588 606 3660 jam
623 3590 981 3654 documentis
1007 3596 1095 3654 vel
1120 3595 1550 3654 traditionibus.
1572 3595 1743 3652 Porro
1771 3589 2172 3648 historicorum
