2262 3990
311 157 399 206 660
986 146 1280 195 TRACTATUS
1310 149 1376 196 DE
1405 150 1554 199 PAPA.

309 268 490 330 licum,
526 266 665 316 tenet
711 274 825 312 eum
856 273 956 330 per
985 255 1229 311 haeresim
1269 257 1382 330 ipso
1415 255 1557 327 sacto
1596 259 1809 332 deponi.
1846 293 1923 303 —
1949 261 2079 319 Eam
2105 265 2212 325 *de-

306 360 606 418 fenderunt
642 354 1085 418 Turrecremata,
1115 353 1463 427 Augustinus
1498 354 1566 411 de
1599 352 1846 423 Ancona,
1873 357 2208 432 Paludanus.

303 456 522 527 Driedo,
545 451 816 518 Castilli0‚
848 452 1273 528 Symmanchas,
1309 452 1649 524 Jacobatius,
1681 453 1992 512 Salmeron.
2025 458 2217 526 Praecif

302 576 414 634 pua
442 557 565 631 ejus
590 560 879 611 momenta
901 553 1018 609 haec
1042 553 1159 610 fere
1193 559 1326 610 sunt
1356 575 1367 608 :
1408 555 1465 611 1⁰
1491 553 1651 611 Fides
1681 560 1763 612 est
1789 555 2210 623 fundamentum

300 654 686 713 necessarium
725 651 1028 727 cujuslibet
1049 651 1466 726 jurisdictionis
1497 653 1909 711 ecclesiasticae.
1950 655 2088 730 Ergo
2121 677 2212 734 pa-

296 756 439 833 palis
469 752 791 830 jurisdictio
828 758 976 809 stare
1019 751 1217 826 nequit
1244 770 1374 808 cum
1412 753 1635 810 haeresi.
1669 753 1809 827 Ergo
1842 754 1985 829 Papa
2020 755 2208 817 labens

294 858 354 913 in
399 854 678 919 haeresim,
726 854 831 910 hoc
877 853 998 928 ipso
1035 853 1179 928 Papa
1219 870 1341 910 esse
1377 852 1608 928 desinit,
1654 872 1754 910 seu
1785 853 2107 928 deponitur.
2138 888 2210 900 -—
2252 823 2257 898 s

293 957 348 1013 2Ο
374 957 569 1013 Ρ111105
597 960 919 1010 sanctorum
945 953 1173 1008 Patruin
1199 958 1383 1009 textus
1403 958 1591 1026 aperte
1619 952 1896 1023 indicant,
1919 971 2034 1009 non
2054 972 2208 1029 posse

297 1073 642 1132 quemquam
682 1054 779 1128 qui
812 1053 918 1109 fide
952 1059 1104 1109 caret
1135 1051 1589 1126 jurisdictionem
1630 1052 1689 1108 in
1731 1051 1974 1109 Ecclesia
2006 1053 2206 1112 hahere

297 1157 440 1234 (vide
464 1156 756 1214 citationes
787 1154 935 1228 apud
965 1152 1189 1221 Suarez,
1220 1154 1283 1208 cle
1312 1152 1467 1218 Fide,
1498 1152 1646 1229 disp.
1679 1173 1732 1219 x,
1766 1159 1903 1210 sect.
1929 1153 2014 1219 Vl,
2038 1173 2097 1210 n.
2126 1154 2200 1228 2).

295 1292 366 1299 —-
387 1258 441 1313 5⁰
470 1254 771 1312 Ilaereticus
801 1253 1123 1309 membrum
1155 1252 1409 1308 Ecclesiae
1436 1270 1549 1308 non
1575 1259 1676 1319 est;
1716 1270 1847 1326 ergo
1884 1271 1986 1309 nec
2017 1260 2196 1329 caput.

295 1392 364 1400 —
404 1358 460 1413 4⁰
499 1355 803 1411 Haereticus
862 1353 1024 1409 debet
1063 1353 1227 1409 vitari
1267 1353 1465 1427 (epist,
1501 1353 1544 1409 II
1586 1353 1639 1410 S.
1693 1352 1847 1409 Pauli
1889 1354 1958 1409 ad
1999 1353 2200 1425 Titum,
2251 1403 2255 1414 ,

290 1476 339 1514 c.
362 1476 470 1527 x111,
498 1476 550 1511 v.
579 1453 696 1527 110);
726 1459 777 1510 et
807 1471 921 1508 non
950 1452 1110 1508 debet
1139 1452 1373 1508 salutari
1404 1453 1591 1528 (epist.
1623 1452 1667 1507 ΙΙ
1692 1452 1746 1508 S.
1771 1452 2047 1524 Joannis).
2071 1452 2199 1526 Ergo
2250 1481 2256 1504 i

287 1575 318 1612 a
352 1554 575 1611 fortiori
614 1554 665 1610 ei
704 1571 817 1608 non
846 1552 1081 1608 debetur
1115 1550 1454 1607 obedientia.
1492 1551 1634 1627 Papa
1673 1569 1802 1608 vero
1840 1551 1931 1608 cui
1970 1569 2080 1607 non
2113 1550 2203 1608 de-

287 1656 451 1712 betur
481 1652 821 1722 obedientia,
846 1652 962 1726 jam
997 1651 1139 1724 Papa
1175 1668 1286 1705 non
1326 1655 1430 1720 est,
1461 1649 1558 1706 sed
1581 1650 1788 1725 Papatu
1815 1650 2037 1706 excidit.
2068 1650 2201 1723 Ergo

287 1755 426 1829 Papa
484 1754 683 1810 labens
742 1751 800 1807 in
859 1751 1146 1815 haeresim,
1196 1750 1315 1825 ipso
1363 1750 1507 1806 facto
1563 1750 1819 1825 papalem
1873 1755 2200 1825 potestatem
2248 1775 2253 1798 ι

290 1853 522 1909 amittit.

363 1953 731 2026 Impugnatur
783 1949 1058 2004 sententia
1098 1948 1194 2003 illa
1230 1948 1545 2005 rationibus
1588 1948 1951 2022 sequentibus
1993 1971 2003 2003 :
2064 1948 2118 2003 1⁰
2150 1946 2204 2004 Si
2250 1981 2253 1989 ν

286 2053 432 2126 Papa
479 2051 547 2106 ob
595 2048 855 2105 haeresim
891 2048 1011 2121 ipso
1050 2046 1194 2102 facto
1237 2047 1631 2120 deponeretur,
1676 2047 1731 2101 id
1774 2047 1928 2102 fieret
1964 2049 2047 2103 vel
2084 2051 2208 2122 jure
2253 2094 2256 2100 .

289 2150 499 2218 divine,
550 2148 635 2204 1·οΙ
668 2148 797 2220 jure
839 2148 1108 2201 humano.
1145 2145 1314 2218 Atqui
1361 2151 1653 2200 neutrum.
1697 2145 1833 2199 Nam
1873 2163 2003 2200 cum
2045 2162 2205 2221 poena

285 2248 651 2324 depositionis
678 2246 1013 2320 gravissima
1046 2244 1156 2315 sit,
1180 2251 1243 2300 ut
1278 2245 1406 2317 jure
1446 2243 1634 2299 divino
1672 2243 2083 2310 10011101101111,
2113 2245 2205 2301 de-

287 2353 443 2407 beret
482 2350 537 2405 id
568 2349 625 2404 in
647 2348 777 2422 jure
811 2346 996 2402 divino
1027 2334 1288 2418 exprimi.
1331 2343 1494 2400 Nulla
1528 2350 1718 2400 autem
1756 2344 2037 2419 reperitur
2063 2343 2201 2419 juris

288 2449 460 2506 divini
489 2447 805 2523 dispositiO,
830 2463 957 2519 quae
980 2444 1037 2499 id
1069 2450 1303 2513 statuat,
1334 2442 1448 2498 sive
1472 2441 1811 2515 generaliter
1830 2441 1896 2498 de
1915 2440 2200 2506 haereticiS,

290 2551 405 2608 sive
439 2548 756 2624 specialiter
787 2547 856 2603 de
895 2544 1204 2621 EpiscopiS,
1243 2543 1365 2600 sive
1390 2540 1798 2618 specialissime
1824 2542 1892 2598 de
1916 2543 2079 2616 Papa.
2111 2540 2202 2598 Ne-
2248 2570 2253 2589 ι

293 2670 403 2725 que
430 2651 497 2707 de
524 2652 628 2705 hoc
658 2649 900 2704 habetur
929 2646 1044 2701 ulla
1067 2650 1218 2701 certa
1242 2643 1492 2700 traditio.
1522 2641 1764 2698 Aliunde
1786 2659 1968 2716 neque
1997 2659 2094 2716 per
2114 2639 2199 2714 jus
2246 2655 2253 2687 ⁸

292 2751 612 2804 humanum
640 2749 822 2819 potest
845 2744 990 2818 Papa
1023 2742 1323 2798 haereticus
1353 2741 1478 2816 ipso
1507 2739 1654 2796 facto
1688 2739 2092 2814 depositionem
2123 2737 2251 2796 111·4

294 2864 542 2904 currere.
557 2845 694 2900 Nam
714 2843 891 2916 legem
910 2841 1063 2896 illam
1084 2841 1332 2905 tulisset,
1358 2840 1443 2896 101
1461 2839 1790 2905 concilium
1811 2840 1896 2896 vel
1913 2840 2055 2915 Papa
2074 2853 2199 2914 prae·
2244 2823 2262 3049 1

297 2947 574 3003 decessor.
605 2944 658 2999 Si
693 2942 873 3018 prius,
903 2940 1149 2997 invalida
1179 2940 1266 2996 lex
1299 2939 1463 3010 foret,
1494 2944 1688 3015 utpote
1713 2940 1826 2995 lata
1853 2938 1921 2995 ab
1946 2937 2199 2995 inferiore

297 3049 356 3104 in
388 3044 756 3120 superiorem.
787 3041 843 3098 Si
870 3039 1170 3116 posteiius‚
1195 3044 1342 3095 esset
1372 3039 1556 3095 adhuc
1589 3037 1857 3107 invalida,
1885 3042 2075 3113 utpote
2098 3035 2200 3090 lata
2245 3050 2259 3116 11

300 3150 368 3206 ab
411 3144 659 3220 aequali
647 3162 707 3199 in
746 3142 1038 3217 aequalem.
1081 3175 1150 3183 —-
1189 3140 1245 3196 20
1275 3139 1533 3196 Ecclesiae
1571 3156 1795 3196 summe
1834 3136 2249 3215 perniciosum
2260 3203 2262 3206 Ι

297 3247 463 3311 foret,
511 3244 559 3301 si
601 3243 670 3300 ob
710 3240 967 3298 haeresim
1003 3240 1146 3314 Papa
1187 3238 1308 3313 ipso
1348 3235 1495 3293 sacto
1547 3234 1942 3310 deponeretur.
1982 3231 2130 3287 Nam
2146 3223 2198 3283 id

299 3345 734 3418 intelligeretur,
759 3341 847 3398 vel
872 3340 1163 3396 dumtaxat
1188 3337 1256 3392 de
1282 3334 1479 3393 haeresi
1508 3333 1728 3390 notoria
1766 3338 1818 3389 et
1849 3330 2090 3407 publica,
2117 3320 2197 3383 vel
2246 3324 2248 3326 ’

300 3446 468 3500 etiam
505 3444 574 3500 de
608 3441 808 3498 haeresi
841 3445 1069 3497 externa
1108 3435 1347 3506 occulta,
1382 3435 1468 3492 vel
1505 3433 1571 3491 de
1606 3432 1847 3489 interna.
1886 3426 2071 3495 Quoad
2096 3425 2198 3480 hae-
2245 3488 2248 3502 3

301 3543 468 3599 resim
501 3543 788 3618 publicam
826 3545 879 3597 et
910 3538 1212 3606 notoriam,
1249 3535 1521 3592 incideret
1552 3532 1812 3596 dubium,
1849 3532 2056 3602 quanta
2084 3534 2196 3578 esse
2243 3599 2262 3610 „

301 3641 497 3697 debeat
525 3641 831 3698 notorietas
863 3657 963 3697 seu
993 3636 1248 3701 infamia,
1287 3639 1348 3691 ut
1379 3631 1631 3691 Pontifex
1665 3627 1977 3688 censendus
2017 3622 2088 3680 sit
2109 3619 2198 3676 Pa·
2243 3615 2262 3692 J
