2306 4010
292 165 380 212 256
971 154 1263 203 TRACTATUS
1293 152 1362 200 DE
1390 152 1534 200 PAPA.

291 273 476 350 ipsius
521 264 942 327 infallibilitatis
988 260 1373 337 praerogativae
1413 277 1527 317 non
1580 258 1834 334 subjecta
1886 257 2252 339 pronuntiatas

293 372 454 429 verit.
1868 372 1878 381 '
2069 413 2073 417 .

368 469 410 522 Ι.
454 465 624 522 Indeae
659 461 1053 518 conclusionum
1084 458 1148 515 cle
1186 459 1382 532 objecto
1410 457 1819 530 infallibilitatis
1853 456 2123 516 Ecclesiae.
2148 492 2224 504 -

291 565 394 620 Eas
434 559 789 619 desumimus
831 575 860 614 e
900 575 1046 633 saepe
1089 556 1260 614 citato
1309 555 1515 613 eximio
1547 561 1788 613 tractatu
1821 555 2002 632 patris
2026 555 2246 633 Martia>

292 659 581 718 Societatis
620 658 792 714 Jesu:
842 657 1215 714 «Auctoritas
1258 657 1519 716 Ecclesiae
1556 675 1659 734 pro
1695 657 1910 733 objecto
1951 657 2059 714 sibi
2099 675 2235 733 prog

292 759 422 834 priov
445 758 618 814 habet
642 755 837 829 fidem,
868 774 1057 814 mores
1078 763 1129 813 et
1157 755 1921 832 disciplinam—Quidquid
1954 755 2015 811 in
2039 755 2227 815 Veteri

294 863 348 914 et
377 855 526 914 Novo
552 859 910 914 Testamento
938 857 1219 932 scriptum
1253 861 1358 925 est,
1386 861 1438 912 et
1462 855 1740 930 quidquid
1767 855 2073 912 traditione
2102 860 2230 912 tan*

292 974 464 1030 quam
512 975 543 1013 a
585 955 808 1013 Christo
853 956 1166 1013 revelatum
1211 955 1622 1013 transmissum
1666 960 1771 1026 est,
1813 960 1897 1011 est
1943 950 2232 1030 objectum‘3

294 1055 647 1113 auctoritatis
693 1055 978 1113 Ecclesiae.
1018 1091 1094 1097 —
1126 1057 1242 1112 Lex·
1282 1054 1564 1112 naturalis
1611 1060 1695 1112 est
1737 1054 1908 1112 etiam
1947 1054 2234 1129 objectum·

295 1155 650 1212 auctoritatis
683 1154 964 1213 Ecclesiae.
1000 1189 1069 1198 —
1100 1155 1422 1213 Auctoritas
1455 1155 1716 1212 Ecclesiae
1743 1161 1826 1211 est
1860 1154 2056 1212 stricte
2085 1154 2230 1211 circa

295 1252 489 1325 fidem,
519 1271 705 1310 mores
730 1259 784 1309 et
811 1253 1177 1328 disciplinam
1201 1254 1524 1327 generalem
1561 1252 1907 1309 infallibilis.
1929 1286 2001 1294 -—
2032 1251 2230 1309 Aucto-

297 1351 437 1408 ritas
463 1351 725 1408 Ecclesiae
750 1358 832 1408 cst
851 1352 1026 1426 judex
1054 1353 1113 1407 in
1140 1353 1371 1432 propria
1397 1371 1587 1410 causa.
1607 1351 2016 1408 —Auctoritas
2045 1350 2230 1413 Ecclee

298 1449 395 1506 siae
422 1456 507 1506 cst
527 1449 701 1523 judex
726 1455 780 1507 et
805 1451 961 1507 solus
986 1451 1199 1507 arbiter
1219 1469 1420 1508 eorum
1449 1452 1708 1508 omnium
1732 1470 1859 1525 quae
1886 1451 1955 1507 ad
1988 1451 2230 1526 seipsam

299 1548 603 1623 pertinent.
638 1582 714 1589 —
747 1548 1065 1606 Auctoritas
1112 1550 1373 1608 Ecclesiae
1412 1556 1497 1608 est
1540 1550 1860 1612 infallibilis
1895 1549 2045 1606 circa
2087 1547 2254 1606 facta.

299 1647 613 1720 dogmatica
637 1681 708 1688 —
740 1646 894 1705 Et'in
922 1655 1250 1707 sanctorum
1285 1650 1714 1708 canonizatione
1739 1684 1816 1690 —
1842 1650 1906 1706 Et
1938 1649 1997 1704 in
2034 1663 2231 1723 appro-

298 1746 522 1802 batione
565 1748 830 1805 ordinum
871 1750 1268 1824 religiosorum
1306 1786 1362 1794 —
1397 1752 1459 1809 Et
1499 1752 1557 1808 in
1605 1751 1924 1807 damnando
1971 1746 2224 1825 proposi-

299 1844 479 1902 tiones
520 1845 577 1901 in
626 1847 789 1920 globo
821 1883 897 1889 —
930 1849 992 1905 Et
1032 1850 1090 1905 in
1131 1838 1452 1908 definienda
1504 1849 1934 1908 authenticitate
1973 1847 2107 1904 talis
2141 1845 2226 1903 vel

299 1943 429 2000 talis
466 1945 742 2001 versionis
784 1945 1087 2022 Scripturae
1129 1967 1303 2005 sacrae
1342 1984 1418 1990 —
1459 1950 1524 2005 Et
1567 1950 1626 2004 in
1671 1948 1883 2023 judicio
1926 1946 1992 2002 de
2038 1945 2225 2003 ortho-

302 2038 467 2096 doxia
517 2042 801 2099 librorum
830 2077 900 2085 —
945 2044 1008 2100 Et
1051 2044 1110 2100 in
1141 2045 1269 2102 fidei
1301 2045 1565 2102 formulis
1593 2079 1663 2086 —
1705 2046 1768 2101 Et
1804 2046 1863 2100 in
1907 2042 2224 2101 damnando

306 2140 720 2214 propositiones
759 2144 1097 2217 aequivocaS‚
1144 2146 1285 2219 quin
1327 2145 1639 2222 distinguat
1679 2163 1878 2203 verum
1927 2161 2158 2200 sensum
2198 2158 2229 2197 a

306 2238 466 2297 falso.
492 2263 521 2294 »

381 2337 447 2392 II.
481 2339 718 2396 Romano
744 2341 996 2415 Pontifici
1023 2361 1089 2399 eac
1132 2345 1389 2400 cathedra
1419 2345 1980 2417 definientimmquom
2003 2341 2228 2414 leyitime

308 2435 557 2510 ‹Ieneqori
593 2446 771 2513 potest
815 2441 1119 2515 obsequium
1155 2444 1247 2499 sub
1280 2451 1546 2518 praeteoetu
1573 2443 2014 2516 ‚incompetentiae
2061 2438 2249 2519 quoad¹

301 2553 414 2590 rem
445 2538 736 2609 definitam.
759 2542 987 2598 —Nam
1022 2542 1312 2599 Romanus
1341 2542 1593 2600 Pontifex
1626 2541 1943 2599 infallibilis
1973 2543 2056 2597 est
2083 2526 2248 2596 circa

306 2634 534 2707 dogma;
582 2637 741 2708 atqui
792 2639 839 2693 si
879 2639 1021 2695 falso
1062 2640 1325 2696 definiret
1355 2658 1478 2696 rem
1514 2640 1663 2695 circa
1701 2647 1873 2712 quarn
1906 2643 2228 2712 competens

307 2747 421 2786 non
447 2731 615 2804 foret,
653 2751 766 2789 non
801 2743 947 2793 esset
981 2737 1298 2794 infallibilis
1340 2737 1491 2794 circa
1525 2737 1750 2811 dogma.
1787 2737 1926 2792 Nam
1965 2737 2071 2792 hoc
2107 2735 2228 2810 ipso

306 2828 457 2902 quod
485 2829 701 2905 aliquid
723 2832 954 2890 definiat
978 2840 1030 2891 et
1062 2835 1412 2893 credendum
1436 2836 1748 2918 praecipiat,
1774 2837 1879 2892 hoc
1905 2835 2028 2911 ipso
2057 2833 2228 2891 simul

213 2993 218 2998 ⁴
305 2928 502 2987 definit
526 2936 580 2987 et
605 2932 942 2990 credendam
963 2936 1217 3012 praecipit
1239 2937 1680 3012 competentiam
1707 2954 1870 2994 suam
1897 2935 2083 3009 quoad
2107 2923 2225 2991 rem

306 3028 616 3088 definitam.
638 3032 904 3108 Alioquin
931 3035 1166 3111 perinde
1192 3042 1340 3094 esset
1363 3055 1426 3093 ac
1454 3036 1502 3093 si
1532 3036 1775 3094 diceret:
1804 3023 2044 3104 Definio.
2066 3033 2124 3089 id
2144 3036 2234 3090 est·
2293 3102 2295 3107 ¹

306 3134 456 3185 certo
494 3147 682 3187 veram
722 3134 1030 3208 pronuntio
1071 3135 1245 3192 talem
1283 3127 1754 3212 propositionem,
1793 3140 1846 3191 et
1886 3132 2222 3190 credendam

305 3226 588 3303 praecipio;
635 3228 732 3286 sed
761 3247 875 3286 non
913 3231 1138 3302 definio,
1166 3251 1267 3290 nec
1302 3232 1649 3290 credendum
1677 3230 1944 3308 praecipio
1979 3248 2071 3287 me
2105 3243 2223 3286 esse

305 3333 717 3402 competentem
743 3331 932 3405 quoad
950 3332 1399 3408 propositionem
1422 3333 1603 3402 illam;
1627 3333 1707 3389 ita
1725 3338 1790 3389 ut
1811 3330 1967 3387 licite
1989 3330 2238 3404 quisque.

305 3440 662 3499 propugnare
689 3429 872 3488 valeat
897 3449 988 3488 me
1020 3450 1243 3490 errasse
1280 3452 1345 3490 ex
1381 3432 1603 3490 defectu
1634 3431 2047 3507 competentiae.
2083 3428 2228 3484 Sane

305 3520 555 3580 Pontifex
580 3529 678 3600 qui
718 3529 799 3587 sic
835 3531 1118 3605 definiret,
1161 3550 1355 3590 revera
1387 3531 1532 3588 nihil
1566 3530 1827 3589 definiret
1854 3547 1957 3586 nec
1998 3525 2241 3586 creden-f
2275 3550 2288 3554 ’

310 3616 448 3673 dum
486 3625 831 3700 praeciperet.
871 3631 1013 3705 Ergo
1052 3632 1317 3706 quaelibet
1345 3631 1597 3690 definitio
1631 3649 1698 3688 ex
1733 3627 2019 3698 cathedra,
2053 3614 2283 3682 simut}
