2306 4010
901 208 1027 256 PARS
1059 206 1276 254 SECUNDA
1286 243 1296 254 .
1985 207 2044 252 25

157 317 471 390 legitimum
501 316 752 392 ejusdem
780 317 1031 373 Ecclesiae
1058 302 1368 391 capitulum
1414 313 1840 385 constituenteS‚
1881 331 2044 370 cano-

157 417 280 472 nice
311 415 506 489 electo)
543 414 767 471 exulare
799 415 976 489 jusso;
1008 415 1188 487 deque
1215 413 1471 471 admissis
1504 412 1571 468 ad
1613 411 2043 468 celebrationem

157 514 473 571 divinorum
526 513 839 569 officiorum
886 511 977 580 iis,
1031 529 1172 583 quos
1217 519 1488 585 tanquam
1533 511 1592 566 in
1645 509 2043 566 beneficiorum

80 636 118 652 ··
157 613 561 688 possessionem
605 619 813 669 temere
858 628 922 666 ac
955 607 1229 665 violenter
1274 611 1524 666 intrusos
1562 610 1720 666 bonae
1765 610 2045 666 memoriae

153 710 479 766 Franciscus
522 708 825 781 Episcopus
868 711 1047 761 vester
1088 704 1387 761 innodatos
1427 706 1683 763 censuris
1730 724 1760 761 a
1801 707 2043 779 generali

151 803 384 861 concilio
417 800 773 875 Lugdunensi
814 799 1042 856 inflictis
1091 800 1561 873 promulgaverat.
1604 803 1812 858 Vestrae
1859 810 2043 860 tamen

150 899 368 974 pietatis
409 915 470 953 ac
511 896 638 952 fidei
668 896 772 953 erit
810 913 1034 952 manere
1086 894 1144 949 in
1191 896 1451 966 statione,
1498 902 1551 950 et
1598 897 1784 952 locum
1836 899 1894 953 in
1932 918 2043 972 quo

150 994 314 1068 positi
341 993 475 1049 estis
498 998 814 1048 constanter
843 998 1055 1062 tenere,
1088 992 1232 1048 sicut
1276 992 1477 1058 facitis;
1511 1010 1691 1064 neque
1737 993 1874 1050 alios
1899 997 2042 1052 vica-

147 1093 259 1148 rios
308 1093 616 1165 generaleS,
670 1092 799 1147 sede
855 1098 1106 1162 vacante,
1155 1109 1476 1164 agnoscere,
1532 1109 1700 1163 quam
1748 1095 2041 1166 praefatum

147 1193 467 1248 Michaelem
503 1192 845 1261 Daubarede,
874 1198 928 1247 et
962 1191 1099 1247 alios
1136 1210 1165 1246 a
1192 1190 1348 1246 vobis
1374 1193 1578 1246 electos
1612 1192 1694 1247 vel
1718 1189 2036 1265 eligendos;

147 1312 285 1365 quos
312 1293 502 1363 etiam,
532 1299 808 1365 quatenus
847 1312 990 1367 opus
1021 1292 1114 1360 sit,
1152 1292 1481 1348 auctoritate
1518 1293 1820 1366 apostolica
1845 1295 2043 1350 confir-

148 1411 367 1449 mamus
407 1400 458 1448 et
502 1392 805 1466 respective
837 1392 1334 1448 confirmabimus:
1379 1392 1711 1448 mandantes
1742 1394 1889 1448 clero
1928 1401 2039 1450 tam

147 1491 397 1545 saeculari
440 1509 606 1562 quam
652 1489 894 1561 regulari
936 1496 988 1544 et
1035 1490 1295 1544 universo
1343 1489 1550 1562 populo
1586 1490 1928 1562 Apamiensi,
1980 1498 2037 1546 ut

147 1588 427 1643 neminem
471 1589 643 1642 alium
680 1606 848 1659 quarn
892 1605 1030 1660 quos
1072 1587 1315 1642 diximus
1359 1587 1630 1642 vicarium
1675 1589 2038 1661 capitularem

150 1693 467 1756 agnoscant,
503 1694 597 1742 aut
633 1685 714 1741 illi
749 1692 934 1740 actum
971 1685 1152 1740 ullum
1182 1685 1513 1740 obedientiae
1544 1691 1854 1758 praestent»
1895 1687 2039 1757 (Col-

154 1783 337 1836 186ῑίοη
376 1785 465 1837 des
499 1785 936 1855 proces-verbatim
971 1785 1060 1838 (les
1088 1782 1421 1852 assemblees,
1457 1791 1497 1838 t.
1533 1783 1594 1853 V,
1630 1773 1814 1840 Places*
1838 1787 2038 1858 justifi-

152 1880 362 1949 ccetz'ves,
391 1899 447 1953 p.
479 1880 630 1951 191).

221 1977 298 2031 Ad
327 1978 541 2033 Patrem
574 1978 776 2047 CerleS,
820 1979 1060 2034 electum
1099 1977 1158 2032 in
1188 1977 1459 2034 vicarium
1504 1979 1871 2052 capitularem
1898 1981 2037 2054 Apa-

149 2075 436 2132 miensem.
469 2111 540 2152 -ι
565 2077 734 2132 Breve
759 2075 929 2146 istud,
969 2076 1076 2131 dici
1110 2077 1129 2130 1
1164 2076 1409 2149 januarii
1447 2077 1614 2149 1681,
1644 2079 1887 2152 reperies
1918 2080 2038 2134 loco

147 2171 313 2226 citato
361 2172 543 2246 operis
576 2172 859 2228 Collection
907 2174 996 2227 (les
1040 2176 1491 2246 proces-verbam.
1545 2175 1621 2229 lbi
1655 2176 1903 2231 Pontifex
1948 2195 2036 2231 ex-

147 2267 585 2322 communicatos
638 2267 758 2340 ipso
810 2269 951 2323 facto
1004 2268 1247 2322 declarat
1304 2269 1400 2340 qui
1445 2274 1709 2340 tanquam
1760 2271 2037 2341 legitimos

150 2362 383 2418 vicarios
426 2365 755 2437 capitulares
794 2383 1091 2436 agnoscere
1128 2373 1424 2420 renuerent
1469 2367 1682 2420 Patrem
1723 2367 2037 2422 DaulJarede

153 2459 306 2528 (tunc
357 2459 696 2531 exulantem)
749 2466 802 2516 et
843 2462 1055 2516 Patrem
1102 2463 1304 2530 Cerles,
1362 2463 1457 2534 qui
1513 2463 1781 2519 canonice
1828 2465 2036 2520 electus

149 2554 326 2610 suerat
373 2574 402 2610 a
434 2556 700 2629 capitulo,
745 2564 797 2612 et
837 2558 929 2628 qui
977 2558 1256 2613 dioecesim
1296 2560 1539 2630 regebat.
1578 2559 2036 2633 Archiepiscopus

146 2670 270 2708 vero
293 2653 618 2725 TolosanuS,
645 2661 708 2710 ut
744 2655 912 2728 regiis
948 2655 1222 2710 ministris
1260 2656 1678 2731 obsequeretur,
1716 2663 1906 2712 contra
1949 2657 2034 2730 jus

147 2766 308 2804 omne
333 2750 506 2805 aliurn
545 2752 933 2826 presbyterum
968 2752 1023 2806 in
1050 2751 1321 2807 vicarium
1351 2753 1715 2826 capitularem
1738 2755 2034 2829 Apamien-

147 2863 262 2902 sem
292 2845 669 2920 deputaverat,
702 2854 753 2903 et
781 2850 929 2904 hunc
959 2849 1240 2904 intrusum
1277 2868 1376 2924 pro
1409 2869 1571 2924 posse
1594 2851 1840 2924 juvabat.

222 2944 312 2998 Die
355 2963 480 3000 vero
530 2947 592 3001 51
628 2946 811 3001 martii
848 2946 987 3001 1681
1025 2947 1434 3003 parlamentum
1463 2949 1771 3005 Parisiense
1796 2950 2035 3006 decrevit,

149 3045 563 3123 suppressionem
589 3043 769 3098 brevis
808 3044 915 3098 diei
948 3045 970 3098 1
1008 3045 1249 3117 januarii
1294 3047 1430 3101 <1681
1471 3047 1537 3101 ad
1586 3048 1800 3103 Patrem
1831 3048 2033 3117 Cerles,

149 3139 293 3210 quod
327 3140 488 3196 breve
514 3142 738 3197 nomine
782 3142 952 3198 libelle
992 3143 1285 3215 designare
1328 3163 1439 3199 non
1478 3146 1724 3200 eruhuit.
1769 3147 1874 3199 lloc
1911 3146 2034 3200 Par-

149 3234 372 3288 lamenti
404 3235 705 3310 decretum,
743 3240 888 3310 quod
919 3240 1162 3313 reperies
1197 3241 1315 3295 loco
1344 3241 1510 3297 citato
1540 3243 1724 3315 operis
1751 3241 2035 3298 Collection

150 3333 237 3386 (les
277 3334 731 3405 proces—verbalem,
779 3355 889 3393 non
920 3338 1138 3393 omittat
1181 3339 1375 3406 lector,
1423 3340 1468 3393 si
1513 3339 1642 3394 velit
1681 3349 2029 3414 compertum

148 3429 345 3484 habere
373 3448 540 3501 quam
571 3431 775 3487 atrocia
801 3433 859 3487 in
882 3433 1202 3507 Apamiensi
1231 3434 1478 3505 dioecesi,
1509 3437 1834 3494 auctoritate
1851 3440 2025 3511 regia,

146 3532 357 3599 patrata
392 3528 523 3583 sint.

219 3621 542 3679 Docuusswruu
581 3624 728 3680 XVII.
751 3655 818 3665 —
839 3623 1078 3697 Analysis
1112 3626 1345 3698 epistolae
1380 3639 1660 3687 conventus
1697 3632 1821 3689 cleri
1856 3632 2019 3692 Galli-
