<?xml version="1.0" encoding="UTF-8"?>
<!DOCTYPE html PUBLIC "-//W3C//DTD XHTML 1.0 Transitional//EN"
    "http://www.w3.org/TR/xhtml1/DTD/xhtml1-transitional.dtd">
<html xmlns="http://www.w3.org/1999/xhtml" xml:lang="en" lang="en">
 <head>
  <title>
</title>
<meta http-equiv="Content-Type" content="text/html;charset=utf-8" />
  <meta name='ocr-system' content='tesseract 3.04.00' />
  <meta name='ocr-capabilities' content='ocr_page ocr_carea ocr_par ocr_line ocrx_word'/>
</head>
<body>
  <div class='ocr_page' id='page_1' title='image "a548470102bouiuoft_0442.png"; bbox 0 0 2262 3990; ppageno 0'>
   <div class='ocr_carea' id='block_1_1' title="bbox 267 113 1519 176">
    <p class='ocr_par' dir='ltr' id='par_1_1' title="bbox 267 113 1519 176">
     <span class='ocr_line' id='line_1_1' title="bbox 267 113 1519 176; baseline -0.014 0"><span class='ocrx_word' id='word_1_1' title='bbox 267 128 361 176; x_wconf 64' lang='lat'>454</span> <span class='ocrx_word' id='word_1_2' title='bbox 947 113 1246 165; x_wconf 75' lang='lat' dir='ltr'>TRAm&#39;A&#39;I&#39;US</span> <span class='ocrx_word' id='word_1_3' title='bbox 1273 113 1346 161; x_wconf 70' lang='lat' dir='ltr'>DE</span> <span class='ocrx_word' id='word_1_4' title='bbox 1370 113 1519 161; x_wconf 76' lang='lat' dir='ltr'>PAPA.</span> 
     </span>
    </p>
   </div>
   <div class='ocr_carea' id='block_1_2' title="bbox 335 223 2071 302">
    <p class='ocr_par' dir='ltr' id='par_1_2' title="bbox 335 188 2226 302">
     <span class='ocr_line' id='line_1_2' title="bbox 335 223 2071 302; baseline -0.01 -7"><span class='ocrx_word' id='word_1_5' title='bbox 335 239 399 295; x_wconf 79' lang='lat' dir='ltr'>V.</span> <span class='ocrx_word' id='word_1_6' title='bbox 439 237 781 294; x_wconf 71' lang='lat' dir='ltr'>Praetensam</span> <span class='ocrx_word' id='word_1_7' title='bbox 799 228 1099 302; x_wconf 62' lang='lat' dir='ltr'>conflictum</span> <span class='ocrx_word' id='word_1_8' title='bbox 1126 223 1368 281; x_wconf 68' lang='lat' dir='ltr'>exdudit</span> <span class='ocrx_word' id='word_1_9' title='bbox 1391 229 1658 280; x_wconf 73' lang='lat' dir='ltr'>tractatus</span> <span class='ocrx_word' id='word_1_10' title='bbox 1687 240 1981 299; x_wconf 70' lang='lat' dir='ltr'>anonymus</span> <span class='ocrx_word' id='word_1_11' title='bbox 2003 226 2071 284; x_wconf 78' lang='lat' dir='ltr'>de</span> 
     </span>
    </p>
   </div>
   <div class='ocr_carea' id='block_1_3' title="bbox 247 328 2262 1695">
    <p class='ocr_par' dir='ltr' id='par_1_3' title="bbox 277 328 886 401">
     <span class='ocr_line' id='line_1_3' title="bbox 277 328 886 401; baseline -0.016 -7"><span class='ocrx_word' id='word_1_12' title='bbox 277 339 564 394; x_wconf 72' lang='lat' dir='ltr'>reticormn</span> <span class='ocrx_word' id='word_1_13' title='bbox 598 328 886 401; x_wconf 70' lang='lat' dir='ltr'>baptismo.</span> 
     </span>
    </p>

    <p class='ocr_par' dir='ltr' id='par_1_4' title="bbox 247 418 2262 1695">
     <span class='ocr_line' id='line_1_4' title="bbox 330 418 2207 506; baseline -0.002 -20"><span class='ocrx_word' id='word_1_14' title='bbox 330 430 430 487; x_wconf 75' lang='lat' dir='ltr'>Hic</span> <span class='ocrx_word' id='word_1_15' title='bbox 455 431 742 485; x_wconf 79' lang='lat' dir='ltr'>tractatus</span> <span class='ocrx_word' id='word_1_16' title='bbox 769 440 1117 505; x_wconf 76' lang='lat' dir='ltr'>anonymus,</span> <span class='ocrx_word' id='word_1_17' title='bbox 1164 439 1338 498; x_wconf 90' lang='lat' dir='ltr'>quem</span> <span class='ocrx_word' id='word_1_18' title='bbox 1363 421 1615 498; x_wconf 79' lang='lat' dir='ltr'>reperies</span> <span class='ocrx_word' id='word_1_19' title='bbox 1652 420 1807 497; x_wconf 86' lang='lat' dir='ltr'>apud</span> <span class='ocrx_word' id='word_1_20' title='bbox 1843 421 2028 481; x_wconf 89' lang='lat' dir='ltr'>Labbe</span> <span class='ocrx_word' id='word_1_21' title='bbox 2053 422 2117 498; x_wconf 80' lang='lat' dir='ltr'>(t.</span> <span class='ocrx_word' id='word_1_22' title='bbox 2198 418 2207 506; x_wconf 63' lang='lat' dir='ltr'>J</span> 
     </span>
     <span class='ocr_line' id='line_1_5' title="bbox 258 518 2255 600; baseline -0.003 -16"><span class='ocrx_word' id='word_1_23' title='bbox 258 527 366 586; x_wconf 88' lang='lat' dir='ltr'>col.</span> <span class='ocrx_word' id='word_1_24' title='bbox 404 524 539 597; x_wconf 83' lang='lat'>770,</span> <span class='ocrx_word' id='word_1_25' title='bbox 561 523 698 581; x_wconf 88' lang='lat' dir='ltr'>edit.</span> <span class='ocrx_word' id='word_1_26' title='bbox 721 520 980 592; x_wconf 84' lang='lat' dir='ltr'>Parisiis,</span> <span class='ocrx_word' id='word_1_27' title='bbox 1004 520 1206 595; x_wconf 76' lang='lat'>1671),</span> <span class='ocrx_word' id='word_1_28' title='bbox 1233 519 1316 577; x_wconf 85' lang='lat' dir='ltr'>sic</span> <span class='ocrx_word' id='word_1_29' title='bbox 1333 518 1672 576; x_wconf 76' lang='lat' dir='ltr'><strong>inscribitur</strong></span> <span class='ocrx_word' id='word_1_30' title='bbox 1700 539 1712 572; x_wconf 73' lang='grc' dir='ltr'>ε</span> <span class='ocrx_word' id='word_1_31' title='bbox 1742 518 1864 579; x_wconf 82' lang='grc' dir='ltr'>Νοη</span> <span class='ocrx_word' id='word_1_32' title='bbox 1891 520 2083 580; x_wconf 78' lang='lat' dir='ltr'>debere</span> <span class='ocrx_word' id='word_1_33' title='bbox 2114 552 2120 564; x_wconf 87' lang='lat'><em>=</em></span> <span class='ocrx_word' id='word_1_34' title='bbox 2147 559 2170 589; x_wconf 77' lang='lat'>-·.</span> <span class='ocrx_word' id='word_1_35' title='bbox 2195 519 2197 521; x_wconf 71' lang='grc'><strong>’</strong></span> <span class='ocrx_word' id='word_1_36' title='bbox 2251 591 2255 600; x_wconf 75' lang='lat'>,</span> 
     </span>
     <span class='ocr_line' id='line_1_6' title="bbox 261 615 2255 701; baseline -0.001 -18"><span class='ocrx_word' id='word_1_37' title='bbox 261 643 367 683; x_wconf 73' lang='lat' dir='ltr'>nuo</span> <span class='ocrx_word' id='word_1_38' title='bbox 394 626 660 701; x_wconf 74' lang='lat' dir='ltr'>baptizari</span> <span class='ocrx_word' id='word_1_39' title='bbox 685 625 774 698; x_wconf 75' lang='lat' dir='ltr'>qui</span> <span class='ocrx_word' id='word_1_40' title='bbox 815 621 978 680; x_wconf 80' lang='lat' dir='ltr'>semel</span> <span class='ocrx_word' id='word_1_41' title='bbox 1022 624 1079 678; x_wconf 84' lang='lat' dir='ltr'>in</span> <span class='ocrx_word' id='word_1_42' title='bbox 1124 622 1343 678; x_wconf 76' lang='lat' dir='ltr'>nomine</span> <span class='ocrx_word' id='word_1_43' title='bbox 1366 618 1582 677; x_wconf 63' lang='lat' dir='ltr'>Domini</span> <span class='ocrx_word' id='word_1_44' title='bbox 1610 622 1783 678; x_wconf 72' lang='lat' dir='ltr'>nostri</span> <span class='ocrx_word' id='word_1_45' title='bbox 1818 620 1855 677; x_wconf 87' lang='lat' dir='ltr'><em>J</em></span> <span class='ocrx_word' id='word_1_46' title='bbox 1859 639 1950 678; x_wconf 77' lang='lat' dir='ltr'>esu</span> <span class='ocrx_word' id='word_1_47' title='bbox 2000 621 2168 683; x_wconf 66' lang='lat' dir='ltr'>chris</span> <span class='ocrx_word' id='word_1_48' title='bbox 2251 615 2255 621; x_wconf 79' lang='grc'><strong>’</strong></span> 
     </span>
     <span class='ocr_line' id='line_1_7' title="bbox 258 720 2262 797; baseline -0.001 -14"><span class='ocrx_word' id='word_1_49' title='bbox 258 727 410 784; x_wconf 77' lang='lat' dir='ltr'>tincti</span> <span class='ocrx_word' id='word_1_50' title='bbox 444 727 572 783; x_wconf 78' lang='lat' dir='ltr'>sin-t.</span> <span class='ocrx_word' id='word_1_51' title='bbox 602 725 746 781; x_wconf 85' lang='lat' dir='ltr'>Eum</span> <span class='ocrx_word' id='word_1_52' title='bbox 771 722 928 780; x_wconf 83' lang='lat' dir='ltr'>haud</span> <span class='ocrx_word' id='word_1_53' title='bbox 951 721 1137 779; x_wconf 90' lang='lat' dir='ltr'>multo</span> <span class='ocrx_word' id='word_1_54' title='bbox 1166 720 1448 797; x_wconf 77' lang='lat' dir='ltr'>Cypriane</span> <span class='ocrx_word' id='word_1_55' title='bbox 1464 720 1836 796; x_wconf 76' lang='lat' dir='ltr'>posteriorem</span> <span class='ocrx_word' id='word_1_56' title='bbox 1864 721 2185 782; x_wconf 82' lang='lat' dir='ltr'>existima</span> <span class='ocrx_word' id='word_1_57' title='bbox 2257 749 2262 758; x_wconf 93' lang='lat'>·</span> 
     </span>
     <span class='ocr_line' id='line_1_8' title="bbox 247 818 2162 896; baseline -0.002 -14"><span class='ocrx_word' id='word_1_58' title='bbox 247 824 460 883; x_wconf 88' lang='lat' dir='ltr'>eruditi</span> <span class='ocrx_word' id='word_1_59' title='bbox 486 849 497 894; x_wconf 90' lang='lat'>;</span> <span class='ocrx_word' id='word_1_60' title='bbox 528 829 584 882; x_wconf 87' lang='lat' dir='ltr'>et</span> <span class='ocrx_word' id='word_1_61' title='bbox 613 823 787 881; x_wconf 87' lang='lat' dir='ltr'>talem</span> <span class='ocrx_word' id='word_1_62' title='bbox 822 821 916 878; x_wconf 90' lang='lat' dir='ltr'>hic</span> <span class='ocrx_word' id='word_1_63' title='bbox 950 821 1120 877; x_wconf 84' lang='lat' dir='ltr'>illum</span> <span class='ocrx_word' id='word_1_64' title='bbox 1159 818 1564 896; x_wconf 78' lang='lat' dir='ltr'>supponimus·</span> <span class='ocrx_word' id='word_1_65' title='bbox 1589 819 1756 878; x_wconf 83' lang='lat' dir='ltr'>Stare</span> <span class='ocrx_word' id='word_1_66' title='bbox 1779 824 1972 878; x_wconf 85' lang='lat' dir='ltr'>autem</span> <span class='ocrx_word' id='word_1_67' title='bbox 1998 839 2107 896; x_wconf 85' lang='lat' dir='ltr'>neq</span> <span class='ocrx_word' id='word_1_68' title='bbox 2150 821 2162 835; x_wconf 83' lang='grc'><strong><em>’</em></strong></span> 
     </span>
     <span class='ocr_line' id='line_1_9' title="bbox 249 918 2172 1001; baseline -0.005 -18"><span class='ocrx_word' id='word_1_69' title='bbox 249 943 388 983; x_wconf 81' lang='lat' dir='ltr'>cum</span> <span class='ocrx_word' id='word_1_70' title='bbox 419 922 689 1001; x_wconf 79' lang='lat' dir='ltr'>praetensi</span> <span class='ocrx_word' id='word_1_71' title='bbox 728 921 1024 979; x_wconf 86' lang='lat' dir='ltr'>conflictus</span> <span class='ocrx_word' id='word_1_72' title='bbox 1049 918 1375 996; x_wconf 74' lang='lat' dir='ltr'>hypothesi.</span> <span class='ocrx_word' id='word_1_73' title='bbox 1399 919 1646 993; x_wconf 84' lang='lat' dir='ltr'>Etenim,</span> <span class='ocrx_word' id='word_1_74' title='bbox 1680 922 1941 980; x_wconf 83' lang='lat' dir='ltr'>enuntiat</span> <span class='ocrx_word' id='word_1_75' title='bbox 1961 921 2120 996; x_wconf 92' lang='lat' dir='ltr'>quid·</span> <span class='ocrx_word' id='word_1_76' title='bbox 2147 947 2172 972; x_wconf 72' lang='grc' dir='ltr'>ι.</span> 
     </span>
     <span class='ocr_line' id='line_1_10' title="bbox 250 1018 2174 1081; baseline -0.005 0"><span class='ocrx_word' id='word_1_77' title='bbox 250 1031 450 1081; x_wconf 87' lang='lat' dir='ltr'>auctor</span> <span class='ocrx_word' id='word_1_78' title='bbox 483 1028 742 1081; x_wconf 85' lang='lat' dir='ltr'>exortam</span> <span class='ocrx_word' id='word_1_79' title='bbox 776 1021 927 1079; x_wconf 88' lang='lat' dir='ltr'>inter</span> <span class='ocrx_word' id='word_1_80' title='bbox 956 1018 1164 1076; x_wconf 79' lang='lat' dir='ltr'>fratres·</span> <span class='ocrx_word' id='word_1_81' title='bbox 1208 1018 1655 1077; x_wconf 79' lang='lat' dir='ltr'>controversiam</span> <span class='ocrx_word' id='word_1_82' title='bbox 1693 1020 1763 1079; x_wconf 89' lang='lat' dir='ltr'>de</span> <span class='ocrx_word' id='word_1_83' title='bbox 1791 1021 2132 1079; x_wconf 82' lang='lat' dir='ltr'>haereticoru</span> <span class='ocrx_word' id='word_1_84' title='bbox 2170 1061 2174 1072; x_wconf 76' lang='grc'>,</span> 
     </span>
     <span class='ocr_line' id='line_1_11' title="bbox 251 1119 2153 1201; baseline -0.003 -20"><span class='ocrx_word' id='word_1_85' title='bbox 251 1125 560 1201; x_wconf 86' lang='lat' dir='ltr'>baptism0‚</span> <span class='ocrx_word' id='word_1_86' title='bbox 589 1122 895 1198; x_wconf 83' lang='lat' dir='ltr'>quaesitum</span> <span class='ocrx_word' id='word_1_87' title='bbox 937 1119 1153 1177; x_wconf 82' lang='lat' dir='ltr'>scilicet</span> <span class='ocrx_word' id='word_1_88' title='bbox 1187 1138 1329 1176; x_wconf 86' lang='lat' dir='ltr'>num</span> <span class='ocrx_word' id='word_1_89' title='bbox 1354 1121 1592 1178; x_wconf 82' lang='lat' dir='ltr'>veniens</span> <span class='ocrx_word' id='word_1_90' title='bbox 1633 1121 1702 1179; x_wconf 90' lang='lat' dir='ltr'>ab</span> <span class='ocrx_word' id='word_1_91' title='bbox 1745 1122 1945 1180; x_wconf 79' lang='lat' dir='ltr'>haeresi</span> <span class='ocrx_word' id='word_1_92' title='bbox 1993 1122 2153 1181; x_wconf 85' lang='lat' dir='ltr'>debe</span> 
     </span>
     <span class='ocr_line' id='line_1_12' title="bbox 250 1218 2161 1299; baseline 0 -19"><span class='ocrx_word' id='word_1_93' title='bbox 250 1224 459 1282; x_wconf 89' lang='lat' dir='ltr'>iterum</span> <span class='ocrx_word' id='word_1_94' title='bbox 494 1222 790 1299; x_wconf 85' lang='lat' dir='ltr'>baptizari,</span> <span class='ocrx_word' id='word_1_95' title='bbox 817 1237 992 1294; x_wconf 87' lang='lat' dir='ltr'>seque</span> <span class='ocrx_word' id='word_1_96' title='bbox 1022 1219 1130 1275; x_wconf 89' lang='lat' dir='ltr'>hac</span> <span class='ocrx_word' id='word_1_97' title='bbox 1154 1218 1229 1276; x_wconf 89' lang='lat' dir='ltr'>de</span> <span class='ocrx_word' id='word_1_98' title='bbox 1260 1236 1324 1276; x_wconf 85' lang='lat' dir='ltr'>re</span> <span class='ocrx_word' id='word_1_99' title='bbox 1352 1220 1829 1295; x_wconf 79' lang='lat' dir='ltr'>disceptationem</span> <span class='ocrx_word' id='word_1_100' title='bbox 1851 1222 2161 1280; x_wconf 85' lang='lat' dir='ltr'>instituere</span> 
     </span>
     <span class='ocr_line' id='line_1_13' title="bbox 252 1318 2205 1396; baseline 0 -15"><span class='ocrx_word' id='word_1_101' title='bbox 252 1323 351 1381; x_wconf 88' lang='lat' dir='ltr'>sed</span> <span class='ocrx_word' id='word_1_102' title='bbox 380 1321 590 1379; x_wconf 80' lang='lat' dir='ltr'>nullibi</span> <span class='ocrx_word' id='word_1_103' title='bbox 632 1319 973 1395; x_wconf 62' lang='lat' dir='ltr'>Cypflanum</span> <span class='ocrx_word' id='word_1_104' title='bbox 1021 1323 1324 1388; x_wconf 87' lang='lat' dir='ltr'>memorat,</span> <span class='ocrx_word' id='word_1_105' title='bbox 1367 1336 1472 1376; x_wconf 90' lang='lat' dir='ltr'>nec</span> <span class='ocrx_word' id='word_1_106' title='bbox 1519 1318 1786 1394; x_wconf 84' lang='lat' dir='ltr'>Stephani</span> <span class='ocrx_word' id='word_1_107' title='bbox 1812 1319 1975 1396; x_wconf 80' lang='lat' dir='ltr'>Papae</span> <span class='ocrx_word' id='word_1_108' title='bbox 2001 1319 2169 1379; x_wconf 81' lang='lat' dir='ltr'>decre.</span> <span class='ocrx_word' id='word_1_109' title='bbox 2203 1376 2205 1382; x_wconf 14' lang='grc' dir='ltr'><em>Α</em></span> 
     </span>
     <span class='ocr_line' id='line_1_14' title="bbox 252 1417 2199 1493; baseline 0.002 -15"><span class='ocrx_word' id='word_1_110' title='bbox 252 1428 401 1493; x_wconf 86' lang='lat' dir='ltr'>tum,</span> <span class='ocrx_word' id='word_1_111' title='bbox 448 1437 553 1476; x_wconf 90' lang='lat' dir='ltr'>nec</span> <span class='ocrx_word' id='word_1_112' title='bbox 591 1418 987 1476; x_wconf 86' lang='lat' dir='ltr'>Africanorum</span> <span class='ocrx_word' id='word_1_113' title='bbox 1018 1417 1361 1475; x_wconf 88' lang='lat' dir='ltr'>Antistitum</span> <span class='ocrx_word' id='word_1_114' title='bbox 1387 1418 1796 1492; x_wconf 82' lang='lat' dir='ltr'>resistentiam,</span> <span class='ocrx_word' id='word_1_115' title='bbox 1830 1439 1935 1477; x_wconf 86' lang='lat' dir='ltr'>neo</span> <span class='ocrx_word' id='word_1_116' title='bbox 1965 1418 2199 1482; x_wconf 75' lang='lat' dir='ltr'>Cartha-J</span> 
     </span>
     <span class='ocr_line' id='line_1_15' title="bbox 249 1517 2246 1596; baseline 0.002 -21"><span class='ocrx_word' id='word_1_117' title='bbox 249 1518 489 1593; x_wconf 77' lang='lat' dir='ltr'>ginense</span> <span class='ocrx_word' id='word_1_118' title='bbox 513 1517 823 1575; x_wconf 82' lang='lat' dir='ltr'>concilium</span> <span class='ocrx_word' id='word_1_119' title='bbox 844 1540 855 1585; x_wconf 82' lang='lat'><em>3</em></span> <span class='ocrx_word' id='word_1_120' title='bbox 883 1523 1232 1594; x_wconf 82' lang='lat' dir='ltr'>praetensum</span> <span class='ocrx_word' id='word_1_121' title='bbox 1261 1517 1509 1592; x_wconf 87' lang='lat' dir='ltr'>denique</span> <span class='ocrx_word' id='word_1_122' title='bbox 1533 1518 1859 1576; x_wconf 87' lang='lat' dir='ltr'>conflictum</span> <span class='ocrx_word' id='word_1_123' title='bbox 1887 1538 1958 1576; x_wconf 86' lang='lat' dir='ltr'>ne</span> <span class='ocrx_word' id='word_1_124' title='bbox 1977 1518 2169 1596; x_wconf 76' lang='lat' dir='ltr'>syllah</span> <span class='ocrx_word' id='word_1_125' title='bbox 2195 1567 2202 1591; x_wconf 52' lang='grc'>.;</span> <span class='ocrx_word' id='word_1_126' title='bbox 2243 1560 2246 1563; x_wconf 86' lang='lat'><em>-</em></span> 
     </span>
     <span class='ocr_line' id='line_1_16' title="bbox 253 1611 2251 1695; baseline 0.001 -19"><span class='ocrx_word' id='word_1_127' title='bbox 253 1619 488 1693; x_wconf 87' lang='lat' dir='ltr'>quidem</span> <span class='ocrx_word' id='word_1_128' title='bbox 511 1618 724 1675; x_wconf 84' lang='lat' dir='ltr'>innuit.</span> <span class='ocrx_word' id='word_1_129' title='bbox 747 1618 1024 1694; x_wconf 78' lang='lat' dir='ltr'>Equidem</span> <span class='ocrx_word' id='word_1_130' title='bbox 1052 1618 1306 1692; x_wconf 86' lang='lat' dir='ltr'>aliquam</span> <span class='ocrx_word' id='word_1_131' title='bbox 1333 1617 1404 1674; x_wconf 93' lang='lat' dir='ltr'>ad</span> <span class='ocrx_word' id='word_1_132' title='bbox 1427 1617 1643 1676; x_wconf 88' lang='lat' dir='ltr'>factum</span> <span class='ocrx_word' id='word_1_133' title='bbox 1677 1619 2076 1695; x_wconf 80' lang='lat' dir='ltr'>Cyprianicum</span> <span class='ocrx_word' id='word_1_134' title='bbox 2125 1660 2129 1671; x_wconf 59' lang='grc'><strong><em>,</em></strong></span> <span class='ocrx_word' id='word_1_135' title='bbox 2158 1666 2160 1669; x_wconf 91' lang='grc'>.</span> <span class='ocrx_word' id='word_1_136' title='bbox 2198 1659 2203 1666; x_wconf 60' lang='lat'>„</span> <span class='ocrx_word' id='word_1_137' title='bbox 2243 1611 2251 1624; x_wconf 56' lang='lat'>⁸</span> 
     </span>
    </p>
   </div>
   <div class='ocr_carea' id='block_1_4' title="bbox 105 1715 2250 1803">
    <p class='ocr_par' dir='ltr' id='par_1_5' title="bbox 105 1715 2250 1803">
     <span class='ocr_line' id='line_1_17' title="bbox 105 1715 2250 1803; baseline 0 -19"><span class='ocrx_word' id='word_1_138' title='bbox 105 1715 112 1722; x_wconf 74' lang='grc'><strong>’</strong></span> <span class='ocrx_word' id='word_1_139' title='bbox 199 1744 201 1748; x_wconf 54' lang='lat'><strong><em>⁴</em></strong></span> <span class='ocrx_word' id='word_1_140' title='bbox 255 1726 541 1783; x_wconf 88' lang='lat' dir='ltr'>lusionem</span> <span class='ocrx_word' id='word_1_141' title='bbox 566 1725 832 1783; x_wconf 89' lang='lat' dir='ltr'>nonnulli</span> <span class='ocrx_word' id='word_1_142' title='bbox 865 1725 974 1783; x_wconf 85' lang='lat' dir='ltr'>sibi</span> <span class='ocrx_word' id='word_1_143' title='bbox 1002 1725 1192 1783; x_wconf 88' lang='lat' dir='ltr'>videre</span> <span class='ocrx_word' id='word_1_144' title='bbox 1229 1725 1335 1782; x_wconf 84' lang='lat' dir='ltr'>visi</span> <span class='ocrx_word' id='word_1_145' title='bbox 1374 1731 1508 1782; x_wconf 89' lang='lat' dir='ltr'>sunt</span> <span class='ocrx_word' id='word_1_146' title='bbox 1548 1725 1609 1781; x_wconf 91' lang='lat' dir='ltr'>in</span> <span class='ocrx_word' id='word_1_147' title='bbox 1643 1726 1747 1782; x_wconf 90' lang='lat' dir='ltr'>hac</span> <span class='ocrx_word' id='word_1_148' title='bbox 1782 1725 1976 1802; x_wconf 89' lang='lat' dir='ltr'>phrasi</span> <span class='ocrx_word' id='word_1_149' title='bbox 2001 1748 2012 1782; x_wconf 78' lang='lat' dir='ltr'><em>z</em></span> <span class='ocrx_word' id='word_1_150' title='bbox 2034 1727 2158 1785; x_wconf 83' lang='lat' dir='ltr'>Ideo</span> <span class='ocrx_word' id='word_1_151' title='bbox 2186 1791 2193 1803; x_wconf 67' lang='lat'><em>„</em></span> <span class='ocrx_word' id='word_1_152' title='bbox 2232 1733 2250 1778; x_wconf 60' lang='grc' dir='ltr'><em>ὃ</em></span> 
     </span>
    </p>
   </div>
   <div class='ocr_carea' id='block_1_5' title="bbox 247 1824 2262 3594">
    <p class='ocr_par' dir='ltr' id='par_1_6' title="bbox 247 1823 2262 3594">
     <span class='ocr_line' id='line_1_18' title="bbox 257 1824 2242 1901; baseline 0.002 -20"><span class='ocrx_word' id='word_1_153' title='bbox 257 1844 355 1898; x_wconf 79' lang='lat' dir='ltr'>que</span> <span class='ocrx_word' id='word_1_154' title='bbox 390 1824 647 1883; x_wconf 69' lang='lat' dir='ltr'>norm-ulla</span> <span class='ocrx_word' id='word_1_155' title='bbox 691 1844 852 1899; x_wconf 75' lang='lat' dir='ltr'>super</span> <span class='ocrx_word' id='word_1_156' title='bbox 889 1827 988 1881; x_wconf 83' lang='lat' dir='ltr'>hac</span> <span class='ocrx_word' id='word_1_157' title='bbox 1037 1843 1175 1881; x_wconf 78' lang='lat' dir='ltr'>nova</span> <span class='ocrx_word' id='word_1_158' title='bbox 1229 1827 1517 1898; x_wconf 65' lang='lat' dir='ltr'>quaestione</span> <span class='ocrx_word' id='word_1_159' title='bbox 1559 1827 1762 1900; x_wconf 77' lang='lat' dir='ltr'>scripta</span> <span class='ocrx_word' id='word_1_160' title='bbox 1800 1833 1894 1882; x_wconf 76' lang='lat' dir='ltr'>emt</span> <span class='ocrx_word' id='word_1_161' title='bbox 1930 1828 2195 1901; x_wconf 80' lang='lat' dir='ltr'>rescript</span> <span class='ocrx_word' id='word_1_162' title='bbox 2239 1846 2242 1853; x_wconf 92' lang='grc'><em>·</em></span> 
     </span>
     <span class='ocr_line' id='line_1_19' title="bbox 254 1922 2194 1997; baseline 0.004 -18"><span class='ocrx_word' id='word_1_163' title='bbox 254 1941 368 1980; x_wconf 79' lang='lat' dir='ltr'>esse</span> <span class='ocrx_word' id='word_1_164' title='bbox 410 1922 775 1994; x_wconf 71' lang='lat' dir='ltr'>jactabantur,</span> <span class='ocrx_word' id='word_1_165' title='bbox 824 1924 1007 1994; x_wconf 73' lang='lat' dir='ltr'>quibus</span> <span class='ocrx_word' id='word_1_166' title='bbox 1070 1931 1296 1995; x_wconf 80' lang='lat' dir='ltr'>utraque</span> <span class='ocrx_word' id='word_1_167' title='bbox 1332 1941 1465 1997; x_wconf 79' lang='lat' dir='ltr'>pars</span> <span class='ocrx_word' id='word_1_168' title='bbox 1512 1924 1580 1980; x_wconf 83' lang='lat' dir='ltr'>ad</span> <span class='ocrx_word' id='word_1_169' title='bbox 1641 1924 1966 1981; x_wconf 58' lang='lat' dir='ltr'>destruenda</span> <span class='ocrx_word' id='word_1_170' title='bbox 2017 1925 2194 1987; x_wconf 77' lang='lat' dir='ltr'>alien</span> 
     </span>
     <span class='ocr_line' id='line_1_20' title="bbox 252 2019 2194 2082; baseline 0.001 -3"><span class='ocrx_word' id='word_1_171' title='bbox 252 2039 455 2079; x_wconf 78' lang='lat' dir='ltr'>summo</span> <span class='ocrx_word' id='word_1_172' title='bbox 479 2022 656 2077; x_wconf 73' lang='lat' dir='ltr'>stadio</span> <span class='ocrx_word' id='word_1_173' title='bbox 682 2022 968 2078; x_wconf 74' lang='lat' dir='ltr'>nitebatur.</span> <span class='ocrx_word' id='word_1_174' title='bbox 1015 2019 1118 2076; x_wconf 90' lang='lat' dir='ltr'>Sed</span> <span class='ocrx_word' id='word_1_175' title='bbox 1150 2038 1347 2078; x_wconf 85' lang='lat' dir='ltr'>revera</span> <span class='ocrx_word' id='word_1_176' title='bbox 1397 2021 1567 2079; x_wconf 83' lang='lat' dir='ltr'>verba</span> <span class='ocrx_word' id='word_1_177' title='bbox 1600 2022 1718 2078; x_wconf 81' lang='lat' dir='ltr'>haec</span> <span class='ocrx_word' id='word_1_178' title='bbox 1750 2023 2116 2082; x_wconf 77' lang='lat' dir='ltr'>controversi</span> <span class='ocrx_word' id='word_1_179' title='bbox 2144 2022 2194 2071; x_wconf 60' lang='grc' dir='ltr'>ν’</span> 
     </span>
     <span class='ocr_line' id='line_1_21' title="bbox 253 2120 2238 2198; baseline 0.001 -19"><span class='ocrx_word' id='word_1_180' title='bbox 253 2122 548 2179; x_wconf 86' lang='lat' dir='ltr'>dumtaxat</span> <span class='ocrx_word' id='word_1_181' title='bbox 587 2126 895 2192; x_wconf 79' lang='lat' dir='ltr'>testantur,</span> <span class='ocrx_word' id='word_1_182' title='bbox 940 2139 1055 2176; x_wconf 90' lang='lat' dir='ltr'>non</span> <span class='ocrx_word' id='word_1_183' title='bbox 1100 2121 1506 2178; x_wconf 86' lang='lat' dir='ltr'>scandalosum</span> <span class='ocrx_word' id='word_1_184' title='bbox 1543 2120 1887 2198; x_wconf 83' lang='lat' dir='ltr'>Cyprianum</span> <span class='ocrx_word' id='word_1_185' title='bbox 1929 2123 2078 2180; x_wconf 88' lang='lat' dir='ltr'>inter</span> <span class='ocrx_word' id='word_1_186' title='bbox 2137 2139 2167 2181; x_wconf 89' lang='lat' dir='ltr'>e</span> <span class='ocrx_word' id='word_1_187' title='bbox 2236 2147 2238 2151; x_wconf 95' lang='lat'>·</span> 
     </span>
     <span class='ocr_line' id='line_1_22' title="bbox 250 2218 2217 2296; baseline 0.002 -19"><span class='ocrx_word' id='word_1_188' title='bbox 250 2221 597 2296; x_wconf 88' lang='lat' dir='ltr'>Stephanum</span> <span class='ocrx_word' id='word_1_189' title='bbox 643 2219 995 2275; x_wconf 76' lang='lat' dir='ltr'>conflictum.</span> <span class='ocrx_word' id='word_1_190' title='bbox 1028 2218 1206 2291; x_wconf 87' lang='lat' dir='ltr'>Adde,</span> <span class='ocrx_word' id='word_1_191' title='bbox 1242 2237 1344 2294; x_wconf 87' lang='lat' dir='ltr'>per</span> <span class='ocrx_word' id='word_1_192' title='bbox 1380 2237 1581 2277; x_wconf 87' lang='lat' dir='ltr'>vocem</span> <span class='ocrx_word' id='word_1_193' title='bbox 1619 2223 1994 2295; x_wconf 79' lang='lat' dir='ltr'>jactabantur,</span> <span class='ocrx_word' id='word_1_194' title='bbox 2022 2224 2122 2280; x_wconf 92' lang='lat' dir='ltr'>inn</span> <span class='ocrx_word' id='word_1_195' title='bbox 2213 2254 2217 2260; x_wconf 97' lang='lat'>-</span> 
     </span>
     <span class='ocr_line' id='line_1_23' title="bbox 250 2316 2178 2393; baseline -0.002 -16"><span class='ocrx_word' id='word_1_196' title='bbox 250 2320 577 2377; x_wconf 86' lang='lat' dir='ltr'>dubitatum</span> <span class='ocrx_word' id='word_1_197' title='bbox 615 2317 684 2374; x_wconf 88' lang='lat' dir='ltr'>de</span> <span class='ocrx_word' id='word_1_198' title='bbox 715 2316 1089 2391; x_wconf 83' lang='lat' dir='ltr'>allegatorum</span> <span class='ocrx_word' id='word_1_199' title='bbox 1113 2318 1437 2392; x_wconf 78' lang='lat' dir='ltr'>scriptorum</span> <span class='ocrx_word' id='word_1_200' title='bbox 1455 2324 1510 2376; x_wconf 89' lang='lat' dir='ltr'>et</span> <span class='ocrx_word' id='word_1_201' title='bbox 1535 2320 1916 2393; x_wconf 71' lang='lat' dir='ltr'>rescriptorum</span> <span class='ocrx_word' id='word_1_202' title='bbox 1950 2323 2113 2379; x_wconf 86' lang='lat' dir='ltr'>auth·</span> <span class='ocrx_word' id='word_1_203' title='bbox 2138 2345 2147 2374; x_wconf 81' lang='grc' dir='ltr'>ι</span> <span class='ocrx_word' id='word_1_204' title='bbox 2176 2344 2178 2347; x_wconf 91' lang='grc'><em>·</em></span> 
     </span>
     <span class='ocr_line' id='line_1_24' title="bbox 248 2418 2152 2481; baseline 0.001 -3"><span class='ocrx_word' id='word_1_205' title='bbox 248 2421 485 2478; x_wconf 86' lang='lat' dir='ltr'>ticitate.</span> <span class='ocrx_word' id='word_1_206' title='bbox 517 2419 672 2475; x_wconf 89' lang='lat' dir='ltr'>Unde</span> <span class='ocrx_word' id='word_1_207' title='bbox 699 2435 892 2475; x_wconf 78' lang='lat' dir='ltr'>revera</span> <span class='ocrx_word' id='word_1_208' title='bbox 919 2418 978 2474; x_wconf 88' lang='lat' dir='ltr'>in</span> <span class='ocrx_word' id='word_1_209' title='bbox 1016 2419 1124 2475; x_wconf 87' lang='lat' dir='ltr'>hoc</span> <span class='ocrx_word' id='word_1_210' title='bbox 1147 2423 1391 2476; x_wconf 88' lang='lat' dir='ltr'>tractatu</span> <span class='ocrx_word' id='word_1_211' title='bbox 1423 2418 1585 2476; x_wconf 84' lang='lat' dir='ltr'>nulla</span> <span class='ocrx_word' id='word_1_212' title='bbox 1609 2421 1860 2478; x_wconf 89' lang='lat' dir='ltr'>occurrit</span> <span class='ocrx_word' id='word_1_213' title='bbox 1885 2423 2099 2481; x_wconf 84' lang='lat' dir='ltr'>mentio</span> <span class='ocrx_word' id='word_1_214' title='bbox 2132 2446 2152 2473; x_wconf 39' lang='grc' dir='ltr'>ιι</span> 
     </span>
     <span class='ocr_line' id='line_1_25' title="bbox 247 2516 2143 2595; baseline 0.001 -19"><span class='ocrx_word' id='word_1_215' title='bbox 247 2520 397 2576; x_wconf 85' lang='lat' dir='ltr'>facto</span> <span class='ocrx_word' id='word_1_216' title='bbox 423 2518 778 2595; x_wconf 75' lang='lat' dir='ltr'>CyprianicO.</span> <span class='ocrx_word' id='word_1_217' title='bbox 815 2518 985 2574; x_wconf 88' lang='lat' dir='ltr'>Porro</span> <span class='ocrx_word' id='word_1_218' title='bbox 1031 2516 1145 2574; x_wconf 89' lang='lat' dir='ltr'>nisi</span> <span class='ocrx_word' id='word_1_219' title='bbox 1188 2517 1403 2575; x_wconf 87' lang='lat' dir='ltr'>factum</span> <span class='ocrx_word' id='word_1_220' title='bbox 1435 2517 1589 2576; x_wconf 90' lang='lat' dir='ltr'>istud</span> <span class='ocrx_word' id='word_1_221' title='bbox 1619 2521 2078 2579; x_wconf 80' lang='lat' dir='ltr'>commentitium</span> <span class='ocrx_word' id='word_1_222' title='bbox 2103 2521 2143 2578; x_wconf 89' lang='lat' dir='ltr'><strong>f</strong></span> 
     </span>
     <span class='ocr_line' id='line_1_26' title="bbox 248 2617 2171 2696; baseline 0.002 -20"><span class='ocrx_word' id='word_1_223' title='bbox 248 2624 355 2687; x_wconf 82' lang='lat' dir='ltr'>ret,</span> <span class='ocrx_word' id='word_1_224' title='bbox 376 2618 521 2674; x_wconf 91' lang='lat' dir='ltr'>illud</span> <span class='ocrx_word' id='word_1_225' title='bbox 546 2637 651 2675; x_wconf 89' lang='lat' dir='ltr'>nec</span> <span class='ocrx_word' id='word_1_226' title='bbox 682 2618 1021 2691; x_wconf 77' lang='lat' dir='ltr'>ignorasset,</span> <span class='ocrx_word' id='word_1_227' title='bbox 1052 2634 1159 2674; x_wconf 88' lang='lat' dir='ltr'>nec</span> <span class='ocrx_word' id='word_1_228' title='bbox 1180 2617 1431 2676; x_wconf 89' lang='lat' dir='ltr'>siluisset</span> <span class='ocrx_word' id='word_1_229' title='bbox 1453 2617 1587 2676; x_wconf 83' lang='lat' dir='ltr'>tali‘s</span> <span class='ocrx_word' id='word_1_230' title='bbox 1607 2619 1941 2696; x_wconf 84' lang='lat' dir='ltr'>scriptionis</span> <span class='ocrx_word' id='word_1_231' title='bbox 1969 2627 2134 2679; x_wconf 83' lang='lat' dir='ltr'>auct</span> <span class='ocrx_word' id='word_1_232' title='bbox 2168 2687 2171 2690; x_wconf 21' lang='lat'>¹</span> 
     </span>
     <span class='ocr_line' id='line_1_27' title="bbox 250 2717 2154 2794; baseline 0.002 -18"><span class='ocrx_word' id='word_1_233' title='bbox 250 2725 327 2776; x_wconf 82' lang='lat' dir='ltr'>ut·</span> <span class='ocrx_word' id='word_1_234' title='bbox 346 2735 413 2774; x_wconf 86' lang='lat' dir='ltr'>ex</span> <span class='ocrx_word' id='word_1_235' title='bbox 437 2717 561 2794; x_wconf 87' lang='lat' dir='ltr'>ipso</span> <span class='ocrx_word' id='word_1_236' title='bbox 586 2717 914 2793; x_wconf 84' lang='lat' dir='ltr'>scriptionis</span> <span class='ocrx_word' id='word_1_237' title='bbox 955 2735 1122 2793; x_wconf 89' lang='lat' dir='ltr'>scopo</span> <span class='ocrx_word' id='word_1_238' title='bbox 1152 2717 1289 2775; x_wconf 87' lang='lat' dir='ltr'>satis</span> <span class='ocrx_word' id='word_1_239' title='bbox 1312 2718 1513 2793; x_wconf 79' lang='lat' dir='ltr'>liquet.</span> <span class='ocrx_word' id='word_1_240' title='bbox 1546 2719 1864 2778; x_wconf 82' lang='lat' dir='ltr'>Praesertim</span> <span class='ocrx_word' id='word_1_241' title='bbox 1896 2739 2027 2779; x_wconf 88' lang='lat' dir='ltr'>cum</span> <span class='ocrx_word' id='word_1_242' title='bbox 2057 2740 2086 2779; x_wconf 90' lang='lat' dir='ltr'>a</span> <span class='ocrx_word' id='word_1_243' title='bbox 2135 2745 2154 2765; x_wconf 49' lang='grc' dir='ltr'><strong><em>ψ</em></strong></span> 
     </span>
     <span class='ocr_line' id='line_1_28' title="bbox 249 2815 2219 2898; baseline 0.002 -21"><span class='ocrx_word' id='word_1_244' title='bbox 249 2825 360 2890; x_wconf 90' lang='lat' dir='ltr'>tor,</span> <span class='ocrx_word' id='word_1_245' title='bbox 386 2836 501 2875; x_wconf 90' lang='lat' dir='ltr'>non</span> <span class='ocrx_word' id='word_1_246' title='bbox 520 2823 748 2874; x_wconf 88' lang='lat' dir='ltr'>tantum</span> <span class='ocrx_word' id='word_1_247' title='bbox 774 2815 1050 2891; x_wconf 73' lang='lat' dir='ltr'>Cypriano</span> <span class='ocrx_word' id='word_1_248' title='bbox 1074 2817 1379 2891; x_wconf 86' lang='lat' dir='ltr'>posterior,</span> <span class='ocrx_word' id='word_1_249' title='bbox 1406 2820 1514 2876; x_wconf 89' lang='lat' dir='ltr'>etsi</span> <span class='ocrx_word' id='word_1_250' title='bbox 1539 2818 1781 2892; x_wconf 80' lang='lat' dir='ltr'>vicinuS,</span> <span class='ocrx_word' id='word_1_251' title='bbox 1811 2840 2067 2898; x_wconf 90' lang='lat' dir='ltr'>suppona</span> <span class='ocrx_word' id='word_1_252' title='bbox 2146 2820 2155 2895; x_wconf 71' lang='lat' dir='ltr'>&#39;j</span> <span class='ocrx_word' id='word_1_253' title='bbox 2215 2861 2219 2869; x_wconf 91' lang='lat'>.</span> 
     </span>
     <span class='ocr_line' id='line_1_29' title="bbox 252 2899 2214 2994; baseline 0.002 -16"><span class='ocrx_word' id='word_1_254' title='bbox 252 2919 352 2978; x_wconf 87' lang='lat' dir='ltr'>sed</span> <span class='ocrx_word' id='word_1_255' title='bbox 377 2917 550 2976; x_wconf 90' lang='lat' dir='ltr'>etiam</span> <span class='ocrx_word' id='word_1_256' title='bbox 574 2916 896 2973; x_wconf 76' lang='lat' dir='ltr'>Africanus,</span> <span class='ocrx_word' id='word_1_257' title='bbox 933 2915 1088 2972; x_wconf 85' lang='lat' dir='ltr'>Unde</span> <span class='ocrx_word' id='word_1_258' title='bbox 1130 2917 1320 2974; x_wconf 89' lang='lat' dir='ltr'>obstat</span> <span class='ocrx_word' id='word_1_259' title='bbox 1356 2918 1526 2975; x_wconf 84' lang='lat' dir='ltr'>etiam</span> <span class='ocrx_word' id='word_1_260' title='bbox 1565 2919 1664 2978; x_wconf 89' lang='lat' dir='ltr'>ille</span> <span class='ocrx_word' id='word_1_261' title='bbox 1693 2926 1996 2994; x_wconf 79' lang='lat' dir='ltr'>tractatUS,</span> <span class='ocrx_word' id='word_1_262' title='bbox 2031 2921 2082 2983; x_wconf 72' lang='lat' dir='ltr'>si</span> <span class='ocrx_word' id='word_1_263' title='bbox 2210 2899 2214 2903; x_wconf 24' lang='lat'>²</span> 
     </span>
     <span class='ocr_line' id='line_1_30' title="bbox 249 3013 2205 3095; baseline 0 -20"><span class='ocrx_word' id='word_1_264' title='bbox 249 3036 380 3076; x_wconf 81' lang='lat' dir='ltr'>vera</span> <span class='ocrx_word' id='word_1_265' title='bbox 418 3016 697 3094; x_wconf 79' lang='lat' dir='ltr'>Cypriano</span> <span class='ocrx_word' id='word_1_266' title='bbox 724 3013 945 3071; x_wconf 71' lang='lat' dir='ltr'>vicinus</span> <span class='ocrx_word' id='word_1_267' title='bbox 981 3014 1157 3072; x_wconf 86' lang='lat' dir='ltr'>simul</span> <span class='ocrx_word' id='word_1_268' title='bbox 1191 3015 1263 3072; x_wconf 91' lang='lat' dir='ltr'>sit</span> <span class='ocrx_word' id='word_1_269' title='bbox 1315 3023 1372 3074; x_wconf 88' lang='lat' dir='ltr'>et</span> <span class='ocrx_word' id='word_1_270' title='bbox 1400 3018 1681 3094; x_wconf 88' lang='lat' dir='ltr'>posterior</span> <span class='ocrx_word' id='word_1_271' title='bbox 1715 3021 1801 3095; x_wconf 88' lang='lat' dir='ltr'>(ut</span> <span class='ocrx_word' id='word_1_272' title='bbox 1833 3021 2028 3080; x_wconf 81' lang='lat' dir='ltr'>volunt</span> <span class='ocrx_word' id='word_1_273' title='bbox 2068 3046 2076 3057; x_wconf 91' lang='lat'>·</span> <span class='ocrx_word' id='word_1_274' title='bbox 2128 3017 2205 3084; x_wconf 71' lang='lat' dir='ltr'>0&#39;j</span> 
     </span>
     <span class='ocr_line' id='line_1_31' title="bbox 249 3115 2178 3194; baseline 0.002 -19"><span class='ocrx_word' id='word_1_275' title='bbox 249 3118 402 3192; x_wconf 89' lang='lat' dir='ltr'>diti),</span> <span class='ocrx_word' id='word_1_276' title='bbox 438 3136 511 3175; x_wconf 91' lang='lat' dir='ltr'>ne</span> <span class='ocrx_word' id='word_1_277' title='bbox 536 3121 817 3194; x_wconf 81' lang='lat' dir='ltr'>praetenso</span> <span class='ocrx_word' id='word_1_278' title='bbox 861 3115 1150 3173; x_wconf 86' lang='lat' dir='ltr'>conflictui</span> <span class='ocrx_word' id='word_1_279' title='bbox 1183 3116 1323 3175; x_wconf 89' lang='lat' dir='ltr'>fides</span> <span class='ocrx_word' id='word_1_280' title='bbox 1362 3118 1718 3178; x_wconf 86' lang='lat' dir='ltr'>adhibeatur.</span> <span class='ocrx_word' id='word_1_281' title='bbox 2153 3135 2178 3194; x_wconf 70' lang='grc' dir='ltr'>,ᾗ</span> 
     </span>
     <span class='ocr_line' id='line_1_32' title="bbox 323 3215 2091 3298; baseline 0.005 -25"><span class='ocrx_word' id='word_1_282' title='bbox 323 3217 409 3273; x_wconf 88' lang='lat' dir='ltr'>vl.</span> <span class='ocrx_word' id='word_1_283' title='bbox 439 3216 583 3274; x_wconf 80' lang='lat' dir='ltr'>Idem</span> <span class='ocrx_word' id='word_1_284' title='bbox 612 3216 805 3273; x_wconf 74' lang='lat' dir='ltr'>evincit</span> <span class='ocrx_word' id='word_1_285' title='bbox 828 3215 1102 3272; x_wconf 73' lang='lat' dir='ltr'>silentium</span> <span class='ocrx_word' id='word_1_286' title='bbox 1138 3215 1359 3289; x_wconf 79' lang='lat' dir='ltr'>Donati,</span> <span class='ocrx_word' id='word_1_287' title='bbox 1391 3218 1737 3278; x_wconf 74' lang='lat' dir='ltr'>Parmenioni</span> <span class='ocrx_word' id='word_1_288' title='bbox 1774 3231 1826 3280; x_wconf 85' lang='lat' dir='ltr'>et</span> <span class='ocrx_word' id='word_1_289' title='bbox 1860 3223 2038 3298; x_wconf 79' lang='lat' dir='ltr'>Optati</span> <span class='ocrx_word' id='word_1_290' title='bbox 2086 3242 2091 3273; x_wconf 72' lang='grc' dir='ltr'>ι’</span> 
     </span>
     <span class='ocr_line' id='line_1_33' title="bbox 250 3311 2262 3390; baseline 0.001 -16"><span class='ocrx_word' id='word_1_291' title='bbox 250 3319 496 3375; x_wconf 77' lang='lat' dir='ltr'>levitani.</span> <span class='ocrx_word' id='word_1_292' title='bbox 2119 3311 2187 3387; x_wconf 43' lang='lat'>‘³373</span> <span class='ocrx_word' id='word_1_293' title='bbox 2261 3387 2262 3390; x_wconf 7' lang='grc' dir='ltr'><strong>Ἴ</strong></span> 
     </span>
     <span class='ocr_line' id='line_1_34' title="bbox 326 3405 2262 3520; baseline 0.003 -48"><span class='ocrx_word' id='word_1_294' title='bbox 326 3416 382 3472; x_wconf 79' lang='lat'>1⁰</span> <span class='ocrx_word' id='word_1_295' title='bbox 407 3415 463 3472; x_wconf 92' lang='lat' dir='ltr'>Si</span> <span class='ocrx_word' id='word_1_296' title='bbox 490 3432 683 3473; x_wconf 86' lang='lat' dir='ltr'>revera</span> <span class='ocrx_word' id='word_1_297' title='bbox 714 3413 1044 3488; x_wconf 86' lang='lat' dir='ltr'>contigisset</span> <span class='ocrx_word' id='word_1_298' title='bbox 1076 3422 1390 3491; x_wconf 83' lang='lat' dir='ltr'>praetensus</span> <span class='ocrx_word' id='word_1_299' title='bbox 1415 3419 1733 3492; x_wconf 88' lang='lat' dir='ltr'>conflictus,</span> <span class='ocrx_word' id='word_1_300' title='bbox 1769 3427 1900 3480; x_wconf 70' lang='lat' dir='ltr'>euin</span> <span class='ocrx_word' id='word_1_301' title='bbox 1935 3405 2190 3496; x_wconf 51' lang='lat' dir='ltr'>allegaffil</span> <span class='ocrx_word' id='word_1_302' title='bbox 2259 3422 2262 3520; x_wconf 72' lang='lat'>3</span> 
     </span>
     <span class='ocr_line' id='line_1_35' title="bbox 249 3511 2262 3594; baseline 0.003 -27"><span class='ocrx_word' id='word_1_303' title='bbox 249 3530 364 3568; x_wconf 91' lang='lat' dir='ltr'>non</span> <span class='ocrx_word' id='word_1_304' title='bbox 402 3513 690 3572; x_wconf 89' lang='lat' dir='ltr'>omisisset</span> <span class='ocrx_word' id='word_1_305' title='bbox 722 3511 1121 3573; x_wconf 76' lang='lat' dir='ltr'>schismaticus</span> <span class='ocrx_word' id='word_1_306' title='bbox 1161 3515 1439 3590; x_wconf 77' lang='lat' dir='ltr'>Donatus-3</span> <span class='ocrx_word' id='word_1_307' title='bbox 1470 3525 1650 3594; x_wconf 89' lang='lat' dir='ltr'>utque</span> <span class='ocrx_word' id='word_1_308' title='bbox 1671 3539 1836 3578; x_wconf 88' lang='lat' dir='ltr'>suam</span> <span class='ocrx_word' id='word_1_309' title='bbox 1879 3516 2158 3578; x_wconf 64' lang='lat' dir='ltr'>excusaret</span> <span class='ocrx_word' id='word_1_310' title='bbox 2258 3527 2262 3594; x_wconf 90' lang='lat'>3</span> 
     </span>
    </p>
   </div>
   <div class='ocr_carea' id='block_1_6' title="bbox 248 3603 2262 3695">
    <p class='ocr_par' dir='ltr' id='par_1_7' title="bbox 248 3603 2262 3695">
     <span class='ocr_line' id='line_1_36' title="bbox 248 3603 2262 3695; baseline 0.002 -29"><span class='ocrx_word' id='word_1_311' title='bbox 248 3626 379 3684; x_wconf 84' lang='lat' dir='ltr'>erga</span> <span class='ocrx_word' id='word_1_312' title='bbox 400 3613 716 3671; x_wconf 84' lang='lat' dir='ltr'>Romanum</span> <span class='ocrx_word' id='word_1_313' title='bbox 745 3614 1075 3673; x_wconf 89' lang='lat' dir='ltr'>Pontificem</span> <span class='ocrx_word' id='word_1_314' title='bbox 1102 3614 1575 3692; x_wconf 77' lang='lat' dir='ltr'>inobedientiam,</span> <span class='ocrx_word' id='word_1_315' title='bbox 1606 3625 1959 3695; x_wconf 86' lang='lat' dir='ltr'>provocasset</span> <span class='ocrx_word' id='word_1_316' title='bbox 1989 3608 2178 3694; x_wconf 42' lang='lat' dir='ltr'>potis*</span> <span class='ocrx_word' id='word_1_317' title='bbox 2256 3603 2262 3671; x_wconf 73' lang='grc' dir='ltr'>ἒ</span> 
     </span>
    </p>
   </div>
  </div>
 </body>
</html>
