2262 3990
308 131 395 179 588
989 119 1283 167 TRACTATUS
1311 118 1376 164 DE
1394 119 1551 199 *PAPA.

381 240 443 296 V.
465 238 544 294 De
563 239 831 308 praetenso
850 227 1024 284 sancti
1054 225 1312 299 Stephani
1341 225 1503 299 Papae
1526 226 1766 283 decreto:
1783 227 1927 286 Nihil
1950 231 2240 287 innovetur*

305 338 407 392 nisi
432 331 568 405 quod
595 328 864 384 traditum
897 331 996 380 est.
2211 319 2215 324 ’

378 427 632 504 Epistolae
669 423 953 502 synodieae
978 441 1008 480 a
1035 421 1309 498 Cypriano
1355 423 1581 480 directae
1606 428 1730 500 post
1757 424 2071 481 seeundum
2095 407 2243 483 eon-·‘'>

298 526 497 585 cilium
524 523 961 597 Carthaginense
986 521 1046 577 in
1077 539 1248 578 eausa
1290 522 1672 598 baptismatis,
1707 522 2074 599 respondisse
2096 521 2246 600 sup-'³-

299 625 533 702 ponitur
587 628 821 680 sanetus
869 621 1188 696 Stephanus
1223 638 1324 695 per
1370 620 1669 697 epistolam
1722 641 1846 696 quae
1892 641 2006 678 non
2052 622 2245 699 extat‚²

300 725 398 783 sed
421 726 586 801 eujus
614 739 860 796 sequens
887 721 1271 795 fragmentum
1298 720 1508 778 citatur
1534 721 1591 776 in
1618 720 1856 796 epistola
1884 721 2142 800 Cypriani
2159 721 2241 780 ad?

297 823 629 900 Pompeium
659 844 670 877 :
697 822 755 879 St
791 823 908 895 quis
940 839 1061 894 erqo
1102 839 1134 876 α
1170 839 1498 894 quacumque
1535 821 1726 877 haerest
1767 822 1969 876 venerit
2009 822 2079 876 acl
2106 805 2235 890 ηοε,ἵ

293 922 431 978 nihil
462 923 746 977 innovetur
782 919 886 973 uisi
921 917 1061 991 qnod
1088 916 1346 972 traditum
1372 924 1473 987 est,
1510 925 1565 973 ut
1602 935 1788 973 mamis
1818 917 1899 972 illi
1924 903 2242 990 imponatur-³·

296 1021 366 1077 acl
403 1020 799 1094 poenitentiam,
834 1033 951 1072 oum
991 1017 1094 1089 ipsi
1142 1015 1379 1071 haeretici
1413 1018 1635 1088 proprie
1696 1016 2011 1072 alterutrum
2055 1017 2124 1072 od
2170 1035 2224 1074 se

295 1120 565 1176 venientes
602 1135 709 1172 non
745 1117 1040 1188 baptizent,
1086 1115 1181 1170 secl
1224 1116 1606 1170 communicent
1655 1122 1881 1171 temtum.
1932 1114 2055 1171 Haee
2098 1133 2225 1188 ergo

296 1217 442 1275 foret
476 1217 690 1273 famosa
716 1213 928 1270 decisio
977 1211 1248 1286 Stephani
1278 1211 1456 1286 Papae,
1487 1230 1598 1284 qua
1639 1211 1977 1268 sententiam
2002 1212 2224 1286 Episco-

293 1333 499 1391 porum
523 1313 722 1368 Africae
751 1310 1205 1367 condemnasset.
1242 1310 1307 1364 At
1335 1327 1701 1383 nequaquam
1725 1329 1826 1385 pro
1849 1309 2096 1383 genuina
2130 1311 2222 1368 ha-

293 1413 477 1470 benda
505 1417 609 1468 est.
647 1410 896 1479 Etenim,

373 1512 426 1568 10
444 1508 829 1585 Responsoria
849 1507 1114 1583 Stephani
1131 1508 1200 1564 ad
1227 1506 1561 1582 Cyprianum
1581 1507 1836 1582 epistola,
1861 1499 1985 1581 quae
2005 1509 2073 1566 de
2092 1509 2224 1586 bap-

294 1610 465 1667 tismo
507 1609 902 1666 haeretieorum
940 1607 1181 1663 disserat
1215 1613 1269 1663 et
1304 1606 1511 1663 dietam
1541 1607 1884 1664 decisionem
1915 1609 2218 1682 contineat,

294 1708 501 1766 nullibi
529 1708 832 1783 reperitur.
871 1706 1014 1762 Sane
1038 1705 1086 1761 si
1117 1704 1394 1762 extitisset
1413 1705 1471 1761 in
1501 1705 1766 1763 archiviis
1789 1706 2058 1763 Romanis
2086 1714 2222 1764 tem-

295 1823 430 1880 pore
451 1805 672 1860 Damasi
700 1806 878 1879 Papae,
909 1805 1066 1860 illam
1105 1804 1280 1861 eitare
1308 1822 1422 1860 non
1454 1804 1738 1862 omisisset
1775 1812 2005 1863 sanetus
2035 1806 2220 1863 Hiero-

297 1922 503 1980 nymus
534 1904 593 1959 in
626 1922 728 1960 suo
758 1904 903 1960 libro
927 1905 993 1959 cle
1020 1904 1154 1960 Viris
1179 1905 1511 1969 illustribus;
1542 1911 1710 1980 atque
1737 1905 1838 1977 ibi,
1869 1906 2015 1963 inter
2040 1906 2220 1981 capita

296 2004 353 2059 in
383 2003 593 2077 quibus
634 2003 748 2077 agit
799 2003 866 2059 de
903 2002 1163 2058 Cornelio
1203 2021 1267 2059 ae
1312 2004 1606 2080 Cypriane,
1645 2014 1813 2079 eaput
1856 2007 2025 2063 etiam
2063 2006 2221 2063 insti-

296 2101 504 2158 tuisset
545 2101 612 2157 de
646 2100 928 2174 Stephano
960 2118 1022 2155 ae
1058 2100 1126 2156 de
1157 2099 1339 2174 ipsius
1378 2106 1578 2156 eontra
1605 2100 1909 2177 Episcopos
1935 2103 2224 2161 Africanos

295 2199 538 2255 deeretO.
580 2196 798 2252 Fuisset
827 2196 979 2252 enim
1013 2197 1253 2271 epistola
1288 2198 1405 2252 haee
1440 2198 1653 2252 summi
1693 2200 1991 2271 momenti,
2028 2206 2223 2274 utpote

294 2295 614 2371 dogmatica
645 2300 700 2350 et
727 2295 1116 2351 condemnans
1154 2295 1498 2370 Cyprianum
1533 2302 1585 2353 et
1631 2296 2070 2372 Carthaginense
2093 2316 2219 2374 eon-

294 2396 515 2453 cilium.
545 2396 714 2452 Porro
748 2395 817 2452 de
854 2395 949 2451 illa
984 2414 1221 2471 prorsus
1250 2396 1377 2453 silet
1405 2396 1799 2472 Hieronymus.

369 2498 641 2554 Praeterea
676 2496 972 2572 epistolam
999 2496 1158 2553 illam
1178 2514 1413 2572 prorsus
1439 2497 1716 2571 ignoravit
1749 2505 1980 2556 sanetus
2011 2499 2220 2574 Augus·

294 2597 468 2654 tinus.
502 2598 642 2653 Nam
673 2598 741 2654 de
772 2597 1055 2672 baptismo
1094 2596 1493 2654 haeretieorum
1518 2597 1829 2669 disserens,
1875 2599 2124 2655 declarat
2165 2615 2220 2655 se

295 2696 528 2770 quidem
557 2715 725 2754 nosse
752 2697 1062 2770 quamdam
1111 2696 1380 2772 Stephani
1417 2697 1712 2773 epistolam
1738 2720 1750 2762 3
1784 2699 1881 2755 sed
1913 2699 1979 2755 de
2017 2699 2115 2755 illa
2141 2694 2241 2756 sic'

297 2795 497 2852 addit:
541 2796 776 2852 Prorsus
829 2799 896 2852 acl
938 2798 1282 2869 quaestionem
1330 2805 1654 2870 praesentem
1697 2817 1802 2854 non
1854 2802 2092 2871 pertinet
2138 2797 2216 2873 (de

294 2894 587 2968 Baptismo,
642 2893 789 2949 libro
826 2892 925 2963 VI,
978 2887 1103 2968 cap.
1141 2912 1228 2963 xv,
1277 2899 1319 2952 t.
1357 2894 1443 2964 IX,
1493 2914 1550 2970 p.
1592 2895 1724 2967 171,
1771 2895 1906 2952 edit.
1957 2894 2214 2951 Benedic-

293 2994 591 3070 tinorum).
628 2993 933 3051 Confietam
969 3012 1099 3070 ergo
1123 2995 1279 3051 illam
1306 2995 1578 3070 Stephani
1608 2995 1675 3051 ad
1703 2995 2045 3071 Cyprianum
2081 2993 2213 3071 epis-

293 3095 493 3169 tolam,
548 3096 668 3170 jam
724 3094 858 3152 satis
910 3094 1100 3152 innuit
1133 3095 1455 3175 Hieronymi
1525 3096 1843 3168 silentium,
1902 3093 2210 3170 ignorantia

293 3192 619 3267 Augustini.

368 3294 424 3349 2⁰
459 3294 839 3369 Imposturam
871 3293 1120 3369 produnt
1146 3295 1315 3352 verba
1343 3296 1459 3352 haee
1483 3317 1493 3350 ε
1520 3295 1651 3353 Cum
1693 3297 1795 3369 ipsi
1823 3295 2052 3351 haeretici
2077 3292 2144 3348 ad
2157 3306 2210 3346 se

291 3395 556 3450 venientes
590 3411 698 3450 non
726 3395 1014 3467 baptizent.
1059 3394 1382 3451 Verisimile
1429 3414 1543 3452 non
1581 3401 1663 3452 est
1704 3395 2072 3470 Stephanum,
2116 3385 2207 3464 qui

294 3488 551 3548 ducentis
585 3491 876 3549 dumtaxat
910 3492 1076 3550 annis
1113 3499 1238 3568 post
1270 3494 1554 3569 apostolos
1599 3493 1840 3565 vivebat,
1884 3510 2054 3549 usum
2090 3502 2206 3546 esse

294 3597 624 3659 argumento
656 3610 718 3648 ex
757 3593 1159 3651 haeretieorum
1190 3594 1350 3670 praxi
1382 3594 1643 3651 deducto·
1673 3593 1732 3648 Id
1756 3592 1908 3650 enim
1949 3585 2206 3666 apostoli-
