2306 4010
331 190 418 237 522
1011 181 1300 230 TRAGTATUS
1330 178 1396 228 DE
1427 181 1571 232 PAPA.

334 306 396 357 ut
416 315 588 356 unam
619 296 707 352 vel
733 294 872 349 duas
901 291 1158 364 energias
1183 290 1388 364 aliquis
1426 297 1732 367 praesumat
1765 291 1972 352 Christi
1998 294 2091 353 Dei
2109 314 2248 372 prae-

330 398 536 466 dicare,
574 411 715 467 quas
757 408 942 466 neque
970 390 1306 465 evangelicae
1341 392 1429 449 vel
1467 391 1784 468 apostolieae
1813 392 2036 466 litterae,
2070 413 2253 470 neque
2281 403 2285 409 '

328 482 612 570 synodalis
638 489 980 549 examinatio
1006 508 1180 566 super
1211 489 1301 547 his
1328 489 1543 564 habita,
1569 490 1701 550 visae
1724 498 1857 550 sunt
1882 491 2247 563 terminasse;

327 592 438 649 nisi
461 592 736 666 fortassiS,
767 591 916 648 sieut
943 590 1163 667 praefati
1183 609 1408 664 sumuS‚
1428 592 1657 668 quidam
1685 592 1874 666 aliqua
1892 593 2254 651 balbutiendo

325 693 662 763 docuerunt,
693 690 1209 749 condescendentes
1240 691 1309 747 ad
1334 690 1722 750 informandas
1749 698 1969 750 mentes
1987 697 2157 767 atque
2176 691 2255 749 in-

328 791 664 865 telligentias
697 791 1089 868 parvulorum,
1120 809 1245 866 quae
1288 791 1358 848 ad
1387 791 1773 850 ecelesiastica
1809 791 2074 867 dogmata
2102 791 2253 849 trahi
2304 843 2306 845 .

324 908 434 946 non
470 890 736 957 debeant;
774 907 898 964 quae
926 889 1327 964 unusquisque
1361 890 1419 946 in
1439 908 1611 948 sensu
1643 909 1748 948 suo
1783 890 2078 948 abundans
2103 889 2254 948 vide·
2278 902 2306 938 ·:

325 996 421 1046 tur
462 989 776 1046 seeundum
819 989 1106 1066 propriam
1157 991 1498 1047 sententiam
1537 990 1886 1066 explicare...
1917 991 2113 1048 Utrum
2151 1008 2249 1046 au-
2299 1012 2306 1068 j

325 1097 440 1148 tem
473 1096 702 1166 propter
734 1110 902 1165 opera
939 1092 1253 1149 divinitatis
1279 1098 1331 1149 et
1360 1092 1737 1149 humanitatis
1765 1110 1877 1149 una
1909 1110 1978 1148 an
2014 1091 2254 1166 geminae
2304 1098 2306 1100 ’

325 1191 679 1267 operationes
707 1191 948 1249 debeant
984 1192 1248 1249 derivatae
1285 1192 1398 1249 diei
1441 1194 1527 1250 vel
1575 1193 1842 1267 intelligi,
1887 1193 1956 1249 ad
2003 1211 2106 1249 nos
2147 1192 2254 1248 ista

324 1291 612 1368 pertinere
639 1309 753 1347 non
782 1291 1008 1369 debent,
1048 1291 1440 1366 relinquentes
1475 1309 1539 1348 ea
1581 1292 1996 1367 grammaticiS‚
2034 1291 2132 1365 qui
2165 1310 2252 1348 so-

323 1390 442 1446 lent
476 1389 728 1465 parvulis
760 1389 1039 1463 exquisita
1072 1389 1378 1447 derivando
1399 1390 1628 1448 nomina
1656 1391 1949 1449 ventitare.
1976 1413 2002 1445 »
2032 1391 2108 1446 Ex
2131 1389 2257 1447 istis

325 1491 404 1547 sie
436 1498 684 1564 arguunt
718 1490 1026 1548 adversarii
1060 1512 1070 1544 ι
1106 1491 1263 1547 Errat
1295 1491 1393 1565 qui
1427 1492 1587 1548 docet
1622 1510 1734 1549 non
1777 1510 1898 1548 esse
1923 1490 2256 1569 trahendam

324 1591 392 1646 ad
425 1591 627 1664 dogma
667 1590 842 1647 unius
870 1592 977 1647 'aut
1012 1590 1262 1667 duplicis
1291 1591 1351 1647 in
1385 1591 1607 1648 Christo
1652 1590 1996 1667 operationis
2021 1589 2256 1647 locutio-

323 1708 451 1748 nem
483 1713 493 1745 :
528 1690 682 1764 atqui
721 1691 824 1747 hoe
854 1691 1045 1747 (locuit
1074 1690 1355 1747 Honorius
1390 1713 1399 1744 :
1430 1709 1565 1764 ergo
1610 1690 1819 1747 erravit
1851 1690 1998 1746 eirea
2030 1688 2254 1763 dogma.

400 1789 712 1863 Respondeo
744 1811 758 1842 .·
789 1789 1082 1862 Distinguo
1111 1789 1406 1863 majorem.
1453 1790 1612 1846 Errat
1654 1789 1752 1864 qui
1780 1791 1884 1846 hoe
1911 1789 2075 1846 docet
2101 1795 2258 1864 post-

324 1908 495 1963 quam
525 1889 686 1945 dietae
714 1889 1031 1946 locutiones
1065 1889 1389 1946 habuerunt
1430 1907 1659 1947 sensum
1691 1889 1869 1946 fixum
1898 1896 1951 1946 et
1986 1887 2254 1945 determi-
2304 1963 2306 1967 Ι

326 1996 526 2046 natum
551 2009 720 2064 quem
747 1989 825 2045 eis
853 1988 1187 2045 indiderunt
1214 1989 1597 2046 monothelitae
1625 1995 1678 2046 et
1707 1990 1867 2063 juxta
1895 2007 2068 2063 quem
2101 1988 2257 2044 dam-

338 2096 469 2146 nata
509 2095 593 2147 est
628 2089 867 2146 assertio
912 2090 1066 2144 unius
1114 2087 1172 2143 in
1211 2087 1430 2144 Christo
1470 2090 1697 2162 eneryiae
1743 2107 1843 2144 seu
1888 2087 2255 2163 operationiS,
2302 2071 2306 2074 Δ

328 2190 593 2246 concedo.
641 2188 855 2244 Erravit
906 2187 1003 2262 qui
1057 2188 1164 2243 hoe
1218 2186 1429 2255 docuit,
1476 2187 1704 2260 quando
1747 2186 1909 2243 dietae
1941 2186 2255 2243 locutiones

329 2290 516 2346 adhuc
544 2288 824 2362 ambiguae
853 2294 1036 2356 erant,
1066 2286 1336 2360 varioque
1364 2305 1393 2342 a
1428 2285 1599 2342 variis
1620 2304 1792 2343 sensu
1815 2285 2252 2355 adhibebantur,
2291 2347 2293 2352 ¹

329 2396 377 2447 et
407 2389 719 2446 orthodoxo
748 2388 918 2445 etiam
946 2405 1118 2444 sensu
1146 2385 1386 2460 intelligi
1422 2391 1681 2461 poterant
1706 2393 1759 2443 et
1783 2385 1850 2441 de
1876 2385 2023 2442 facto
2052 2403 2082 2441 a
2111 2402 2250 2442 non·
2287 2373 2306 2414 ³⁹

331 2489 509 2546 nullis
546 2487 1040 2562 intelligebantur,
1073 2504 1235 2560 nego.
1284 2486 1478 2560 Itaque
1512 2486 1618 2542 sub
1641 2484 1975 2542 Pontificatu
2000 2483 2248 2550 Honorii‚

331 2590 558 2663 quando
593 2588 843 2664 primum
882 2592 1072 2644 exorta
1113 2591 1197 2642 est
1235 2584 1332 2641 illa
1363 2584 1430 2641 de
1454 2587 1610 2642 unius
1649 2584 1736 2642 vel
1767 2584 1989 2659 duplicis
2014 2588 2254 2658 ἐνεργείας

331 2687 724 2763 (operationis)
758 2685 1164 2756 controversia,
1192 2684 1448 2741 nondum
1475 2683 1730 2758 liquebat
1747 2685 1900 2740 unius
1920 2684 2145 2756 enerqiae
2162 2699 2252 2738 vo-

330 2786 601 2843 cabulum
633 2804 697 2842 eo
724 2803 896 2842 sensu
928 2785 996 2841 ab
1036 2783 1317 2840 haereticis
1358 2782 1602 2856 intelligi
1642 2782 1790 2857 quod
1825 2782 1984 2839 nulla
2018 2787 2165 2839 esset
2192 2780 2250 2836 in

330 2885 548 2943 Christo
598 2885 859 2942 voluntas
908 2885 1182 2954 humana,
1223 2883 1320 2940 sed
1353 2882 1538 2939 solum
1576 2883 1787 2940 divina.
1838 2883 2037 2940 Varius
2073 2881 2253 2938 adhue

330 2994 385 3043 et
418 2985 721 3060 ambiguus
748 2991 884 3052 tune
933 2982 1207 3058 temporis
1252 2988 1367 3039 erat
1400 2982 1639 3056 hujusce
1686 2968 1992 3040 locutionis
2025 2998 2246 3050 sensus.

327 3085 434 3141 Alii
455 3085 662 3161 quippe
683 3064 1017 3142 vocabulum
1044 3083 1197 3140 istud
1216 3089 1434 3156 {vap-<siz
1454 3081 1849 3156 intelligebant
1884 3083 1951 3139 de
1980 3099 2212 3156 persona
2228 3102 2276 3146 ‚·,

329 3205 441 3260 quo
479 3204 651 3243 sensu
696 3183 1007 3241 orthodoxa
1036 3187 1155 3239 erat
1189 3183 1344 3238 unius
1370 3184 1598 3256 enerqiae
1629 3181 1860 3240 loeuti0.
1899 3181 2005 3237 Alii
2029 3198 2157 3237 vero
2182 3178 2248 3235 de

326 3294 526 3342 natura
554 3304 663 3360 quo
690 3283 940 3350 vicissim
967 3300 1139 3339 sensu
1160 3281 1355 3339 eadem
1382 3281 1592 3339 locutio
1611 3281 1838 3338 haeresis
1860 3287 1995 3339 erat.
2015 3281 2247 3337 Notetur

325 3392 511 3442 autem
543 3384 852 3441 Honori-um
890 3402 1002 3439 non
1039 3381 1108 3440 de
1154 3381 1264 3440 alio
1304 3400 1474 3456 quam
1510 3381 1577 3438 de
1618 3382 1743 3452 hoe,
1783 3387 1922 3438 tune
1955 3378 2244 3452 ambigue,-

327 3488 569 3555 ἐνεργείας
613 3482 885 3540 vocabulo
928 3499 1113 3556 agere,
1150 3466 1372 3557 quoties
1399 3481 1456 3536 in
1491 3480 1640 3537 binis
1667 3480 1787 3538 suis
1819 3478 2073 3555 epistolis
2111 3468 2246 3550 sup4

326 3579 678 3650 primendam
728 3581 927 3639 suadet
975 3580 1090 3637 sive
1124 3582 1280 3639 unius
1305 3580 1421 3637 sive
1452 3580 1676 3654 duplicis
1720 3574 2043 3653 operationis
2085 3574 2237 3631 locu-

321 3672 554 3746 tionem,
572 3683 626 3732 et
649 3678 787 3736 dieit
811 3683 1074 3736 neutram
1099 3676 1169 3733 ad
1195 3677 1456 3751 dogmata
1478 3676 1853 3748 ecclesiastica
1873 3692 1996 3732 esse
2017 3673 2238 3732 trahen-
2283 3744 2285 3746 r
