2306 4010
906 192 1033 239 PARS
1065 190 1302 239 SECUNm.
1953 190 2041 238 125

83 345 95 354 .
155 298 288 354 adeo
314 297 606 354 indubitata
632 296 1004 353 catholicorum
1026 299 1142 370 sere
1181 298 1410 354 omnium
1433 297 1719 365 sententia,
1743 301 1805 351 ut
1834 295 2043 352 Bellar-

154 393 362 462 minuS‚
387 393 597 450 Bannez
623 400 676 450 et
694 394 789 450 alii
810 400 1071 451 censeant
1097 412 1215 451 esse
1234 394 1361 451 fidei
1387 393 1722 469 proximam.
1750 393 1900 450 Hane
1918 392 2038 450 Bel-

155 491 380 547 larmini
415 492 746 548 sententiam
779 510 888 548 non
914 510 1113 565 parum
1150 492 1334 548 firmat
1370 491 1608 547 maxima
1634 491 1946 548 authoritas
1967 492 2037 547 85

154 587 663 644 illustrissimorum
690 588 874 644 Galliae
919 586 1346 660 Episcoporum,
1377 587 1575 644 litteris
1602 606 1723 662 quae
1760 587 2039 663 incipiunt

156 683 373 756 Majores
406 702 609 751 causas,
639 682 782 738 datis
804 682 872 737 ad
898 681 1283 736 Innocentium
1309 684 1375 753 X,
1403 691 1467 739 ut
1490 683 1840 740 infallibilem
1865 683 1924 740 in
1951 702 2037 740 re-

155 779 258 834 bus
279 778 405 834 fidei
417 778 686 850 judicem,
701 776 906 848 quihus
917 774 1196 830 Pontificis
1212 776 1443 833 Romani
1462 779 1795 853 primatum,
1808 780 2038 853 ejusque

155 873 323 939 etiam
344 879 495 929 extra
516 871 814 928 concilium
833 870 1289 927 infallibilitatem
1310 879 1617 944 agnoscunt
1638 880 1691 929 et
1711 875 2038 947 praedicant,

154 969 220 1023 ab
244 985 415 1039 eoque
446 971 642 1041 petunt
669 964 1023 1020 infallibilem
1045 964 1114 1019 de
1139 964 1389 1038 quinque
1412 966 1888 1039 propositionibus
1907 970 1934 1024 J
1942 988 2036 1024 an-

159 1066 296 1122 senii
318 1064 716 1121 definitionem.
739 1063 831 1118 His
858 1062 1063 1118 litteris
1092 1062 1548 1136 subscripserunt
1572 1064 1641 1119 85
1667 1082 1888 1137 genere,
1912 1066 2040 1121 doe-

159 1162 302 1217 trina
330 1166 383 1218 et
408 1160 616 1217 virtute
641 1160 910 1215 illustres
931 1159 1118 1214 Galliae
1154 1158 1432 1233 Episcopi.
1465 1159 1672 1223 Quibus
1705 1179 1834 1216 cum
1862 1162 2040 1218 multa

160 1277 350 1315 eorum
378 1258 474 1314 zeli
496 1258 660 1314 laude
687 1257 1098 1313 humanissime
1123 1257 1413 1331 respondit
1439 1257 1792 1314 Innocentius
1813 1259 1873 1328 X,
1895 1278 2041 1315 anno

163 1356 327 1426 1655,
354 1356 415 1412 51
446 1356 576 1411 maii
599 1379 610 1422 ;
644 1355 824 1427 iisque
851 1355 1168 1410 orthodoxae
1190 1355 1316 1410 fidei
1343 1356 1677 1411 sententiam
1699 1357 1766 1411 de
1792 1358 2041 1431 quinque

165 1450 402 1508 Jansenii
426 1449 896 1525 propositionibus
915 1454 1178 1521 tanquam
1200 1448 1475 1504 haereticis
1495 1449 1668 1504 misit.
1699 1450 1898 1519 Quam,
1923 1448 2053 1508 tan-.

170 1565 331 1618 quam
353 1546 702 1602 infallibilem
727 1551 780 1599 et
808 1544 1182 1599 indubitatum
1213 1543 1340 1598 fidei
1364 1544 1666 1601 articulum
1689 1564 1816 1602 cum
1841 1566 2040 1621 magna

168 1659 290 1715 erga
314 1649 559 1698 sanctam
589 1641 782 1696 Sedem
805 1639 1111 1695 Romanam
1140 1641 1488 1696 observantia
1522 1647 1876 1715 acceptarunt
1907 1643 2042 1699 dicti

168 1739 237 1793 85
263 1738 536 1812 Episcopi,
564 1736 764 1792 litteris
806 1754 951 1790 anno
978 1736 1145 1803 1655,
1179 1736 1248 1790 15
1282 1735 1433 1807 julii,
1465 1738 1608 1792 datis
1646 1758 1656 1789 ε
1695 1738 2042 1793 advertentes

166 1834 332 1905 quod,
361 1837 495 1889 sicut
518 1835 660 1899 olim,
701 1833 769 1886 acl
808 1832 1179 1904 Episcoporum
1209 1832 1405 1902 Africae
1428 1833 1758 1904 relationem,
1787 1835 2041 1890 Innocen-

164 1930 263 1982 tius
289 1929 318 1983 I
341 1928 668 2001 pelaqianam
709 1928 948 1982 haeresim
994 1934 1147 1983 extra
1186 1925 1509 1998 concilium,
1546 1930 1835 1998 damnavit,
1873 1934 1947 1986 sic
1974 1931 2043 1986 acl

158 2023 541 2079 Gallicanorum
577 2022 950 2096 Episcoporum
985 2024 1438 2093 consultationem,
1481 2026 1708 2082 haeresim
1750 2028 2042 2101 pelayianae

157 2124 446 2194 oppositam
469 2123 777 2176 auctoritate
801 2140 895 2176 sua
915 2124 1289 2194 proscripserit
1303 2143 1320 2185 ;
1357 2130 1583 2179 secutus
1608 2125 1923 2193 Damasum,
1946 2125 2041 2199 qui

157 2218 556 2292 Apollinarium
597 2225 648 2273 et
687 2218 1088 2286 Macedonium,
1122 2219 1360 2273 necdum
1397 2222 1464 2274 ab
1504 2221 1618 2276 ulla
1657 2223 1864 2295 synodo
1899 2240 2041 2278 oecu-

161 2316 373 2370 menica
417 2315 727 2381 damnatOS,
780 2315 1262 2370 anathematizavit
1297 2338 1324 2367 »
1375 2316 1767 2389 (Compendium
1820 2321 2041 2391 perutile

162 2414 387 2467 universi
412 2431 589 2467 cursus
615 2413 904 2483 theoloqici,
931 2412 992 2467 R.
1019 2413 1074 2465 P.
1111 2413 1157 2466 J.
1182 2412 1416 2479 Platelii,
1446 2430 1475 2467 e
1500 2413 1552 2467 S.
1579 2414 1607 2468 J
1615 2456 1654 2483 .,
1685 2432 1853 2469 sacrae
1887 2416 2039 2470 theo-

160 2510 312 2582 logiae
356 2509 413 2563 in
448 2509 808 2565 universitate
829 2508 1094 2564 Duacensi
1137 2508 1488 2582 professoris.
1529 2509 1717 2580 Duaci,
1757 2511 1923 2578 1685,
1952 2529 2041 2584 pa-

159 2609 280 2681 gina
319 2609 467 2679 180).
489 2608 620 2664 Vide
645 2607 874 2673 ibidem,
899 2625 1022 2680 pag.
1057 2606 1185 2674 182,
1206 2613 1464 2662 testatam
1491 2607 1869 2680 professorum
1895 2609 2039 2664 Dua-

159 2705 337 2761 censis
363 2704 738 2761 universitatis
765 2703 1094 2759 doctrinam.

232 2802 552 2857 Docmmvruu
577 2801 660 2855 Ill.
690 2832 760 2840 --
781 2799 946 2854 Breve
985 2799 1264 2856 Clementis
1291 2799 1339 2855 X
1367 2802 1436 2855 ad
1471 2800 1516 2856 F
1517 2801 1796 2857 acultatem
1839 2804 2037 2859 theolo-

164 2902 327 2972 9icam
355 2899 686 2954 Duacensem.
714 2929 783 2937 —
837 2896 1009 2969 Hujus
1032 2884 1327 2951 Facultatis
1346 2897 1594 2953 doctores
1620 2904 1672 2953 et
1703 2899 2040 2972 professores

166 2997 350 3053 laudat
404 2997 645 3052 Pontifex
705 2995 847 3067 quod
905 2997 1151 3050 eximium
1208 2997 1513 3051 orthodoxae
1550 2997 1794 3051 doctrinae
1841 2997 2041 3051 tuendae

167 3092 391 3147 studium
436 3094 570 3146 omni
613 3100 841 3164 tempore
889 3089 1251 3146 ostenderint.
1306 3092 1589 3164 integrum
1638 3091 1801 3146 Breve
1849 3091 2038 3148 datum

164 3186 238 3241 ’15
279 3185 538 3242 februarii
581 3187 720 3242 1721
759 3185 1000 3259 reperies
1040 3185 1094 3240 in
1127 3185 1449 3242 collectione
1480 3188 1648 3242 Revue
1685 3187 1775 3240 des
1807 3189 2036 3243 sciences

169 3282 596 3354 ecclesiastiques,
633 3290 780 3338 tomo
808 3281 898 3350 ΙΙΙ,
926 3281 1063 3336 avril
1098 3281 1267 3348 1861,
1299 3281 1498 3354 pagina
1532 3282 1661 3336 565.

240 3378 565 3435 DocmmNrtm
591 3379 672 3435 lv.
690 3378 1009 3451 —Epistola
1036 3378 1262 3433 doctoris
1288 3378 1495 3434 Callens
1523 3378 1591 3431 ad
1618 3376 1662 3432 F
1663 3379 1879 3434 landriae
1895 3399 2038 3454 prae-

165 3476 410 3546 positum.
429 3510 495 3517 —
522 3478 604 3531 «A
625 3477 693 3530 M.
716 3475 1045 3529 l'intendant
1062 3474 1129 3528 de
1149 3472 1398 3528 Flandre.
1417 3507 1486 3515 —
1503 3472 1671 3530 Douai
1692 3475 1720 3530 7
1745 3478 2043 3534 novembre

171 3570 335 3628 1764.
357 3572 650 3628 Monsieur.
664 3602 733 3610 —
750 3569 1045 3623 Permettez
1065 3584 1170 3639 que
1183 3566 1461 3640 j’implore
1489 3566 1783 3627 l'honneur
1808 3571 1873 3629 de
1889 3578 2043 3629 votre
