2306 4010
347 157 439 206 504
1022 146 1318 205 TRACTATUS
1350 144 1415 192 DE
1445 145 1591 194 ΡΑΡΑ.

347 263 654 340 praedicare
673 258 899 332 propria
927 262 1230 328 operantes,
1265 253 1331 311 Et
1368 254 1475 311 hoc
1509 252 1739 328 quidem
1777 254 2110 315 beatissimae
2152 259 2263 317 fra-

343 358 598 420 ternitati
640 361 837 412 vestrae
878 353 1293 410 insinuandum
1335 353 1724 430 praevidimus,
1773 361 2049 428 quatenus
2087 357 2260 416 unius
2290 400 2306 437 ,Ξ

345 453 715 516 confessionis
737 451 1096 529 propositum
1125 451 1489 509 unanimitati
1514 456 1714 510 vestrae
1743 453 2055 511 sanctitatis
2077 446 2263 514 mons·

343 563 584 620 tremus;
613 558 677 611 ut
709 552 961 629 profecto
999 550 1060 609 in
1086 570 1201 610 uno
1235 545 1441 630 spiritu
1474 552 1826 624 anhelanteS,
1855 553 1976 629 pari
2004 553 2133 612 fidei
2166 556 2262 614 do-
2300 543 2306 573 '³

341 660 607 712 cumento
657 638 1069 729 conspiremus
1119 652 1438 711 Scribentes
1488 652 1658 711 etiam
1712 653 2112 712 communibus
2157 655 2264 715 fra-

346 751 527 809 tribus
558 750 692 831 Cyro
726 757 779 809 et
805 751 1115 828 Sophronio
1152 751 1531 824 antistitibus,
1571 770 1641 810 ne
1670 771 1827 810 novae
1861 753 2035 825 vocis,
2073 753 2129 810 id
2161 762 2262 829 est,
2293 752 2306 828 ᾖ

343 851 513 910 unius
550 853 636 910 vel
675 852 915 928 geminae
958 852 1304 928 operationis
1333 853 1608 910 vocabulo
1646 853 1912 912 insistere
1946 855 2032 912 vel
2066 854 2264 912 immo-
2279 847 2306 947 ξ

340 952 454 1009 rari
491 952 838 1010 videantur:
880 952 977 1010 sed
1020 952 1216 1010 abrasa
1262 952 1593 1028 hujusmodi
1642 972 1795 1011 novae
1827 953 1977 1011 vocis
2020 954 2306 1030 appella-a

339 1052 514 1124 tione,
558 1072 738 1110 unum
782 1052 1067 1109 Christum
1101 1052 1405 1110 Dominum
1446 1052 1742 1110 nobiscum
1776 1053 1834 1109 in
1876 1052 2138 1127 utrisque
2174 1020 2306 1139 ria-l¹

340 1153 484 1210 turis
530 1152 717 1210 divina
755 1153 841 1210 vel
891 1154 1141 1210 humana
1182 1153 1487 1229 praedicent
1535 1159 1884 1230 operantem.
1931 1154 2262 1230 Quanquam
2296 1156 2306 1199 ’ἶ

337 1254 461 1323 hos,
507 1271 651 1328 quos
689 1254 758 1309 ad
797 1271 902 1310 nos
937 1253 1242 1329 praedictus
1274 1253 1447 1310 frater
1474 1260 1526 1311 et
1553 1254 1921 1331 coepiscopus
1953 1260 2147 1312 noster
2171 1255 2261 1312 So·
2295 1273 2306 1334 j

334 1352 611 1426 phronius
645 1351 822 1422 misit,
861 1351 1265 1422 instruximus,
1298 1371 1367 1409 ne
1397 1353 1641 1410 duarum
1682 1355 2071 1429 operationum
2100 1373 2260 1411 voca-

335 1451 537 1508 bulum
558 1451 820 1528 deinceps
844 1452 1152 1528 praedicare
1181 1451 1480 1519 innitatur3
1513 1453 1664 1528 quod
1697 1452 2108 1511 instantissime
2137 1473 2289 1530 pro-5

335 1551 617 1608 miserunt
658 1550 992 1627 praedictum
1035 1551 1222 1608 virum
1266 1569 1388 1608 esse
1427 1551 1733 1618 facturu1n;
1788 1552 1835 1608 si
1878 1552 2047 1609 etiam
2091 1553 2282 1629 Cyrus

336 1654 511 1709 frater
550 1658 603 1708 et
650 1650 1017 1728 coepiscopus
1067 1658 1264 1710 noster
1289 1653 1357 1709 ab
1398 1651 1570 1709 unius
1614 1652 1958 1729 operationis
1992 1653 2283 1711 vocabulo

334 1749 677 1807 discesserit.
710 1772 738 1804 »

408 1848 953 1905 DochssNTnn11v.--
996 1850 1253 1924 Apolozst'a
1286 1869 1385 1925 pro
1422 1850 1657 1907 Honorio
1697 1850 1872 1925 Papa,
1913 1850 1982 1906 acl
2028 1851 2254 1924 impera-

334 1957 501 2005 torem
545 1949 952 2006 Constantinum
991 1949 1155 2003 missa
1196 1966 1227 2003 a
1265 1948 1478 2004 Joamw
1513 1948 1664 2022 Papa
1700 1948 1793 2017 IV,
1835 1966 1971 2004 armo
2019 1948 2148 2004 (341.
2182 1980 2256 1990 -—-

330 2048 575 2105 liabetur
603 2047 752 2124 apud
778 2047 961 2104 Labbe
988 2047 1161 2122 (tomo
1187 2047 1248 2120 V,
1281 2046 1388 2103 col.
1419 2047 1590 2118 1758,
1610 2047 1745 2103 edit.
1777 2046 2024 2118 Parisiis,
2059 2047 2250 2122 1671).

327 2149 458 2223 Ejus
486 2148 788 2226 analysim,
817 2165 947 2203 cum
976 2146 1277 2222 praecipuis
1299 2146 1367 2203 ad
1389 2163 1511 2202 rem
1527 2145 1868 2203 facientibus
1890 2146 2098 2217 verbis,
2128 2163 2268 2210 exar

328 2269 542 2308 ramus,

404 2350 457 2407 l.
488 2348 771 2425 Apologiae
808 2347 1117 2404 scribenda>
1149 2366 1379 2429 causam
1409 2347 1488 2404 sic
1530 2347 1775 2404 declarat
1801 2348 2040 2405 Joannes
2063 2348 2205 2425 Papa
2235 2368 2246 2404 :
2274 2391 2276 2394 v

330 2473 354 2502 «
394 2450 679 2515 Quantum
719 2447 873 2505 enim
915 2466 982 2505 ex
1028 2447 1267 2505 diversis
1315 2447 1794 2522 suggestionibus,
1850 2466 1974 2522 quae
2031 2449 2100 2504 ad
2152 2431 2281 2505 nos

321 2549 649 2606 catervatim
684 2553 984 2618 venerunt,
1016 2547 1275 2622 quinimo
1302 2554 1355 2604 et
1385 2566 1450 2605 ex
1487 2547 1609 2624 ipso
1641 2566 1867 2623 quoque
1890 2548 2090 2606 auditu
2111 2547 2275 2604 didi-s
2305 2541 2306 2545 ’

322 2647 527 2716 cimuS,
574 2666 772 2704 omnes
815 2646 1197 2704 Occidentales
1251 2653 1440 2721 partes
1486 2646 1869 2703 scandalizatae
1919 2647 2260 2719 turbantur,
2288 2710 2297 2730 ,ᾖ

322 2747 494 2803 fratre
535 2753 726 2803 nostro
766 2747 976 2825 Pyrrho
1018 2745 1345 2802 Patriareha
1378 2764 1478 2821 per
1514 2745 1733 2803 litteras
1766 2765 1897 2803 suas
1939 2746 2050 2803 huc
2084 2751 2297 2822 atque->¹⁴

325 2847 461 2903 illuc
492 2846 858 2917 transmissas
886 2844 1313 2918 nova'quaedam
1342 2851 1396 2901 et
1424 2852 1627 2920 praeter
1660 2847 1915 2921 regulam
1943 2847 2072 2904 fidei
2110 2837 2277 2922 praa-s¹

324 2948 567 3018 dicante,
636 2954 689 3005 et
734 2947 802 3003 ad
844 2945 1139 3022 proprium
1197 2963 1426 3002 sensum
1479 2947 1646 3020 quasi
1700 2954 1908 3005 sanctae
1963 2942 2302 3037 memoriaetf'

324 3047 634 3105 Honorium
668 3047 874 3122 Papam
901 3045 1252 3101 decessorem
1279 3052 1543 3102 nostrum
1592 3046 1878 3104 attrahere
1913 3047 2235 3116 festinante,
2264 3094 2270 3109 ,
2297 3108 2304 3116 ,

323 3149 473 3222 quod
501 3167 531 3205 a
559 3154 748 3205 mente
788 3145 1051 3204 catholici
1087 3145 1266 3220 patris
1305 3154 1422 3202 erat
1450 3149 1665 3220 penitus
1701 3147 1951 3203 alienum.
1987 3169 2014 3201 ›>
2255 3178 2279 3207 ·,=

396 3251 452 3306 2.
482 3250 675 3307 Postea
715 3247 887 3305 refert
934 3246 1218 3320 quomodo
1242 3246 1467 3321 Sergius
1494 3246 1564 3304 ad
1596 3247 1900 3304 Honorium
1930 3244 2238 3324 scripserit,

323 3349 390 3405 ab
419 3349 704 3423 aliquibus
729 3347 1039 3406 existimari
1068 3346 1127 3402 in
1159 3345 1379 3404 Christo
1402 3347 1547 3404 duas
1564 3349 1865 3424 ‘contrarias
1892 3347 2231 3411 voluntates;

323 3450 377 3499 et
403 3446 687 3518 quomodo
707 3444 986 3506 Honorius
1011 3443 1387 3520 responderit,
1419 3444 1572 3519 quod
1601 3443 1964 3502 verissimum
1991 3449 2097 3515 est,
2127 3457 2237 3498 non

329 3541 523 3599 adesse
565 3543 625 3600 in
661 3544 882 3602 Christo
925 3544 1067 3601 duas
1107 3543 1236 3600 illas
1277 3543 1423 3600 inter
1458 3562 1518 3601 se
1557 3548 1874 3620 pugnantes
1906 3541 2234 3605 voluntateS‚

330 3658 470 3714 quas
496 3659 758 3702 vocamus
779 3647 997 3720 spiritus
1026 3649 1079 3702 et
1106 3645 1280 3701 carreis
1305 3664 1320 3698 :
1354 3665 1380 3697 «
1418 3643 1595 3718 Igitur
1623 3648 1687 3700 ut
1719 3648 1901 3700 vestra
1927 3637 2236 3714 benignitas
