2262 3990
746 247 749 250 -
840 210 968 260 PARS
994 209 1196 259 mam.
1862 203 1949 250 599

89 320 293 376 scilicet
330 318 489 376 istam
524 314 1030 390 interrogationem,
1072 313 1139 370 ab
1176 313 1507 388 imperatore
1539 310 1595 366 in
1623 298 1949 386 actionc'oc·

87 423 209 475 tava
243 418 464 487 factam,
485 413 663 489 quoad
686 412 827 469 duas
853 395 1155 469 decretales
1173 428 1202 468 a
1220 414 1411 468 sancto
1429 407 1707 482 Agathone
1725 405 1947 477 missas,

88 516 292 589 quibus
359 513 585 588 impiam
647 511 1119 569 Monothelita‘rum
1175 507 1484 566 doctrinam
1536 505 1893 563 damnaverat
1933 523 1947 558 t

91 636 115 666 α
134 612 319 669 Edicat
335 611 596 684 Georgius
619 609 1004 667 sanctissimus
1030 606 1511 682 ArcliicpiscopuS.
1527 648 1537 659 .
1552 646 1589 674 .,
1609 607 1661 659 et
1685 600 1952 660 Macarius

29 777 34 782 ‚
84 709 412 767 venerabilis
442 707 892 782 Archiepiscopus
923 705 1245 772 Antiochiae,
1274 710 1325 760 et
1366 703 1445 760 eis
1471 702 1760 777 subjacens
1789 717 1953 776 syno-

86 806 210 877 dus,
236 809 280 862 si
303 809 538 864 convenit
563 808 637 862 eis
658 821 839 860 sensus
859 805 1243 876 suqyestionnm
1265 803 1582 857 directarum
1608 802 1668 857 ab
1685 800 1952 874 Ayathone

83 905 408 959 sanctissimo
434 902 581 976 Papa
603 901 778 958 Romae
799 908 848 956 et
870 901 978 972 ejus
1001 898 1199 971 synodo
1223 918 1248 949 »
1276 898 1498 970 (Labhe,
1522 903 1561 954 t.
1585 898 1671 967 Vl,
1695 897 1799 952 col.
1821 894 1951 968 729,

83 1000 215 1057 edit.
241 999 462 1055 Parisiis
497 999 679 1070 ¹671).
723 995 902 1054 Sancti
941 994 1240 1068 Agathonis
1269 993 1574 1049 definitioni
1598 993 1951 1049 adhaeserunt

82 1096 265 1152 Patres
293 1111 506 1161 omneS,
528 1093 767 1167 exceptis
799 1092 1010 1166 pauciS,
1033 1091 1128 1163 qui
1157 1108 1185 1146 a
1210 1087 1416 1164 synodo
1439 1088 1790 1144 condemnati
1819 1093 1948 1170 sunt

81 1199 132 1251 et
159 1191 413 1266 depositi.
455 1191 637 1263 Aliqui
678 1197 861 1246 autem
908 1189 1086 1246 citatae
1113 1187 1531 1260 interrogationi
1565 1185 1950 1261 respondendo

81 1290 356 1359 dixerunt,
392 1307 451 1346 sc
488 1289 790 1344 contulisse
814 1287 1111 1360 Agathonis
1139 1286 1435 1343 decretales
1461 1303 1587 1341 cum
1620 1290 1943 1340 sanctorum

82 1388 301 1444 Patrum
336 1386 603 1457 doctrina,
640 1394 690 1443 et
729 1391 1099 1442 consonantes
1135 1385 1406 1458 reperisse
1449 1384 1665 1457 (Labbe,
1708 1383 1826 1440 loco
1873 1383 1947 1437 ri·

85 1487 235 1558 tato).
1177 1537 1193 1556 ,
1439 1537 1443 1540 .

151 1583 271 1639 Jam
294 1600 419 1644 vcro
449 1582 583 1656 quid
626 1582 756 1639 inde
788 1582 1116 1639 concludere
1150 1586 1385 1657 possunt
1410 1579 1951 1655 adversarii‘2Libere

77 1679 443 1737 examinatam
471 1680 639 1737 fuisse
659 1679 954 1752 Agathonis
985 1678 1381 1747 de'initionezm
1411 1677 1586 1733 libere
1610 1677 1939 1744 discussam,

78 1775 249 1832 libere
311 1794 438 1832 cum
486 1776 735 1832 doctrina
778 1782 1096 1832 sanctorum
1140 1776 1360 1831 Patrum
1406 1781 1457 1829 et
1507 1774 1941 1848 praecedentium

75 1872 407 1946 synodorum
437 1873 731 1928 collatam?
757 1872 861 1928 lloc
894 1871 1059 1946 plane
1096 1870 1475 1927 concedimus.
1515 1870 1575 1924 In
1600 1870 1750 1926 hunc
1774 1871 1938 1928 finem

73 1967 343 2042 synodum
389 1969 542 2024 illam
585 1969 848 2024 celebrari
900 1973 1283 2042 procuraverat
1326 1967 1630 2042 imperator
1673 1968 1940 2025 Constan-

71 2065 218 2123 tinus
251 2069 330 2136 (ut
362 2067 554 2139 probat
582 2067 698 2139 ejus
723 2065 972 2139 epistola,
1005 2065 1166 2122 initio
1197 2070 1446 2122 actorum
1474 2067 1670 2140 posita)
1700 2074 1760 2123 ut
1785 2066 1935 2124 fleret

69 2161 338 2235 ejusmodi
376 2180 626 2233 examen,
661 2163 931 2235 ejusmodi
979 2163 1152 2218 libera
1187 2162 1532 2236 disceptatiO,
1584 2181 1815 2237 sperans
1864 2165 1942 2220 sic

67 2267 309 2316 errantes
326 2261 514 2316 reduci
538 2246 715 2334 posse.
743 2260 980 2316 Concilio
1001 2278 1111 2316 non
1139 2260 1474 2332 denegamus
1505 2262 1683 2335 quoad
1710 2262 1940 2336 praevias

69 2356 299 2412 Romani
344 2356 616 2412 Pontiticis
662 2356 1007 2413 definitiones
1049 2358 1339 2412 libertatem
1383 2361 1659 2425 eaeaminis;
1698 2359 1764 2414 ad
1795 2360 1940 2414 hunc

71 2453 234 2509 tinem
261 2453 502 2509 instituti
529 2459 586 2512 ut
620 2454 924 2511 renitentes
948 2455 1152 2510 erroris
1181 2456 1598 2513 convincantur.
1621 2458 1683 2512 At
1709 2476 1939 2532 prorsus

69 2567 330 2623 negamus
365 2551 652 2607 libertatem
693 2554 945 2607 examinis
971 2570 1084 2607 cum
1124 2554 1355 2609 libertate
1382 2556 1739 2611 dissentiendi.
1789 2557 1939 2611 Libe-

70 2665 193 2703 rum
226 2648 455 2703 concilio
505 2650 844 2719 examinare,
883 2649 1123 2712 liberum
1170 2649 1450 2708 discutere
1482 2653 1636 2727 Papae
1667 2653 1936 2711 delinitio-

71 2760 218 2814 nem,
243 2761 351 2799 non
379 2746 534 2818 quasi
566 2747 720 2802 dubia
753 2747 887 2803 foret
914 2753 1008 2803 aut
1038 2751 1255 2820 incerta,
1282 2749 1375 2804 sed
1405 2756 1461 2806 ut
1484 2751 1621 2806 devii
1651 2754 1718 2808 ab
1750 2770 1935 2809 errore

71 2838 419 2895 reducantur.
449 2842 698 2898 Liberum
735 2852 916 2901 autem
954 2844 1273 2916 dissentire,
1303 2865 1613 2920 nunqnam.
1645 2850 1777 2905 Cum
1805 2867 1934 2923 ergo

73 2932 287 3004 allegati
313 2936 528 2991 concilii
555 2939 736 2993 Patres
761 2940 867 2995 sibi
898 2943 1234 2997 dissentiendi
1255 2944 1541 2998 libertatem
1565 2945 1849 3013 tribuisse,
1870 2962 1937 2999 ne

74 3030 150 3084 vcl
181 3031 410 3087 minimo
439 3034 602 3089 etiam
631 3034 831 3092 indicio
859 3039 1079 3110 probari
1118 3040 1314 3113 possit,
1352 3059 1643 3115 perperam
1683 3042 1820 3097 illud
1846 3044 1936 3098 ad·

73 3125 278 3194 ‹lupunt
309 3128 602 3183 adversarii
627 3129 680 3184 in
705 3132 921 3186 erronei
946 3133 1032 3187 sui
1065 3137 1380 3207 systematis
1404 3138 1794 3209 patrocinium.

142 3223 222 3279 lv,
253 3225 486 3296 Synodus
516 3226 773 3298 Ephesiae
796 3230 1043 3300 secunda,
1073 3248 1138 3285 ex
1163 3236 1481 3290 oecumenicis
1508 3239 1752 3307 septima.
1777 3271 1835 3278 --
1858 3237 1931 3294 Ex

74 3317 393 3392 illasynodo
418 3320 612 3392 allegat
633 3321 859 3377 Bossuet
885 3323 1175 3397 (Defensio,
1199 3331 1399 3399 praevia
1419 3331 1738 3403 dissertatiO,
1768 3332 1934 3390 Gallia

71 3416 379 3488 orthodoxa,
404 3437 459 3472 n.
488 3420 580 3490 62)
606 3421 764 3475 verba
792 3421 906 3476 liaec
926 3423 1246 3495 Legatorum
1274 3425 1532 3482 Hadriani
1561 3428 1714 3503 Papae
1744 3450 1755 3483 z
1781 3431 1934 3488 Dicat

70 3514 213 3567 nobis
235 3517 589 3570 sanctissimus
612 3517 922 3578 Patriarcha
954 3519 1195 3575 Taras-ius
1220 3525 1370 3594 reyiae
1399 3526 1641 3598 civitatis,
1663 3530 1932 3585 siconsen-

73 3612 164 3665 tint
197 3613 383 3667 tinctis
419 3617 730 3671 sanctissimi
758 3617 920 3689 Papae
959 3621 1175 3675 scitioris
1202 3620 1381 3677 Roma:
1405 3623 1676 3697 Hadriani,
1709 3645 1778 3683 an
1807 3647 1932 3684 uon.
