2262 3990
870 147 994 195 rins
1023 145 1223 193 ream.
1619 120 1636 138 ·
1898 132 1987 179 647

113 279 177 320 ex
196 260 470 336 capitibus
488 257 694 316 absona
714 254 1005 331 probatur,
1036 250 1240 309 erroris
1269 249 1500 322 insuper
1519 239 1866 300 convincitur
1889 253 1990 312 per

113 362 460 414 constantem
500 355 723 411 Patrum
770 349 1101 408 doctrinam.
1141 347 1420 419 Frequens
1470 354 1670 412 nempe
1724 333 1783 391 in
1817 328 1989 388 tradi-

114 452 281 508 tionis
307 449 688 507 monumentis
718 448 868 505 istud
895 444 1237 522 principium
1266 462 1278 495 :
1308 441 1514 515 Papam
1539 453 1649 492 non
1681 428 1924 507 judicari
1957 446 1989 484 a

114 567 416 623 quoquam,
448 548 680 621 ejusque
701 545 941 603 crimina
965 542 1139 600 solius
1161 539 1252 598 Dei
1277 538 1492 614 judicio
1522 529 1817 592 reservari.
1843 526 1990 585 Dice·

114 645 207 700 bat
233 643 543 699 Hadrianus
567 643 709 717 Papa
733 642 776 698 11
799 663 811 696 :
842 642 1131 697 Romanum
1157 638 1464 709 Pontificem
1485 635 1550 691 de
1566 632 1793 688 omnium
1819 624 1994 684 Eccle-

110 744 308 797 siarum
343 742 679 813 Pontificibus
717 740 980 812 judicasse
1015 738 1269 808 leyimus5
1314 735 1379 789 de
1427 750 1488 789 eo
1526 748 1644 787 vero
1687 740 1992 800 quemquam

102 821 366 893 indicasse
401 855 506 894 non
546 838 779 909 legimus.
815 834 944 897 Quae
971 833 1139 888 verba
1167 830 1339 902 gestis
1377 828 1553 886 octavi
1582 825 1802 883 concilii
1842 839 1993 886 oecuff

114 936 335 1006 menici,
379 935 595 991 actione
633 933 867 997 decima,
907 931 1134 986 fuerunt
1159 928 1367 983 inserta
1395 926 1765 1000 (Consiliorum
1803 921 1991 986 Colca,

112 1038 153 1087 t.
186 1033 248 1102 X,
289 1032 394 1088 col.
442 1031 595 1102 597).
633 1030 699 1085 Et
744 1028 863 1103 ipsa
912 1026 1255 1084 oecumenica
1299 1023 1541 1101 synodus
1588 1027 1774 1076 octava
1829 1020 1995 1091 impu—

111 1129 235 1183 dens
275 1133 603 1184 attentatum
650 1127 766 1183 sore
805 1125 1126 1193 declaravit,
1166 1123 1212 1179 si
1253 1119 1508 1195 generale
1543 1117 1843 1175 concilium
1877 1131 1999 1171 sen·

111 1226 341 1282 tentiam
379 1234 570 1282 contra
602 1226 914 1280 Romanum
943 1221 1259 1278 Pontificem
1287 1218 1674 1294 pronuntiaret
1706 1238 1716 1269 :
1750 1213 1856 1268 «Si
1890 1229 1996 1283 qua

114 1340 238 1377 vero
284 1323 619 1378 oecumenica
662 1322 870 1397 synodo
903 1321 1150 1388 collecta,
1185 1319 1252 1375 (10
1278 1318 1524 1374 Romana
1553 1314 1721 1370 etiam
1757 1307 1996 1366 Ecclesia

115 1420 481 1474 controversia
519 1420 781 1489 extiterit,
808 1418 999 1474 licebit
1026 1435 1150 1473 cum
1183 1415 1397 1471 decenti
1432 1411 1739 1469 reverentia
1773 1408 1839 1464 de
1866 1424 1992 1481 pro-

114 1515 290 1587 posita
326 1517 626 1588 quaestionc
666 1522 990 1572 veneranter
1015 1513 1387 1589 percunctari,
1424 1523 1863 1584 responsumque
1901 1503 1995 1558 ad-

114 1610 354 1679 mittere,
397 1619 451 1667 et
492 1612 605 1668 sive
642 1612 821 1684 juvari
869 1612 982 1668 sive
1018 1612 1231 1684 juvare3
1277 1627 1388 1664 non
1432 1614 1618 1663 tamen
1670 1603 1998 1676 impudenter

115 1717 293 1763 contra
321 1712 543 1764 senioris
573 1711 752 1765 Romae
778 1710 1058 1780 Pontifices
1079 1711 1391 1772 sententiam
1412 1707 1585 1760 dicere
1610 1724 1637 1755 »
1673 1698 1993 1767 (concilium

112 1806 515 1860 oeciimenicum
563 1811 838 1875 octavum,
887 1806 1101 1860 actione
1150 1803 1383 1871 decima,
1426 1816 1638 1857 canone
1687 1798 1805 1867 55).
1857 1795 1992 1849 Nota

110 1899 342 1955 Ennodii
379 1903 674 1970 sententia,
711 1902 768 1956 in
811 1901 1059 1974 apologia
1092 1899 1404 1974 Symmachi
1440 1898 1615 1970 Papae,
1655 1911 1823 1966 quam
1859 1891 1997 1946 actis

110 1998 225 2052 suis
279 1998 535 2055 insertam
595 1999 767 2054 voluit
822 2000 1066 2054 Romana
1116 1998 1361 2072 synodus
1404 2017 1416 2050 ε
1458 1996 1690 2051 Aliorum
1730 1995 1871 2063 sorte
1900 1993 1986 2046 ho-

110 2096 323 2164 minum,
370 2096 571 2167 inquit,
615 2115 798 2151 causas
834 2098 974 2152 Deus
1018 2097 1235 2151 voluerit
1277 2114 1375 2167 per
1418 2095 1646 2148 homines
1687 2093 1990 2152 terminare,-

111 2191 245 2243 seclis
286 2194 434 2245 istius
476 2195 752 2263 praesulem
788 2211 882 2246 suo
925 2195 1036 2247 sine
1079 2194 1365 2263 quaestione
1407 2191 1699 2244 reservavit
1752 2188 1990 2241 arbitr-50.

111 2284 243 2338 Item
280 2283 333 2338 S.
365 2286 470 2357 lvo,
503 2287 852 2342 Carnotensis
897 2287 1223 2360 Episcopus,
1260 2286 1326 2340 de
1351 2283 1612 2340 Romanis
1637 2281 1994 2336 Pontificibus

114 2379 382 2451 loquens:
422 2381 528 2437 Nec
567 2390 745 2437 nostro
784 2400 877 2438 nec
916 2383 1073 2437 ullius
1105 2384 1363 2436 homi-num
1402 2381 1693 2452 probantur
1731 2378 1997 2448 subjacere

101 2477 315 2546 judicio.
348 2478 494 2533 Idem
524 2498 623 2552 pro
663 2480 987 2535 inconcusso
1020 2480 1255 2535 habebat
1279 2478 1565 2552 Philippus
1591 2477 1686 2531 ille
1730 2475 1824 2548 qui
1864 2493 1991 2531 cum

110 2570 303 2627 Ottone
333 2572 399 2627 dc
435 2574 671 2648 imperio
708 2576 1046 2632 decertabat.
1083 2575 1368 2648 Siquidem
1405 2574 1474 2630 ad
1507 2573 1896 2628 Innocentium
1931 2571 1995 2626 ΙΙΙ

27 2724 31 2730 ,
110 2669 355 2726 scribens
388 2693 398 2724 :
432 2672 505 2726 Ab
549 2674 772 2738 homine,
816 2674 1019 2746 inquit,
1060 2692 1163 2728 non
1198 2677 1324 2728 estis
1350 2672 1688 2743 judicandus,
1731 2672 1822 2725 secl
1853 2670 1996 2742 jucli-

110 2768 241 2821 cium
282 2779 510 2825 vestrum
550 2772 650 2826 soli
683 2772 793 2827 Deo
833 2781 1128 2827 reservatur
1177 2771 1345 2846 (apud
1389 2770 1752 2847 Raynalduni,
1792 2767 1858 2823 ad
1903 2785 1998 2822 an—

114 2879 249 2917 num
291 2865 481 2933 1206).
529 2867 647 2922 Jam
693 2869 890 2925 saeculo
937 2870 1130 2943 quinto
1173 2869 1388 2924 dixerat
1428 2868 1483 2922 S.
1534 2867 1782 2922 Gelasius
1832 2865 1996 2938 Papa,

116 2959 300 3015 Sedem
334 2963 668 3033 apostolicam
693 2967 757 3020 de
784 2974 891 3022 tota
928 2967 1162 3021 Ecclesia
1188 2968 1450 3037 judicare,
1492 2966 1654 3037 ipsam
1697 2964 1764 3017 ad
1801 2962 1999 3016 nullius

113 3073 402 3110 commeare
434 3058 685 3128 judicium
723 3060 946 3132 (Lahbc,
994 3067 1036 3114 t.
1078 3061 1160 3130 lV,
1204 3060 1310 3115 col.
1357 3058 1527 3127 1168,
1574 3059 1708 3113 edit.
1751 3057 1996 3129 ParisiiS,

117 3151 307 3221 1671).
351 3151 412 3207 Et
456 3153 675 3209 tandem
719 3162 847 3211 ante
879 3156 1168 3211 funestum
1201 3155 1341 3211 illud
1369 3154 1634 3224 schisma,
1670 3154 1872 3210 saeculo
1909 3154 2006 3210 de·-

115 3247 260 3303 cimo
280 3254 474 3320 quarto
505 3257 757 3307 exortum
791 3260 845 3308 et
878 3253 935 3307 in
962 3253 1370 3309 Constantiensi
1397 3252 1636 3322 concilio
1665 3252 1995 3324 extinctum,

116 3344 227 3398 vim
268 3345 556 3402 axiomatis
597 3349 835 3404 habebat
867 3349 1082 3405 dictum
1111 3349 1260 3405 istud
1290 3371 1302 3403 ε
1339 3349 1524 3404 Prima
1547 3349 1699 3403 sedes
1727 3367 1831 3404 non
1854 3349 1998 3422 judi-

117 3450 266 3496 catur
301 3461 333 3497 a
368 3462 644 3517 quoquam.
682 3446 855 3517 Igitur
894 3464 925 3501 a
957 3447 1168 3503 Christo
1198 3446 1541 3520 assignatum
1572 3446 1745 3503 tuisse
1773 3464 1877 3522 pro
1905 3464 1991 3503 re-

115 3538 319 3610 medio,
363 3540 420 3595 in
450 3542 592 3597 dicto
624 3559 777 3610 casu,
815 3544 1037 3600 concilii
1072 3545 1166 3617 jus
1213 3544 1270 3598 in
1310 3543 1532 3618 Papam,
1580 3561 1646 3600 ex
1680 3545 1784 3601 hoc
1818 3543 1989 3602 ctiam
