2306 4010
361 161 450 211 πο
510 139 519 150 ’
1029 153 1330 203 ΤΒΑοτΑτυε
1361 152 1428 199 DE
1459 152 1605 200 PAPA.

361 273 668 348 Episcopus
713 274 967 338 satagere
1000 267 1065 319 ut
1108 262 1328 319 clerum
1373 279 1546 318 suum
1579 279 1610 318 a
1639 262 1869 337 praefata
1898 265 2161 339 opinione
2185 285 2279 324 ex-

362 375 564 446 purget
593 387 657 424 ac
686 366 1003 421 immunem
1042 367 1246 419 servet.

434 468 690 524 Diximus
710 484 811 540 per
843 482 921 532 se,
963 481 1064 520 seu
1087 462 1413 537 reyulariter
1447 464 1731 537 loquendo.
1771 461 1994 520 Etenim
2019 464 2164 524 tales
2187 467 2282 525 ob-

357 573 508 623 stare
529 564 869 639 quandoque
897 566 1136 638 possunt
1166 561 1625 637 circumstantiae,
1663 569 1727 619 ut
1761 562 1966 620 merito
1995 563 2285 639 pertimes-

359 671 447 722 cat
475 663 779 739 Episcopus
819 681 890 720 ne
916 681 1088 719 suum
1115 661 1395 738 ejusmodi
1423 661 1738 734 decretum,
1760 661 1820 719 in
1846 662 2075 720 ruinam
2103 662 2285 739 potius

360 762 541 835 cedat,
573 780 746 836 quam
783 760 845 817 in
875 760 1327 820 aedificationem.
1359 761 1504 819 Sane
1528 761 1577 819 si
1605 760 1825 819 oritura
1854 761 1925 818 ob
1947 760 2005 817 id
2030 758 2306 837 persecu-2¹

362 860 440 918 tio
471 860 899 937 praevideretur,
944 866 1041 918 aut
1064 861 1324 935 generale
1350 860 1434 919 rei
1461 861 1756 919 catholicae
1786 861 2084 930 damnum,
2116 847 2306 920 satius⁴2

366 960 510 1016 foret
529 958 598 1014 ad
619 964 846 1035 tempus
870 943 1254 1016 dissimulare.
1274 958 1337 1015 Et
1354 958 1508 1016 idem
1527 957 1855 1029 dic'endum,
1880 958 1927 1015 si
1946 958 2133 1016 clerus
2158 947 2306 1016 adeo}¹

368 1058 425 1114 in
458 1058 895 1134 praesentiarum
923 1058 1240 1115 obcaecatus
1267 1057 1495 1128 existat,
1530 1064 1593 1115 ut
1622 1057 2002 1115 obedientiam
2024 1057 2098 1115 sit
2130 1057 2306 1155 dene-'j

368 1166 604 1233 gaturus
629 1178 643 1230 ;
677 1166 730 1216 et
781 1159 955 1217 simul
1002 1166 1287 1235 speretur,
1314 1158 1626 1235 praemissis
1648 1158 1902 1235 paternis
1932 1157 2306 1281 suasionibus}

370 1265 423 1316 et
449 1259 597 1336 aptis
624 1258 1128 1330 instructionibus,
1146 1258 1421 1334 paulatim
1444 1259 1512 1316 ad
1531 1258 1760 1315 saniora
1787 1258 2104 1315 rediturus.

444 1362 506 1416 In
536 1379 647 1434 quo
678 1366 869 1416 tamen
904 1359 1127 1432 negotio
1161 1358 1473 1416 cavendum
1512 1358 1803 1435 Episcopis
1835 1364 1920 1416 est
1959 1376 2031 1415 ne
2075 1358 2152 1415 ibi
2182 1376 2302 1434 per-

370 1478 563 1535 peram
613 1459 854 1517 timeant
880 1457 980 1514 ubi
1020 1475 1135 1514 non
1175 1463 1261 1515 est
1306 1457 1498 1514 timor.
1543 1457 1703 1522 Quod
1741 1457 2007 1532 subjici0,
2031 1476 2103 1514 ne
2128 1458 2306 1515 latius·-

372 1559 513 1615 sorte
559 1557 983 1635 interpretando
1026 1556 1296 1631 allegatas
1345 1576 1375 1614 a
1417 1574 1509 1613 me
1556 1555 1759 1613 silendi
1798 1562 1851 1613 et
1901 1550 2306 1613 dissimulandi

371 1677 595 1729 causas,
636 1657 696 1713 in
733 1675 985 1715 errorem
1031 1655 1402 1713 inducantur.
1430 1655 1751 1727 Enimvero,
1789 1654 1900 1711 nisi
1935 1654 2075 1711 mihi
2103 1655 2306 1711 fucumi

376 1756 602 1826 faciam,
640 1757 731 1812 vix
759 1776 823 1813 ac
862 1775 934 1813 nc
968 1755 1058 1813 vix
1103 1755 1332 1831 quidem
1374 1755 1631 1812 excusari
1663 1774 1827 1831 posse
1856 1754 2077 1812 videtur
2109 1772 2306 1812 eorum-

384 1855 789 1930 Episcoporum
829 1856 1032 1929 agendi
1062 1855 1232 1926 ratic,
1261 1855 1360 1928 qui
1402 1855 1540 1911 dum
1571 1856 1712 1913 bene
1734 1855 1840 1932 ipsi
1870 1860 2080 1912 norunt
2110 1860 2162 1912 et
2187 1873 2305 1931 per-

387 1975 621 2014 suasum
642 1957 851 2013 habent
866 1963 1021 2013 certo
1047 1973 1345 2012 erroneam
1370 1973 1494 2012 esse
1517 1974 1580 2012 ac
1608 1955 1868 2012 illicitam
1887 1955 1954 2011 de
1972 1954 2306 2011 fallibilitate

384 2056 541 2132 Papae
555 2056 901 2113 Gallicanam
921 2054 1272 2131 opinionem,
1294 2071 1418 2110 eam
1440 2054 1814 2110 nihilominus
1838 2074 1868 2110 a
1899 2054 2190 2112 seminarii
2217 2052 2304 2110 sui

384 2154 797 2231 professoribus
823 2153 999 2210 veluti
1029 2152 1268 2210 liberam
1290 2171 1353 2208 ac
1379 2152 1594 2208 licitam
1616 2151 1805 2209 doceri
1824 2152 2140 2228 patiuntur.
2171 2133 2306 2207 Cum

386 2272 589 2331 nempe
611 2255 763 2312 haud
785 2254 922 2311 adeo
955 2254 1203 2310 arduum
1225 2252 1297 2308 sit
1330 2258 1426 2310 aut
1451 2254 1796 2328 professores
1821 2252 1973 2328 ipsos
1992 2252 2060 2308 ad
2088 2251 2306 2326 ejuran-

388 2346 525 2403 dum
562 2365 811 2403 errorem
838 2345 1085 2420 adigere,
1126 2349 1245 2416 aut,
1277 2342 1324 2400 si
1362 2351 1623 2415 renuant,
1658 2343 1937 2420 expellere
1961 2363 2024 2399 ac
2058 2343 2137 2399 eis
2175 2342 2306 2399 alios

388 2446 757 2518 substituere,
796 2447 852 2503 id
889 2444 1326 2522 praetermittens
1366 2443 1674 2520 Episcopus
1713 2444 1966 2520 seipsum
1994 2443 2189 2519 procul
2217 2443 2306 2500 du-

390 2543 483 2601 bio
515 2552 831 2620 propagatae
854 2546 1029 2621 pestis
1057 2543 1300 2619 graviter
1320 2561 1482 2600 reum
1510 2543 1699 2600 efficit.
2299 2537 2306 2545 ’

2279 3275 2282 3282 ““
2272 3053 2302 3188 *ΡὯ
2278 2956 2301 2995 Q
2280 2859 2306 2892 τε.
