2262 3990
777 173 906 223 PARS
935 173 1175 222 SECUNDA.
1831 172 1922 221 585

116 284 308 346 2⁶Non
334 286 632 358 cohaerent,
662 282 759 341 sed
780 300 1009 359 prorsus
1042 281 1276 339 invicem
1308 286 1558 357 pugnant
1585 297 1708 355 quae
1734 279 1793 336 in
1821 281 1916 338 illa

74 386 270 463 pistola
301 383 680 452 reperiuntur.
708 380 999 438 Enimvero
1020 397 1087 436 ex
1114 396 1226 435 una
1263 378 1754 454 partessomanum
1774 379 1913 435 Pon-

63 482 242 539 iticem
270 487 578 539 reverenter
602 478 908 552 alloquitur
933 476 1180 552 epistolae
1211 481 1404 532 auctor
1435 475 1615 532 verbis
1647 475 1914 550 pacificiS,

72 579 366 636 haritatem
392 577 771 648 unionemque
794 573 1111 630 animorum
1132 574 1298 647 plane
1324 572 1689 647 spirantibus,
1723 573 1827 630 Sed
1852 574 1919 629 de

0 705 5 753 ρ
70 697 118 746 0,
156 677 358 751 inquit,
389 674 471 731 vel
500 674 728 730 maxime
759 671 851 727 tibi
871 671 1218 738 scribendum,
1252 677 1303 725 et
1329 687 1441 725 cum
1469 677 1558 726 tua
1579 673 1835 743 pravitate
1856 690 1916 728 ac

0 763 2 765 ’
64 776 293 847 apientia
317 770 686 844 conferendum
714 767 835 839 fuit.
876 765 1055 842 Atque
1089 765 1148 819 in
1181 765 1289 821 fine
1320 766 1397 821 ita
1437 767 1759 841 subjungit:
1789 768 1916 827 Gre-

69 878 213 927 entes
241 870 395 924 etiam
424 868 509 921 tibi
531 882 631 938 pro
659 862 923 932 reliqionis
949 867 1048 915 tuae
1079 869 1131 916 et
1167 862 1291 932 fidei
1316 864 1539 918 veritate
1566 865 1779 936 placere
1805 885 1916 939 quae

62 975 80 1021 t
114 965 357 1038 reliyiosa
383 964 591 1035 pariter
621 966 673 1014 et
706 975 830 1014 vera
858 964 999 1012 sunt.
1037 957 1087 1012 Is
1115 974 1246 1012 sane
1280 957 1547 1029 loquendi
1588 962 1787 1018 modus
1830 981 1914 1019 re-

64 1061 331 1119 erentiam
353 1063 404 1115 et
434 1053 786 1113 concordiam
806 1054 1060 1120 denotat;
1090 1070 1193 1108 nec
1223 1054 1539 1128 oppositum
1566 1055 1911 1131 Stephanum

67 1173 228 1232 apam
254 1152 539 1228 supponit,
579 1151 675 1208 sed
706 1151 892 1225 potius
916 1149 1179 1206 fiduciam
1205 1151 1486 1225 exprimit,
1529 1153 1677 1224 quod
1710 1160 1913 1210 statuta

56 1269 93 1309 n
121 1249 539 1323 Carthaginensi
571 1248 806 1304 concilio
835 1248 1119 1304 Romanus
1151 1248 1398 1304 Pontifex
1443 1249 1689 1306 libenter
1715 1251 1913 1324 proha-
1969 1292 1977 1299 .

59 1365 194 1406 urus
223 1347 295 1403 sit
326 1352 375 1401 et
402 1345 856 1402 confirmaturus.
891 1345 966 1398 Ex
996 1345 1168 1401 altera
1193 1350 1380 1400 autem
1415 1352 1572 1419 parte
1597 1346 1804 1401 dicitur
1836 1346 1908 1401 si-

92 1444 153 1504 ul
174 1444 479 1502 transmitti
506 1443 795 1516 epistolam
827 1441 895 1497 ad
929 1442 1225 1508 Quintum3
1257 1442 1314 1496 in
1345 1461 1453 1515 qua
1504 1443 1713 1498 scilicet
1755 1461 1909 1516 aper-

0 1579 3 1599 ,
62 1542 244 1602 issime
263 1547 556 1599 accusatur
581 1541 890 1614 Stephanus
918 1541 1211 1595 insolentiae
1238 1546 1290 1597 et
1309 1543 1622 1613 arrotstmtiae
1649 1560 1905 1614 summae,

70 1639 194 1713 ique
216 1632 439 1696 crimini
475 1638 710 1693 vertitur
745 1637 894 1709 quod
937 1654 994 1692 sc
1043 1639 1329 1709 primatum
1377 1645 1555 1692 tenere
1589 1638 1801 1707 clioeerit,
1857 1645 1907 1694 et

0 1753 3 1795 ,·
55 1737 122 1792 ibi
150 1737 494 1809 obtemperari
523 1743 784 1806 oportere.
847 1808 851 1812 Ι

96 1830 153 1889 5⁰
179 1831 297 1888 Alia
322 1831 714 1888 incohaerentia
744 1830 799 1885 in
834 1847 897 1886 eo
929 1835 1032 1900 est,
1069 1829 1217 1902 quod
1254 1848 1317 1886 ex
1349 1848 1460 1885 una
1487 1835 1642 1903 parte
1668 1848 1906 1904 propug-

47 1933 207 1999 ietur,
228 1929 452 1984 irritum
473 1946 704 2003 prorsus
724 1944 850 1983 esse·
866 1927 1206 2000 baptismum
1229 1927 1297 1982 ab
1319 1926 1596 1982 haereticis
1613 1927 1903 1997 collatum,

55 2032 75 2083 t
107 2043 171 2084 ex
203 2027 372 2083 altera
409 2033 566 2101 parte
614 2025 978 2081 concludatur
1002 2025 1243 2080 liberum
1292 2025 1599 2097 unicuique
1637 2026 1904 2099 Episcopo

52 2123 447 2196 elinquendum
474 2141 592 2178 esse
628 2129 691 2177 ut
725 2139 883 2177 suam
907 2123 1008 2176 hac
1050 2122 1118 2176 dc
1154 2139 1214 2176 re
1249 2123 1582 2177 sententiam
1614 2130 1900 2196 sequatur,

42 2219 75 2272 d
102 2225 206 2287 cst,
230 2220 466 2290 baptizet
503 2218 590 2272 vel
615 2235 725 2271 non
752 2217 990 2289 baptizet
1024 2234 1115 2271 cos
1146 2216 1243 2286 qui
1282 2217 1506 2271 suerunt
1531 2219 1597 2272 ab
1623 2218 1903 2275 haereticis

41 2315 299 2388 Japtizati.
332 2316 409 2369 lta
428 2333 624 2387 nempe
645 2316 811 2369 habet
839 2314 1071 2386 epistola
1094 2314 1189 2368 illa
1231 2337 1240 2367 :
1270 2315 1593 2387 Baptismum
1612 2326 1904 2373 autemnon

56 2429 139 2466 sse
173 2429 269 2483 quo
305 2411 524 2466 haeretici
564 2417 799 2479 utuntur,
831 2427 924 2464 nec
958 2428 1262 2481 quemquam
1299 2413 1438 2483 apud
1470 2431 1557 2467 eos
1588 2416 1673 2484 qni
1701 2413 1903 2470 Christo

60 2509 384 2576 (mersantur,
409 2525 504 2581 per
535 2510 755 2578 qratiam
782 2506 977 2563 Christi
1008 2525 1162 2578 posse
1195 2510 1473 2579 proficere,
1510 2512 1780 2582 diliyenter
1811 2531 1904 2567 mt-

58 2621 115 2657 er
140 2620 437 2676 expressum
456 2611 531 2658 est
553 2606 604 2657 in
630 2604 868 2675 epistola,
897 2621 1004 2675 quae
1030 2605 1099 2657 oct
1125 2604 1367 2671 Quintum
1389 2606 1636 2677 colleyam
1669 2615 1900 2664 nostrum

54 2717 69 2752 ι
97 2699 413 2755 Mauritania
437 2701 773 2754 constitutum
805 2717 959 2772 super
990 2718 1053 2755 ea
1084 2718 1140 2754 re
1183 2705 1382 2773 scripta
1417 2711 1516 2771 est,
1562 2706 1681 2758 item
1716 2707 1770 2759 in
1818 2707 1900 2761 Iit-

43 2796 143 2848 eris
185 2812 308 2865 quas
345 2797 553 2868 colleqae
580 2799 748 2852 nostri
777 2798 844 2852 acl
878 2797 1158 2870 Episcopos
1185 2800 1240 2852 in
1264 2799 1509 2855 Numidia
1548 2804 1899 2874 praesidentes

55 2897 138 2944 nte
169 2891 399 2961 fecerunt
429 2914 444 2944 .-
473 2896 610 2966 cnjus
638 2897 900 2966 utriusque
926 2897 1158 2967 epistolae
1191 2899 1479 2970 eatemplum
1500 2900 1726 2954 subdidi.
1757 2900 1900 2954 Sanc

55 3003 149 3041 um
180 2985 235 3040 id
261 3004 586 3060 persuasum
629 2991 891 3046 haherent
923 2991 1224 3064 Cyprianus
1253 2999 1306 3047 et
1347 2994 1590 3048 Africani
1617 2994 1896 3067 Episcopi,

62 3082 359 3140 oncludere
391 3085 731 3156 debuissent,
769 3088 995 3142 omnino
1023 3090 1196 3144 teneri
1225 3090 1534 3161 quemlihet
1562 3090 1898 3164 Episcopum

57 3181 89 3234 d
115 3180 509 3238 conterendum
536 3184 807 3256 baptisma
841 3185 908 3240 iis
935 3186 1029 3258 qui
1068 3187 1297 3242 fuerunt
1323 3189 1392 3242 ab
1420 3188 1691 3244 litercticis
1720 3190 1896 3264 bapti-

52 3278 148 3346 ati,
197 3278 421 3350 quando
462 3279 530 3336 ad
569 3281 897 3337 catholicam
946 3282 1244 3337 Ecclesiam
1293 3292 1718 3343 convertuntur.
1777 3289 1894 3345 Non

53 3372 167 3427 nim
207 3374 424 3430 licitum
449 3392 568 3431 csse
595 3383 771 3449 potest
790 3376 998 3447 absque
1029 3376 1309 3449 baptismo
1341 3381 1656 3455 relinquere
1681 3403 1772 3442 eos
1797 3387 1893 3459 qui

65 3469 253 3525 ulliter
295 3472 550 3546 baptizati
585 3480 733 3529 sunt.
762 3472 926 3528 Porro
968 3474 1309 3529 contrarium
1347 3479 1708 3552 concludunt,
1741 3484 1889 3541 vide-

49 3563 150 3622 icct
177 3566 322 3635 ;Ωιια
346 3571 399 3623 in
430 3587 486 3624 re
507 3586 595 3625 nec
620 3587 712 3626 nos
743 3571 846 3625 vim
871 3571 1108 3640 cuiquam
1134 3570 1358 3640 facimus
1392 3585 1482 3632 aut
1507 3578 1664 3651 leyem
1683 3581 1886 3653 damna,
