2262 3990
849 198 973 247 PARS
1001 198 1203 247 mm.
1870 193 1953 242 601

95 303 183 361 sii.
217 302 482 377 Equidem
505 302 784 381 respondit
812 321 870 361 se
894 303 1156 361 Hadriani
1192 300 1564 360 definitionem
1590 298 1957 372 examinasse,

93 418 221 457 eum
250 401 661 478 scripturarum
695 410 748 460 et
779 403 1000 459 Patrum
1038 401 1288 459 doctrina
1322 398 1644 472 contulisse,
1683 405 1736 457 et
1769 417 1959 457 conso-

94 504 314 556 nantem
345 500 639 575 reperisse.
666 499 769 556 Sed
813 499 887 557 ita
912 499 1109 557 rimari
1138 504 1191 556 et
1229 496 1568 574 respondere
1599 496 1802 571 potuit,
1834 496 1960 554 licet

92 597 243 671 Papae
264 594 637 653 definitionem
675 613 1023 670 nequaquam
1074 597 1279 652 dubiam
1304 593 1583 663 habuerit,
1619 599 1673 651 et
1700 594 1827 651 lieet
1855 594 1963 651 sibi

88 710 438 767 nequaquam
479 692 736 750 tribuerit
768 711 798 750 a
824 692 975 750 Sedis
1017 692 1273 748 Romanae
1301 690 1715 749 definitionibus
1767 692 1963 748 dissen-

91 792 253 846 tiendi
289 792 600 848 libertatem.
637 790 763 847 Erat
794 789 998 864 quippe
1019 788 1087 844 ad
1118 788 1459 845 reducendos
1491 789 1678 846 devios
1715 789 1873 859 utile,
1900 795 1962 847 ut

91 904 201 942 non
226 887 550 962 simpliciter
574 887 776 943 diceret
809 903 867 943 se
900 884 1204 957 definitioni
1228 886 1383 960 Papae
1404 886 1704 959 adhaerere,
1740 886 1834 943 sed
1868 886 1964 942 ad·

91 984 242 1040 deret
271 984 471 1040 saetam
495 1002 524 1040 a
547 1001 604 1039 se
628 983 946 1056 diligentem
965 981 1395 1057 indagationem,
1419 987 1470 1038 et
1490 990 1767 1057 repertam
1793 984 1963 1040 fuisse

90 1081 504 1138 consonantiam
531 1099 659 1136 cum
707 1081 930 1137 Patrum
963 1081 1233 1148 doctrina,
1260 1099 1427 1154 quam
1455 1080 1547 1138 isti
1572 1080 1713 1138 devii
1744 1089 1962 1140 contra-

88 1179 227 1235 riam
262 1178 686 1235 contendebant.

163 1275 216 1332 5⁰
240 1273 451 1331 Nedur'n
471 1293 500 1331 a
521 1275 779 1332 Romanae
798 1274 952 1332 Sedis
977 1274 1392 1332 definitionibus
1413 1274 1776 1332 dissentiendi
1796 1275 1962 1332 liber-

93 1377 254 1428 tatem
297 1371 403 1427 sibi
444 1371 700 1428 tribuerit
742 1373 1053 1429 Patriarcha
1082 1373 1360 1442 TarasiuS‚
1395 1379 1619 1430 econtra
1665 1373 1745 1429 eis
1779 1373 1961 1431 adhae-

91 1467 246 1523 rendi
285 1471 640 1524 necessitatem
674 1469 953 1543 professus
1002 1474 1083 1526 est
1115 1470 1172 1525 in
1198 1471 1302 1526 hac
1340 1469 1459 1544 ipsa
1507 1488 1606 1525 sua
1636 1470 1704 1525 ad
1740 1470 1964 1542 Legatos

89 1565 463 1638 responsione.
493 1566 569 1621 En
614 1566 764 1623 illius
798 1568 1177 1642 responsionis
1204 1569 1449 1638 initium,
1485 1569 1634 1641 quod
1664 1568 1819 1624 siluit
1836 1568 1962 1624 Bos-

86 1669 243 1719 suet:
278 1684 304 1716 «
337 1663 749 1722 Sacratissimus
774 1666 974 1722 Paulus
1008 1667 1357 1740 apostolus...
1384 1685 1512 1723 eum
1534 1667 1794 1724 Romanis
1827 1667 1961 1724 scri-

85 1758 255 1824 beret,
286 1761 595 1835 approbans
642 1762 894 1818 studium
937 1764 1166 1819 sincerae
1211 1764 1338 1820 fidei
1380 1781 1671 1834 eorum...‚
1707 1765 1785 1820 sic
1835 1765 1953 1820 ait:

83 1853 238 1911 Fides
264 1865 435 1913 vestra
475 1861 811 1914 annuntiatw'
847 1862 900 1914 in
935 1863 1172 1916 universo
1215 1862 1430 1916 mundo.
1471 1862 1577 1916 Hoc
1609 1864 1958 1917 testimonium

80 1955 218 2024 sequi
249 1958 598 2010 necessarium
636 1963 733 2026 est,
781 1964 831 2011 et
871 1958 1157 2012 inconsulte
1201 1959 1306 2029 aqit
1342 1960 1426 2030 qui
1469 1959 1588 2013 huic
1638 1966 1853 2014 conatur
1879 1978 1959 2015 re-

81 2051 284 2105 sistere.
331 2050 482 2106 Unde
530 2051 838 2108 Hadrianus
878 2052 1080 2109 Praesul
1136 2052 1371 2110 senioris
1418 2053 1623 2129 Rornae,
1673 2074 1787 2111 cum
1824 2066 1958 2113 esset

74 2149 334 2220 particeps
393 2166 565 2203 eorum
624 2152 705 2221 qui
751 2152 1003 2223 praedicto
1045 2153 1338 2207 testimonio
1385 2155 1578 2207 mimiri
1632 2163 1955 2225 meruerunt,

80 2242 302 2317 scripsit
329 2261 583 2319 expresse
610 2265 670 2302 ae
714 2250 1061 2317 veraciter...,
1094 2248 1378 2305 affirmans
1404 2250 1541 2306 bene
1569 2269 1632 2306 ae
1665 2253 1873 2325 optime
1899 2270 1956 2309 se

80 2340 282 2395 habere
329 2342 613 2414 antiquam
664 2344 1016 2400 traditionem
1066 2345 1318 2402 Ecclesiae
1359 2348 1639 2404 catholieae
1679 2370 1704 2401 »
1736 2350 1953 2423 (Labbe,

78 2437 258 2507 t.V11‚
286 2439 391 2494 col.
435 2439 563 2508 127,
594 2441 723 2499 edit.
771 2442 1011 2511 ParisiiS‚
1062 2443 1251 2515 1671).
1306 2444 1382 2500 lbi
1415 2446 1585 2502 habes
1630 2447 1952 2520 primariam

79 2533 343 2590 rationem
371 2553 471 2591 cur
505 2538 761 2594 Tarasius
810 2539 1091 2595 Hadrianae
1134 2540 1438 2596 definitioni
1480 2543 1774 2602 adhaereat.
1818 2546 1953 2610 Quia

78 2648 294 2707 nempe,
340 2639 475 2690 teste
529 2643 716 2692 sancto
755 2637 940 2707 Paulo,
987 2638 1229 2694 Romana
1267 2639 1503 2698 Ecclesia
1554 2661 1739 2699 veram
1788 2645 1950 2701 fidem

78 2745 295 2803 semper
321 2732 480 2788 habet
505 2756 513 2798 ;
561 2739 612 2788 et
652 2733 779 2807 quia
832 2733 1140 2790 Hadrianus
1165 2739 1430 2810 particeps
1457 2747 1534 2794 est
1562 2739 1637 2810 (id
1667 2747 1768 2812 est,
1801 2761 1949 2799 eom-

79 2822 380 2894 prehensus
407 2827 507 2884 suit
535 2828 590 2883 in
616 2830 871 2900 numero)
900 2850 1077 2887 eorum
1121 2836 1205 2906 qui
1232 2836 1486 2907 praffdicto
1515 2840 1809 2894 testimonio
1838 2860 1949 2895 mu-

79 2921 181 2974 niri
225 2934 538 2981 meruerunt.
582 2926 713 2983 Aliis
745 2930 1020 3001 terminis,
1056 2931 1186 3005 quia
1230 2932 1396 2988 Sedes
1436 2934 1686 2990 Romana
1734 2944 1786 2993 et
1832 2938 1951 3012 ipse

81 3014 383 3073 Hadrianus
416 3038 524 3076 non
555 3031 783 3094 possunt
831 3026 1060 3084 definire
1104 3029 1212 3085 nisi
1258 3048 1443 3086 veram
1492 3031 1677 3090 fidem.
1729 3033 1803 3088 Ex
1843 3055 1950 3110 quo

80 3112 243 3168 insert
262 3115 508 3172 Tarasius
537 3123 887 3178 necessitatem
908 3126 1175 3197 sequendi
1203 3128 1304 3183 hoe
1330 3128 1734 3200 testimonium,
1765 3132 1819 3187 id
1842 3141 1946 3205 est,

79 3211 313 3267 habendi
332 3219 590 3287 tanquam
615 3216 978 3275 infallibiliter
998 3239 1152 3278 veras
1171 3222 1322 3279 Sedis
1341 3225 1598 3281 Romanae
1622 3233 1672 3282 et
1690 3227 1947 3287 Hadriani

75 3307 228 3381 Papae
257 3308 618 3370 definitiones,
644 3313 702 3369 Et
730 3314 878 3371 addit
901 3317 1066 3372 verba
1088 3319 1224 3388 haec,
1254 3338 1376 3392 quae
1404 3322 1619 3378 utinam
1649 3324 1753 3382 sibi
1775 3329 1945 3404 appli-

75 3413 249 3462 casset
295 3406 608 3465 Bossuetius
642 3431 653 3464 ε
694 3411 982 3470 Inconsulte
1027 3417 1131 3487 aqit
1159 3419 1242 3489 qui
1289 3419 1402 3475 huic
1435 3429 1651 3479 conatur
1678 3428 1936 3486 resistere.

75 3503 193 3559 Ilaec
243 3503 411 3576 igitur
458 3509 720 3582 primaria
763 3510 903 3567 ratio
952 3513 1021 3569 ob
1069 3532 1235 3587 quarn
1285 3517 1539 3577 Tarasius
1575 3522 1708 3580 dicit
1738 3543 1795 3582 se
1834 3527 1937 3583 Ha-

78 3599 283 3658 drianae
326 3604 627 3664 definitioni
658 3610 923 3668 assentire
954 3633 965 3666 ε
1002 3613 1294 3674 Necessitas
1345 3621 1611 3693 sequendi
1640 3622 1794 3681 Sedis
1831 3625 1935 3682 Ro-
