<?xml version="1.0" encoding="UTF-8"?>
<!DOCTYPE html PUBLIC "-//W3C//DTD XHTML 1.0 Transitional//EN"
    "http://www.w3.org/TR/xhtml1/DTD/xhtml1-transitional.dtd">
<html xmlns="http://www.w3.org/1999/xhtml" xml:lang="en" lang="en">
 <head>
  <title>
</title>
<meta http-equiv="Content-Type" content="text/html;charset=utf-8" />
  <meta name='ocr-system' content='tesseract 3.04.00' />
  <meta name='ocr-capabilities' content='ocr_page ocr_carea ocr_par ocr_line ocrx_word'/>
</head>
<body>
  <div class='ocr_page' id='page_1' title='image "a548470102bouiuoft_0040.png"; bbox 0 0 2306 4010; ppageno 0'>
   <div class='ocr_carea' id='block_1_1' title="bbox 211 98 1437 174">
    <p class='ocr_par' dir='ltr' id='par_1_1' title="bbox 211 98 1437 174">
     <span class='ocr_line' id='line_1_1' title="bbox 211 98 1437 174; baseline -0.033 9"><span class='ocrx_word' id='word_1_1' title='bbox 211 127 265 174; x_wconf 79' lang='lat'><strong>52</strong></span> <span class='ocrx_word' id='word_1_2' title='bbox 881 106 1166 160; x_wconf 75' lang='lat' dir='ltr'><strong>TRACTATUS</strong></span> <span class='ocrx_word' id='word_1_3' title='bbox 1197 101 1262 148; x_wconf 86' lang='lat' dir='ltr'><strong>DE</strong></span> <span class='ocrx_word' id='word_1_4' title='bbox 1293 98 1437 146; x_wconf 77' lang='grc' dir='ltr'><strong>ΡΑΡΑ.</strong></span> 
     </span>
    </p>
   </div>
   <div class='ocr_carea' id='block_1_2' title="bbox 179 203 2118 404">
    <p class='ocr_par' dir='ltr' id='par_1_2' title="bbox 179 203 2118 404">
     <span class='ocr_line' id='line_1_2' title="bbox 192 203 2116 296; baseline -0.018 -4"><span class='ocrx_word' id='word_1_5' title='bbox 192 235 428 290; x_wconf 73' lang='lat' dir='ltr'><strong>futuros</strong></span> <span class='ocrx_word' id='word_1_6' title='bbox 461 229 819 293; x_wconf 81' lang='lat' dir='ltr'><strong>confidimuS,</strong></span> <span class='ocrx_word' id='word_1_7' title='bbox 858 221 954 296; x_wconf 88' lang='lat' dir='ltr'><strong>qui</strong></span> <span class='ocrx_word' id='word_1_8' title='bbox 992 214 1123 275; x_wconf 81' lang='lat' dir='ltr'><strong>honi</strong></span> <span class='ocrx_word' id='word_1_9' title='bbox 1153 208 1398 286; x_wconf 87' lang='lat' dir='ltr'><strong>pastoris</strong></span> <span class='ocrx_word' id='word_1_10' title='bbox 1435 206 1694 281; x_wconf 87' lang='lat' dir='ltr'><strong>exemplo</strong></span> <span class='ocrx_word' id='word_1_11' title='bbox 1727 203 1970 261; x_wconf 84' lang='lat' dir='ltr'><strong>libenter</strong></span> <span class='ocrx_word' id='word_1_12' title='bbox 1998 204 2116 260; x_wconf 87' lang='lat' dir='ltr'><strong>ani-</strong></span> 
     </span>
     <span class='ocr_line' id='line_1_3' title="bbox 179 303 2118 404; baseline -0.018 -15"><span class='ocrx_word' id='word_1_13' title='bbox 179 325 357 387; x_wconf 52' lang='lat' dir='ltr'><strong>&#39;mam</strong></span> <span class='ocrx_word' id='word_1_14' title='bbox 393 344 600 404; x_wconf 91' lang='lat' dir='ltr'><strong>ponere</strong></span> <span class='ocrx_word' id='word_1_15' title='bbox 635 320 816 399; x_wconf 87' lang='lat' dir='ltr'><strong>parati</strong></span> <span class='ocrx_word' id='word_1_16' title='bbox 851 317 960 373; x_wconf 89' lang='lat' dir='ltr'><strong>sint</strong></span> <span class='ocrx_word' id='word_1_17' title='bbox 1001 329 1102 386; x_wconf 92' lang='lat' dir='ltr'><strong>pro</strong></span> <span class='ocrx_word' id='word_1_18' title='bbox 1141 307 1339 364; x_wconf 88' lang='lat' dir='ltr'><strong>ovibus</strong></span> <span class='ocrx_word' id='word_1_19' title='bbox 1375 303 1496 360; x_wconf 89' lang='lat' dir='ltr'><strong>suis</strong></span> <span class='ocrx_word' id='word_1_20' title='bbox 1537 309 1587 360; x_wconf 85' lang='lat' dir='ltr'><strong>et</strong></span> <span class='ocrx_word' id='word_1_21' title='bbox 1630 321 1731 379; x_wconf 91' lang='lat' dir='ltr'><strong>pro</strong></span> <span class='ocrx_word' id='word_1_22' title='bbox 1780 305 2118 358; x_wconf 90' lang='lat' dir='ltr'><strong>testamento</strong></span> 
     </span>
    </p>
   </div>
   <div class='ocr_carea' id='block_1_3' title="bbox 203 399 2149 3559">
    <p class='ocr_par' dir='ltr' id='par_1_3' title="bbox 203 399 2139 1775">
     <span class='ocr_line' id='line_1_4' title="bbox 204 399 2119 504; baseline -0.016 -19"><span class='ocrx_word' id='word_1_23' title='bbox 204 435 429 504; x_wconf 89' lang='lat' dir='ltr'><strong>patrum</strong></span> <span class='ocrx_word' id='word_1_24' title='bbox 465 441 721 483; x_wconf 91' lang='lat' dir='ltr'><strong>suorum.</strong></span> <span class='ocrx_word' id='word_1_25' title='bbox 764 418 870 472; x_wconf 92' lang='lat' dir='ltr'><strong>Nos</strong></span> <span class='ocrx_word' id='word_1_26' title='bbox 904 410 1134 485; x_wconf 90' lang='lat' dir='ltr'><strong>quidem</strong></span> <span class='ocrx_word' id='word_1_27' title='bbox 1172 425 1274 483; x_wconf 90' lang='lat' dir='ltr'><strong>pro</strong></span> <span class='ocrx_word' id='word_1_28' title='bbox 1311 402 1481 462; x_wconf 88' lang='lat' dir='ltr'><strong>officii</strong></span> <span class='ocrx_word' id='word_1_29' title='bbox 1507 402 1689 459; x_wconf 84' lang='lat' dir='ltr'>nostri</span> <span class='ocrx_word' id='word_1_30' title='bbox 1721 401 1908 459; x_wconf 87' lang='lat' dir='ltr'><strong>debito</strong></span> <span class='ocrx_word' id='word_1_31' title='bbox 1936 399 2119 477; x_wconf 88' lang='lat' dir='ltr'><strong>parati</strong></span> 
     </span>
     <span class='ocr_line' id='line_1_5' title="bbox 206 500 2118 595; baseline -0.013 -15"><span class='ocrx_word' id='word_1_32' title='bbox 206 545 421 595; x_wconf 86' lang='lat' dir='ltr'><strong>sumus,</strong></span> <span class='ocrx_word' id='word_1_33' title='bbox 459 523 547 579; x_wconf 92' lang='lat' dir='ltr'><strong>Dei</strong></span> <span class='ocrx_word' id='word_1_34' title='bbox 585 514 860 590; x_wconf 89' lang='lat' dir='ltr'><strong>adjutrice</strong></span> <span class='ocrx_word' id='word_1_35' title='bbox 898 509 1098 584; x_wconf 83' lang='lat' dir='ltr'><strong>gratia,</strong></span> <span class='ocrx_word' id='word_1_36' title='bbox 1137 505 1455 564; x_wconf 85' lang='lat' dir='ltr'><strong>sacrificare</strong></span> <span class='ocrx_word' id='word_1_37' title='bbox 1485 500 1828 559; x_wconf 85' lang='lat' dir='ltr'><strong>sacrificium</strong></span> <span class='ocrx_word' id='word_1_38' title='bbox 1860 500 2118 576; x_wconf 85' lang='lat' dir='ltr'><strong>justitiae,</strong></span> 
     </span>
     <span class='ocr_line' id='line_1_6' title="bbox 203 599 2126 690; baseline -0.015 -9"><span class='ocrx_word' id='word_1_39' title='bbox 203 631 256 680; x_wconf 92' lang='lat' dir='ltr'><strong>et</strong></span> <span class='ocrx_word' id='word_1_40' title='bbox 275 621 531 679; x_wconf 85' lang='lat' dir='ltr'><strong>Ecclesiae</strong></span> <span class='ocrx_word' id='word_1_41' title='bbox 553 619 681 690; x_wconf 88' lang='lat' dir='ltr'><strong>jura</strong></span> <span class='ocrx_word' id='word_1_42' title='bbox 705 631 767 668; x_wconf 91' lang='lat' dir='ltr'><strong>ae</strong></span> <span class='ocrx_word' id='word_1_43' title='bbox 789 610 1126 679; x_wconf 86' lang='lat' dir='ltr'><strong>libertatem,</strong></span> <span class='ocrx_word' id='word_1_44' title='bbox 1156 614 1209 663; x_wconf 90' lang='lat' dir='ltr'><strong>et</strong></span> <span class='ocrx_word' id='word_1_45' title='bbox 1248 605 1416 678; x_wconf 87' lang='lat' dir='ltr'><strong>hujus</strong></span> <span class='ocrx_word' id='word_1_46' title='bbox 1453 610 1658 658; x_wconf 88' lang='lat' dir='ltr'><strong>sanctae</strong></span> <span class='ocrx_word' id='word_1_47' title='bbox 1681 599 1837 656; x_wconf 86' lang='lat' dir='ltr'><strong>Sedis</strong></span> <span class='ocrx_word' id='word_1_48' title='bbox 1874 599 2126 655; x_wconf 89' lang='lat' dir='ltr'><strong>authori-</strong></span> 
     </span>
     <span class='ocr_line' id='line_1_7' title="bbox 206 697 2129 789; baseline -0.012 -13"><span class='ocrx_word' id='word_1_49' title='bbox 206 727 374 776; x_wconf 83' lang='lat' dir='ltr'><strong>tatem</strong></span> <span class='ocrx_word' id='word_1_50' title='bbox 409 713 863 789; x_wconf 80' lang='lat' dir='ltr'>dignitatemque</span> <span class='ocrx_word' id='word_1_51' title='bbox 905 705 1223 774; x_wconf 78' lang='lat' dir='ltr'><strong>defendere,</strong></span> <span class='ocrx_word' id='word_1_52' title='bbox 1254 702 1335 759; x_wconf 91' lang='lat' dir='ltr'><strong>nil</strong></span> <span class='ocrx_word' id='word_1_53' title='bbox 1381 702 1448 758; x_wconf 89' lang='lat' dir='ltr'><strong>de</strong></span> <span class='ocrx_word' id='word_1_54' title='bbox 1488 699 1675 771; x_wconf 82' lang='lat' dir='ltr'><strong>nobiS,</strong></span> <span class='ocrx_word' id='word_1_55' title='bbox 1706 698 1802 756; x_wconf 92' lang='lat' dir='ltr'><strong>sed</strong></span> <span class='ocrx_word' id='word_1_56' title='bbox 1845 698 2034 754; x_wconf 83' lang='lat' dir='ltr'>onmia</span> <span class='ocrx_word' id='word_1_57' title='bbox 2059 697 2129 754; x_wconf 92' lang='lat' dir='ltr'><strong>de</strong></span> 
     </span>
     <span class='ocr_line' id='line_1_8' title="bbox 208 796 2131 891; baseline -0.011 -17"><span class='ocrx_word' id='word_1_58' title='bbox 208 837 270 874; x_wconf 93' lang='lat' dir='ltr'><strong>eo</strong></span> <span class='ocrx_word' id='word_1_59' title='bbox 303 817 738 891; x_wconf 87' lang='lat' dir='ltr'><strong>praesumentes,</strong></span> <span class='ocrx_word' id='word_1_60' title='bbox 781 807 878 882; x_wconf 90' lang='lat' dir='ltr'><strong>qui</strong></span> <span class='ocrx_word' id='word_1_61' title='bbox 916 824 1018 862; x_wconf 92' lang='lat' dir='ltr'><strong>nos</strong></span> <span class='ocrx_word' id='word_1_62' title='bbox 1058 804 1335 861; x_wconf 88' lang='lat' dir='ltr'><strong>confortat</strong></span> <span class='ocrx_word' id='word_1_63' title='bbox 1369 806 1422 855; x_wconf 89' lang='lat' dir='ltr'><strong>et</strong></span> <span class='ocrx_word' id='word_1_64' title='bbox 1458 804 1726 873; x_wconf 78' lang='lat' dir='ltr'><strong>operatur</strong></span> <span class='ocrx_word' id='word_1_65' title='bbox 1763 796 1821 852; x_wconf 95' lang='lat' dir='ltr'><strong>in</strong></span> <span class='ocrx_word' id='word_1_66' title='bbox 1853 797 2037 866; x_wconf 80' lang='lat' dir='ltr'><strong>nobiS,</strong></span> <span class='ocrx_word' id='word_1_67' title='bbox 2077 803 2131 853; x_wconf 90' lang='lat' dir='ltr'><strong>et</strong></span> 
     </span>
     <span class='ocr_line' id='line_1_9' title="bbox 211 899 2132 992; baseline -0.011 -20"><span class='ocrx_word' id='word_1_68' title='bbox 211 913 730 992; x_wconf 86' lang='lat' dir='ltr'><strong>quijussitPetrum</strong></span> <span class='ocrx_word' id='word_1_69' title='bbox 755 926 924 983; x_wconf 89' lang='lat' dir='ltr'><strong>super</strong></span> <span class='ocrx_word' id='word_1_70' title='bbox 948 923 1147 978; x_wconf 88' lang='lat' dir='ltr'><strong>aquam</strong></span> <span class='ocrx_word' id='word_1_71' title='bbox 1177 901 1492 958; x_wconf 86' lang='lat' dir='ltr'><strong>ambulare.</strong></span> <span class='ocrx_word' id='word_1_72' title='bbox 1519 899 1773 955; x_wconf 68' lang='lat' dir='ltr'><strong>Praeterit</strong></span> <span class='ocrx_word' id='word_1_73' title='bbox 1799 899 1936 953; x_wconf 78' lang='lat' dir='ltr'><strong>enim</strong></span> <span class='ocrx_word' id='word_1_74' title='bbox 1962 899 2132 969; x_wconf 71' lang='lat' dir='ltr'><strong>liyura</strong></span> 
     </span>
     <span class='ocr_line' id='line_1_10' title="bbox 214 995 2132 1086; baseline -0.011 -16"><span class='ocrx_word' id='word_1_75' title='bbox 214 1015 363 1086; x_wconf 79' lang='lat' dir='ltr'><strong>hujus</strong></span> <span class='ocrx_word' id='word_1_76' title='bbox 397 1011 578 1067; x_wconf 77' lang='lat' dir='ltr'><strong>mundi</strong></span> <span class='ocrx_word' id='word_1_77' title='bbox 604 1016 655 1065; x_wconf 82' lang='lat' dir='ltr'><strong>et</strong></span> <span class='ocrx_word' id='word_1_78' title='bbox 681 1009 788 1063; x_wconf 78' lang='lat' dir='ltr'><strong>(lies</strong></span> <span class='ocrx_word' id='word_1_79' title='bbox 817 997 1023 1061; x_wconf 79' lang='lat' dir='ltr'><strong>Domini</strong></span> <span class='ocrx_word' id='word_1_80' title='bbox 1048 1002 1456 1075; x_wconf 77' lang='lat' dir='ltr'><em>appropinquat.</em></span> <span class='ocrx_word' id='word_1_81' title='bbox 1487 995 1577 1052; x_wconf 87' lang='lat' dir='ltr'><strong>Sic</strong></span> <span class='ocrx_word' id='word_1_82' title='bbox 1602 1013 1732 1069; x_wconf 83' lang='lat' dir='ltr'><strong>ergo</strong></span> <span class='ocrx_word' id='word_1_83' title='bbox 1761 1012 2017 1068; x_wconf 80' lang='lat' dir='ltr'><strong>agamuS,</strong></span> <span class='ocrx_word' id='word_1_84' title='bbox 2044 1011 2132 1049; x_wconf 86' lang='lat' dir='ltr'><strong>ve-</strong></span> 
     </span>
     <span class='ocr_line' id='line_1_11' title="bbox 215 1091 2135 1170; baseline -0.011 0"><span class='ocrx_word' id='word_1_85' title='bbox 215 1112 494 1170; x_wconf 87' lang='lat' dir='ltr'><strong>nerabiles</strong></span> <span class='ocrx_word' id='word_1_86' title='bbox 525 1111 728 1166; x_wconf 89' lang='lat' dir='ltr'><strong>fratres</strong></span> <span class='ocrx_word' id='word_1_87' title='bbox 749 1126 811 1163; x_wconf 97' lang='grc'><strong>30</strong></span> <span class='ocrx_word' id='word_1_88' title='bbox 837 1103 1024 1161; x_wconf 86' lang='lat' dir='ltr'><strong>dilecti</strong></span> <span class='ocrx_word' id='word_1_89' title='bbox 1060 1101 1182 1170; x_wconf 90' lang='lat' dir='ltr'><strong>filii,</strong></span> <span class='ocrx_word' id='word_1_90' title='bbox 1214 1106 1299 1169; x_wconf 85' lang='lat' dir='ltr'><strong>ut,</strong></span> <span class='ocrx_word' id='word_1_91' title='bbox 1338 1117 1466 1155; x_wconf 92' lang='lat' dir='ltr'><strong>eum</strong></span> <span class='ocrx_word' id='word_1_92' title='bbox 1488 1114 1751 1153; x_wconf 90' lang='lat' dir='ltr'><strong>summus</strong></span> <span class='ocrx_word' id='word_1_93' title='bbox 1780 1094 1939 1150; x_wconf 88' lang='lat' dir='ltr'><strong>Pater</strong></span> <span class='ocrx_word' id='word_1_94' title='bbox 1968 1091 2135 1150; x_wconf 82' lang='lat' dir='ltr'><strong>sami-</strong></span> 
     </span>
     <span class='ocr_line' id='line_1_12' title="bbox 214 1191 2134 1283; baseline -0.01 -17"><span class='ocrx_word' id='word_1_95' title='bbox 214 1211 319 1268; x_wconf 88' lang='lat' dir='ltr'><strong>lias</strong></span> <span class='ocrx_word' id='word_1_96' title='bbox 339 1217 392 1267; x_wconf 89' lang='lat' dir='ltr'><strong>et</strong></span> <span class='ocrx_word' id='word_1_97' title='bbox 410 1209 670 1283; x_wconf 81' lang='lat' dir='ltr'><strong>Princeps</strong></span> <span class='ocrx_word' id='word_1_98' title='bbox 691 1208 977 1262; x_wconf 72' lang='lat' dir='ltr'><strong>Pastorum</strong></span> <span class='ocrx_word' id='word_1_99' title='bbox 1005 1201 1281 1257; x_wconf 91' lang='lat' dir='ltr'><strong>rationem</strong></span> <span class='ocrx_word' id='word_1_100' title='bbox 1307 1215 1517 1274; x_wconf 89' lang='lat' dir='ltr'><strong>ponere</strong></span> <span class='ocrx_word' id='word_1_101' title='bbox 1536 1194 1779 1253; x_wconf 84' lang='lat' dir='ltr'><strong>voluerit</strong></span> <span class='ocrx_word' id='word_1_102' title='bbox 1797 1212 1927 1250; x_wconf 90' lang='lat' dir='ltr'><strong>cum</strong></span> <span class='ocrx_word' id='word_1_103' title='bbox 1958 1191 2134 1249; x_wconf 78' lang='lat' dir='ltr'><strong>servis</strong></span> 
     </span>
     <span class='ocr_line' id='line_1_13' title="bbox 213 1292 2137 1382; baseline -0.01 -16"><span class='ocrx_word' id='word_1_104' title='bbox 213 1311 352 1379; x_wconf 86' lang='lat' dir='ltr'><strong>suis,</strong></span> <span class='ocrx_word' id='word_1_105' title='bbox 389 1308 720 1382; x_wconf 82' lang='lat' dir='ltr'><strong>sanguinem</strong></span> <span class='ocrx_word' id='word_1_106' title='bbox 749 1302 1123 1380; x_wconf 83' lang='lat' dir='ltr'><strong>pessumdatae</strong></span> <span class='ocrx_word' id='word_1_107' title='bbox 1153 1298 1438 1368; x_wconf 60' lang='lat' dir='ltr'><strong>Ecclesiae,</strong></span> <span class='ocrx_word' id='word_1_108' title='bbox 1465 1315 1638 1371; x_wconf 87' lang='lat' dir='ltr'><strong>quam</strong></span> <span class='ocrx_word' id='word_1_109' title='bbox 1658 1313 1759 1351; x_wconf 93' lang='lat' dir='ltr'><strong>suo</strong></span> <span class='ocrx_word' id='word_1_110' title='bbox 1793 1311 1993 1350; x_wconf 88' lang='lat' dir='ltr'><strong>cruore</strong></span> <span class='ocrx_word' id='word_1_111' title='bbox 2019 1292 2137 1366; x_wconf 90' lang='lat' dir='ltr'><strong>ipse</strong></span> 
     </span>
     <span class='ocr_line' id='line_1_14' title="bbox 212 1394 2135 1482; baseline -0.01 -16"><span class='ocrx_word' id='word_1_112' title='bbox 212 1408 489 1482; x_wconf 76' lang='lat' dir='ltr'><strong>quaesivit,</strong></span> <span class='ocrx_word' id='word_1_113' title='bbox 527 1408 595 1462; x_wconf 91' lang='lat' dir='ltr'><strong>de</strong></span> <span class='ocrx_word' id='word_1_114' title='bbox 628 1405 836 1462; x_wconf 88' lang='lat' dir='ltr'><strong>nostris</strong></span> <span class='ocrx_word' id='word_1_115' title='bbox 862 1403 1123 1458; x_wconf 85' lang='lat' dir='ltr'><strong>manibus</strong></span> <span class='ocrx_word' id='word_1_116' title='bbox 1150 1420 1262 1456; x_wconf 92' lang='lat' dir='ltr'><strong>non</strong></span> <span class='ocrx_word' id='word_1_117' title='bbox 1285 1398 1552 1472; x_wconf 90' lang='lat' dir='ltr'><strong>requirat.</strong></span> <span class='ocrx_word' id='word_1_118' title='bbox 1576 1395 1743 1452; x_wconf 85' lang='lat' dir='ltr'>Vobis</span> <span class='ocrx_word' id='word_1_119' title='bbox 1767 1394 1993 1450; x_wconf 82' lang='lat' dir='ltr'><strong>interim</strong></span> <span class='ocrx_word' id='word_1_120' title='bbox 2016 1411 2135 1448; x_wconf 92' lang='lat' dir='ltr'><strong>om-</strong></span> 
     </span>
     <span class='ocr_line' id='line_1_15' title="bbox 214 1492 2139 1582; baseline -0.01 -17"><span class='ocrx_word' id='word_1_121' title='bbox 214 1509 384 1565; x_wconf 85' lang='lat' dir='ltr'><strong>nihus</strong></span> <span class='ocrx_word' id='word_1_122' title='bbox 435 1506 810 1582; x_wconf 86' lang='lat' dir='ltr'><strong>Apostolieam</strong></span> <span class='ocrx_word' id='word_1_123' title='bbox 864 1501 1335 1568; x_wconf 82' lang='lat' dir='ltr'><strong>benedictionem,</strong></span> <span class='ocrx_word' id='word_1_124' title='bbox 1393 1497 1483 1553; x_wconf 86' lang='grc'><strong>001</strong></span> <span class='ocrx_word' id='word_1_125' title='bbox 1535 1497 1815 1552; x_wconf 86' lang='lat' dir='ltr'><strong>coelestem</strong></span> <span class='ocrx_word' id='word_1_126' title='bbox 1873 1492 2139 1549; x_wconf 73' lang='lat' dir='ltr'><strong>accedere</strong></span> 
     </span>
     <span class='ocr_line' id='line_1_16' title="bbox 217 1593 2138 1681; baseline -0.01 -18"><span class='ocrx_word' id='word_1_127' title='bbox 217 1614 571 1681; x_wconf 85' lang='lat' dir='ltr'><strong>exoptamus,</strong></span> <span class='ocrx_word' id='word_1_128' title='bbox 600 1605 802 1660; x_wconf 87' lang='lat' dir='ltr'><strong>intimo</strong></span> <span class='ocrx_word' id='word_1_129' title='bbox 823 1602 1045 1678; x_wconf 88' lang='lat' dir='ltr'><strong>paterni</strong></span> <span class='ocrx_word' id='word_1_130' title='bbox 1066 1601 1276 1656; x_wconf 89' lang='lat' dir='ltr'><strong>amoris</strong></span> <span class='ocrx_word' id='word_1_131' title='bbox 1297 1598 1502 1654; x_wconf 85' lang='lat' dir='ltr'><strong>affeetu</strong></span> <span class='ocrx_word' id='word_1_132' title='bbox 1530 1594 1916 1670; x_wconf 72' lang='lat' dir='ltr'><strong>impartimur.</strong></span> <span class='ocrx_word' id='word_1_133' title='bbox 1942 1593 2138 1648; x_wconf 90' lang='lat' dir='ltr'><strong>Datum</strong></span> 
     </span>
     <span class='ocr_line' id='line_1_17' title="bbox 216 1701 1111 1775; baseline -0.011 -15"><span class='ocrx_word' id='word_1_134' title='bbox 216 1705 425 1774; x_wconf 83' lang='lat' dir='ltr'><strong>Romae,</strong></span> <span class='ocrx_word' id='word_1_135' title='bbox 459 1704 547 1759; x_wconf 90' lang='lat' dir='ltr'><strong>die</strong></span> <span class='ocrx_word' id='word_1_136' title='bbox 579 1722 629 1756; x_wconf 81' lang='lat' dir='ltr'><strong>xi</strong></span> <span class='ocrx_word' id='word_1_137' title='bbox 655 1701 849 1775; x_wconf 77' lang='lat' dir='ltr'><strong>aprilis</strong></span> <span class='ocrx_word' id='word_1_138' title='bbox 877 1701 1044 1755; x_wconf 71' lang='lat'><strong>1682.</strong></span> <span class='ocrx_word' id='word_1_139' title='bbox 1085 1719 1111 1750; x_wconf 87' lang='lat'>»</span> 
     </span>
    </p>

    <p class='ocr_par' dir='ltr' id='par_1_4' title="bbox 219 1791 2149 3559">
     <span class='ocr_line' id='line_1_18' title="bbox 293 1791 2144 1872; baseline -0.007 -13"><span class='ocrx_word' id='word_1_140' title='bbox 293 1805 623 1860; x_wconf 69' lang='lat' dir='ltr'><strong>DocuimNrun</strong></span> <span class='ocrx_word' id='word_1_141' title='bbox 662 1801 792 1856; x_wconf 88' lang='lat' dir='ltr'><strong>XIX.</strong></span> <span class='ocrx_word' id='word_1_142' title='bbox 834 1833 908 1840; x_wconf 91' lang='lat'>—</span> <span class='ocrx_word' id='word_1_143' title='bbox 941 1798 1180 1872; x_wconf 72' lang='lat' dir='ltr'><strong>Epistola</strong></span> <span class='ocrx_word' id='word_1_144' title='bbox 1215 1798 1551 1869; x_wconf 78' lang='lat' dir='ltr'><strong>responsoria</strong></span> <span class='ocrx_word' id='word_1_145' title='bbox 1587 1796 1654 1849; x_wconf 77' lang='lat' dir='ltr'><strong>ad</strong></span> <span class='ocrx_word' id='word_1_146' title='bbox 1693 1794 1859 1849; x_wconf 80' lang='lat' dir='ltr'><strong>Breve</strong></span> <span class='ocrx_word' id='word_1_147' title='bbox 1895 1791 2144 1847; x_wconf 85' lang='lat' dir='ltr'><strong>Paternae</strong></span> 
     </span>
     <span class='ocr_line' id='line_1_19' title="bbox 219 1892 2144 1974; baseline -0.006 -16"><span class='ocrx_word' id='word_1_148' title='bbox 219 1901 502 1970; x_wconf 89' lang='lat' dir='ltr'><strong>charitati,</strong></span> <span class='ocrx_word' id='word_1_149' title='bbox 533 1918 636 1974; x_wconf 73' lang='lat' dir='ltr'><strong>qua</strong></span> <span class='ocrx_word' id='word_1_150' title='bbox 658 1899 901 1973; x_wconf 73' lang='lat' dir='ltr'><strong>Episcopi</strong></span> <span class='ocrx_word' id='word_1_151' title='bbox 930 1899 1256 1953; x_wconf 77' lang='lat' dir='ltr'><strong>comitiorum</strong></span> <span class='ocrx_word' id='word_1_152' title='bbox 1275 1897 1398 1950; x_wconf 71' lang='lat' dir='ltr'><strong>cinni</strong></span> <span class='ocrx_word' id='word_1_153' title='bbox 1432 1894 1576 1950; x_wconf 70' lang='lat'><strong>1682</strong></span> <span class='ocrx_word' id='word_1_154' title='bbox 1610 1894 1995 1948; x_wconf 76' lang='lat' dir='ltr'><strong>schismaticam</strong></span> <span class='ocrx_word' id='word_1_155' title='bbox 2025 1892 2144 1947; x_wconf 65' lang='lat' dir='ltr'><strong>{Ioc-</strong></span> 
     </span>
     <span class='ocr_line' id='line_1_20' title="bbox 224 1992 2145 2074; baseline -0.007 -17"><span class='ocrx_word' id='word_1_156' title='bbox 224 2003 414 2057; x_wconf 78' lang='lat' dir='ltr'><strong>trinam</strong></span> <span class='ocrx_word' id='word_1_157' title='bbox 440 2002 779 2074; x_wconf 73' lang='lat' dir='ltr'><strong>profitentur,</strong></span> <span class='ocrx_word' id='word_1_158' title='bbox 816 2015 1072 2070; x_wconf 77' lang='lat' dir='ltr'><strong>quamque</strong></span> <span class='ocrx_word' id='word_1_159' title='bbox 1106 2014 1200 2051; x_wconf 63' lang='lat' dir='ltr'><strong>reas</strong></span> <span class='ocrx_word' id='word_1_160' title='bbox 1238 1995 1405 2050; x_wconf 72' lang='lat' dir='ltr'><strong>noluit</strong></span> <span class='ocrx_word' id='word_1_161' title='bbox 1443 1995 1512 2049; x_wconf 72' lang='lat' dir='ltr'><strong>cccl</strong></span> <span class='ocrx_word' id='word_1_162' title='bbox 1547 1993 1851 2064; x_wconf 75' lang='lat' dir='ltr'><strong>Pontificem</strong></span> <span class='ocrx_word' id='word_1_163' title='bbox 1888 1992 2045 2046; x_wconf 81' lang='lat' dir='ltr'><strong>mitti.</strong></span> <span class='ocrx_word' id='word_1_164' title='bbox 2070 2023 2145 2031; x_wconf 85' lang='lat'>—</span> 
     </span>
     <span class='ocr_line' id='line_1_21' title="bbox 227 2091 2143 2169; baseline -0.003 -17"><span class='ocrx_word' id='word_1_165' title='bbox 227 2101 567 2165; x_wconf 87' lang='lat' dir='ltr'><strong>«Quantum</strong></span> <span class='ocrx_word' id='word_1_166' title='bbox 611 2097 746 2154; x_wconf 90' lang='lat' dir='ltr'><strong>olim</strong></span> <span class='ocrx_word' id='word_1_167' title='bbox 795 2116 823 2152; x_wconf 89' lang='lat' dir='ltr'><strong>a</strong></span> <span class='ocrx_word' id='word_1_168' title='bbox 870 2095 1181 2169; x_wconf 84' lang='lat' dir='ltr'><strong>majoribus</strong></span> <span class='ocrx_word' id='word_1_169' title='bbox 1223 2094 1347 2151; x_wconf 84' lang='lat' dir='ltr'><strong>Sedi</strong></span> <span class='ocrx_word' id='word_1_170' title='bbox 1395 2093 1722 2167; x_wconf 81' lang='lat' dir='ltr'><strong>Apostolicae</strong></span> <span class='ocrx_word' id='word_1_171' title='bbox 1746 2091 1994 2148; x_wconf 90' lang='lat' dir='ltr'><strong>delatum</strong></span> <span class='ocrx_word' id='word_1_172' title='bbox 2036 2097 2143 2161; x_wconf 88' lang='lat' dir='ltr'><strong>est,</strong></span> 
     </span>
     <span class='ocr_line' id='line_1_22' title="bbox 224 2191 2147 2271; baseline -0.005 -16"><span class='ocrx_word' id='word_1_173' title='bbox 224 2205 445 2255; x_wconf 86' lang='lat' dir='ltr'><strong>tantum</strong></span> <span class='ocrx_word' id='word_1_174' title='bbox 481 2217 606 2270; x_wconf 88' lang='lat' dir='ltr'><strong>nos,</strong></span> <span class='ocrx_word' id='word_1_175' title='bbox 653 2197 750 2271; x_wconf 91' lang='lat' dir='ltr'><strong>qui</strong></span> <span class='ocrx_word' id='word_1_176' title='bbox 796 2196 1026 2256; x_wconf 82' lang='lat' dir='ltr'><strong>honoris</strong></span> <span class='ocrx_word' id='word_1_177' title='bbox 1061 2194 1422 2251; x_wconf 84' lang='lat' dir='ltr'><strong>sacerdotalis</strong></span> <span class='ocrx_word' id='word_1_178' title='bbox 1469 2210 1820 2249; x_wconf 88' lang='lat' dir='ltr'><strong>successores</strong></span> <span class='ocrx_word' id='word_1_179' title='bbox 1864 2191 2147 2266; x_wconf 88' lang='lat' dir='ltr'><strong>patriique</strong></span> 
     </span>
     <span class='ocr_line' id='line_1_23' title="bbox 223 2290 2147 2363; baseline -0.005 -9"><span class='ocrx_word' id='word_1_180' title='bbox 223 2299 397 2354; x_wconf 90' lang='lat' dir='ltr'><strong>animi</strong></span> <span class='ocrx_word' id='word_1_181' title='bbox 434 2298 682 2353; x_wconf 86' lang='lat' dir='ltr'><strong>haeredes</strong></span> <span class='ocrx_word' id='word_1_182' title='bbox 729 2315 948 2363; x_wconf 78' lang='lat' dir='ltr'><strong>sumuS,</strong></span> <span class='ocrx_word' id='word_1_183' title='bbox 986 2301 1183 2350; x_wconf 59' lang='lat' dir='ltr'><strong>vestra}</strong></span> <span class='ocrx_word' id='word_1_184' title='bbox 1225 2294 1511 2350; x_wconf 79' lang='lat' dir='ltr'><strong>sanctitati</strong></span> <span class='ocrx_word' id='word_1_185' title='bbox 1551 2293 1772 2361; x_wconf 84' lang='lat' dir='ltr'><strong>debere,</strong></span> <span class='ocrx_word' id='word_1_186' title='bbox 1819 2290 2147 2348; x_wconf 85' lang='lat' dir='ltr'><strong>solemniter</strong></span> 
     </span>
     <span class='ocr_line' id='line_1_24' title="bbox 223 2389 2147 2471; baseline -0.004 -20"><span class='ocrx_word' id='word_1_187' title='bbox 223 2396 573 2471; x_wconf 87' lang='lat' dir='ltr'><strong>profitemur.</strong></span> <span class='ocrx_word' id='word_1_188' title='bbox 605 2395 792 2468; x_wconf 83' lang='lat' dir='ltr'><strong>Neque</strong></span> <span class='ocrx_word' id='word_1_189' title='bbox 819 2394 875 2449; x_wconf 89' lang='lat' dir='ltr'><strong>id</strong></span> <span class='ocrx_word' id='word_1_190' title='bbox 899 2393 1086 2465; x_wconf 89' lang='lat' dir='ltr'><strong>modo,</strong></span> <span class='ocrx_word' id='word_1_191' title='bbox 1111 2394 1259 2466; x_wconf 86' lang='lat' dir='ltr'><strong>quod</strong></span> <span class='ocrx_word' id='word_1_192' title='bbox 1283 2400 1466 2449; x_wconf 62' lang='lat' dir='ltr'><strong>vestra</strong></span> <span class='ocrx_word' id='word_1_193' title='bbox 1485 2391 1774 2449; x_wconf 85' lang='lat' dir='ltr'><strong>Beatitudo</strong></span> <span class='ocrx_word' id='word_1_194' title='bbox 1801 2391 1857 2445; x_wconf 91' lang='lat' dir='ltr'><strong>in</strong></span> <span class='ocrx_word' id='word_1_195' title='bbox 1886 2389 2147 2464; x_wconf 81' lang='lat' dir='ltr'><strong>praecelso</strong></span> 
     </span>
     <span class='ocr_line' id='line_1_25' title="bbox 222 2487 2146 2567; baseline -0.005 -17"><span class='ocrx_word' id='word_1_196' title='bbox 222 2494 484 2567; x_wconf 90' lang='lat' dir='ltr'><strong>editoque</strong></span> <span class='ocrx_word' id='word_1_197' title='bbox 516 2493 775 2549; x_wconf 88' lang='lat' dir='ltr'><strong>Ecclesiae</strong></span> <span class='ocrx_word' id='word_1_198' title='bbox 807 2493 925 2548; x_wconf 91' lang='grc'>1000</span> <span class='ocrx_word' id='word_1_199' title='bbox 955 2491 1134 2565; x_wconf 90' lang='lat' dir='ltr'><strong>posita</strong></span> <span class='ocrx_word' id='word_1_200' title='bbox 1172 2498 1277 2559; x_wconf 86' lang='lat' dir='ltr'><strong>est,</strong></span> <span class='ocrx_word' id='word_1_201' title='bbox 1313 2491 1407 2546; x_wconf 87' lang='lat' dir='ltr'><strong>sed</strong></span> <span class='ocrx_word' id='word_1_202' title='bbox 1435 2496 1486 2546; x_wconf 88' lang='lat' dir='ltr'><strong>et</strong></span> <span class='ocrx_word' id='word_1_203' title='bbox 1518 2490 1670 2561; x_wconf 89' lang='lat' dir='ltr'><strong>quod</strong></span> <span class='ocrx_word' id='word_1_204' title='bbox 1700 2489 1855 2542; x_wconf 90' lang='lat' dir='ltr'><strong>illam</strong></span> <span class='ocrx_word' id='word_1_205' title='bbox 1887 2487 2146 2543; x_wconf 82' lang='lat' dir='ltr'><strong>videmus</strong></span> 
     </span>
     <span class='ocr_line' id='line_1_26' title="bbox 223 2587 2144 2666; baseline -0.003 -18"><span class='ocrx_word' id='word_1_206' title='bbox 223 2592 496 2666; x_wconf 80' lang='lat' dir='ltr'><strong>singulari</strong></span> <span class='ocrx_word' id='word_1_207' title='bbox 524 2593 731 2666; x_wconf 89' lang='lat' dir='ltr'><strong>pietate</strong></span> <span class='ocrx_word' id='word_1_208' title='bbox 762 2598 816 2647; x_wconf 90' lang='lat' dir='ltr'><strong>et</strong></span> <span class='ocrx_word' id='word_1_209' title='bbox 852 2591 1124 2662; x_wconf 77' lang='lat' dir='ltr'><strong>religione</strong></span> <span class='ocrx_word' id='word_1_210' title='bbox 1166 2608 1387 2644; x_wconf 89' lang='lat' dir='ltr'><strong>summa</strong></span> <span class='ocrx_word' id='word_1_211' title='bbox 1422 2588 1531 2644; x_wconf 89' lang='lat' dir='ltr'><strong>loci</strong></span> <span class='ocrx_word' id='word_1_212' title='bbox 1574 2587 1967 2643; x_wconf 86' lang='lat' dir='ltr'><strong>auctoritatem</strong></span> <span class='ocrx_word' id='word_1_213' title='bbox 2006 2605 2144 2643; x_wconf 61' lang='lat' dir='ltr'><strong>exa}-</strong></span> 
     </span>
     <span class='ocr_line' id='line_1_27' title="bbox 225 2689 2145 2766; baseline -0.002 -17"><span class='ocrx_word' id='word_1_214' title='bbox 225 2711 420 2766; x_wconf 89' lang='lat' dir='ltr'><strong>quare.</strong></span> <span class='ocrx_word' id='word_1_215' title='bbox 440 2693 576 2748; x_wconf 90' lang='lat' dir='ltr'><strong>Cum</strong></span> <span class='ocrx_word' id='word_1_216' title='bbox 593 2691 743 2748; x_wconf 90' lang='lat' dir='ltr'><strong>enim</strong></span> <span class='ocrx_word' id='word_1_217' title='bbox 762 2691 906 2747; x_wconf 90' lang='lat' dir='ltr'><strong>Petri</strong></span> <span class='ocrx_word' id='word_1_218' title='bbox 924 2691 1245 2747; x_wconf 88' lang='lat' dir='ltr'><strong>cathedram</strong></span> <span class='ocrx_word' id='word_1_219' title='bbox 1272 2708 1334 2745; x_wconf 90' lang='lat' dir='ltr'><strong>ea</strong></span> <span class='ocrx_word' id='word_1_220' title='bbox 1363 2708 1470 2763; x_wconf 82' lang='lat' dir='ltr'><strong>qua</strong></span> <span class='ocrx_word' id='word_1_221' title='bbox 1491 2689 1763 2746; x_wconf 88' lang='lat' dir='ltr'><strong>dehemus</strong></span> <span class='ocrx_word' id='word_1_222' title='bbox 1789 2689 2145 2746; x_wconf 82' lang='lat' dir='ltr'><strong>veneratione</strong></span> 
     </span>
     <span class='ocr_line' id='line_1_28' title="bbox 226 2790 2145 2866; baseline -0.001 -19"><span class='ocrx_word' id='word_1_223' title='bbox 226 2792 643 2866; x_wconf 69' lang='lat' dir='ltr'><strong>prosequimur,</strong></span> <span class='ocrx_word' id='word_1_224' title='bbox 666 2798 718 2848; x_wconf 91' lang='lat' dir='ltr'><strong>et</strong></span> <span class='ocrx_word' id='word_1_225' title='bbox 737 2791 950 2866; x_wconf 88' lang='lat' dir='ltr'><strong>pariter</strong></span> <span class='ocrx_word' id='word_1_226' title='bbox 973 2790 1135 2847; x_wconf 90' lang='lat' dir='ltr'><strong>nobis</strong></span> <span class='ocrx_word' id='word_1_227' title='bbox 1163 2795 1288 2846; x_wconf 81' lang='lat' dir='ltr'><strong>ante</strong></span> <span class='ocrx_word' id='word_1_228' title='bbox 1306 2791 1497 2846; x_wconf 91' lang='lat' dir='ltr'><strong>oculos</strong></span> <span class='ocrx_word' id='word_1_229' title='bbox 1517 2790 1887 2865; x_wconf 87' lang='lat' dir='ltr'><strong>proponimus</strong></span> <span class='ocrx_word' id='word_1_230' title='bbox 1907 2790 2145 2847; x_wconf 85' lang='lat' dir='ltr'><strong>virtutes</strong></span> 
     </span>
     <span class='ocr_line' id='line_1_29' title="bbox 226 2889 2146 2965; baseline -0.003 -18"><span class='ocrx_word' id='word_1_231' title='bbox 226 2891 460 2948; x_wconf 86' lang='lat' dir='ltr'><strong>eximias</strong></span> <span class='ocrx_word' id='word_1_232' title='bbox 494 2890 701 2965; x_wconf 88' lang='lat' dir='ltr'><strong>quibus</strong></span> <span class='ocrx_word' id='word_1_233' title='bbox 729 2890 999 2947; x_wconf 85' lang='lat' dir='ltr'><strong>sanctitas</strong></span> <span class='ocrx_word' id='word_1_234' title='bbox 1030 2895 1214 2946; x_wconf 84' lang='lat' dir='ltr'><strong>vestra</strong></span> <span class='ocrx_word' id='word_1_235' title='bbox 1238 2895 1433 2945; x_wconf 84' lang='lat' dir='ltr'><strong>ornata</strong></span> <span class='ocrx_word' id='word_1_236' title='bbox 1469 2895 1574 2959; x_wconf 90' lang='lat' dir='ltr'><strong>est,</strong></span> <span class='ocrx_word' id='word_1_237' title='bbox 1609 2889 1963 2946; x_wconf 85' lang='lat' dir='ltr'><strong>severitatem</strong></span> <span class='ocrx_word' id='word_1_238' title='bbox 1999 2889 2146 2944; x_wconf 92' lang='lat' dir='ltr'><strong>seili-</strong></span> 
     </span>
     <span class='ocr_line' id='line_1_30' title="bbox 227 2987 2147 3063; baseline -0.002 -18"><span class='ocrx_word' id='word_1_239' title='bbox 227 2996 311 3045; x_wconf 87' lang='lat' dir='ltr'><strong>cet</strong></span> <span class='ocrx_word' id='word_1_240' title='bbox 345 2989 765 3059; x_wconf 84' lang='lat' dir='ltr'><strong>institutorum,</strong></span> <span class='ocrx_word' id='word_1_241' title='bbox 813 2988 1069 3045; x_wconf 85' lang='lat' dir='ltr'><strong>studium</strong></span> <span class='ocrx_word' id='word_1_242' title='bbox 1117 2987 1523 3063; x_wconf 84' lang='lat' dir='ltr'><strong>amplificandae</strong></span> <span class='ocrx_word' id='word_1_243' title='bbox 1570 2987 1850 3055; x_wconf 79' lang='lat' dir='ltr'><strong>Ecclesiae,</strong></span> <span class='ocrx_word' id='word_1_244' title='bbox 1888 2992 2147 3044; x_wconf 87' lang='lat' dir='ltr'><strong>constan-</strong></span> 
     </span>
     <span class='ocr_line' id='line_1_31' title="bbox 226 3085 2147 3161; baseline -0.003 -17"><span class='ocrx_word' id='word_1_245' title='bbox 226 3095 337 3144; x_wconf 87' lang='lat' dir='ltr'><strong>tem</strong></span> <span class='ocrx_word' id='word_1_246' title='bbox 384 3088 690 3144; x_wconf 70' lang='lat' dir='ltr'><strong>retinendae</strong></span> <span class='ocrx_word' id='word_1_247' title='bbox 731 3087 940 3144; x_wconf 85' lang='lat' dir='ltr'><strong>veteris</strong></span> <span class='ocrx_word' id='word_1_248' title='bbox 997 3086 1306 3161; x_wconf 66' lang='lat' dir='ltr'><strong>disciplina}</strong></span> <span class='ocrx_word' id='word_1_249' title='bbox 1357 3086 1715 3160; x_wconf 81' lang='lat' dir='ltr'><strong>sententiam,</strong></span> <span class='ocrx_word' id='word_1_250' title='bbox 1761 3085 2147 3159; x_wconf 89' lang='lat' dir='ltr'><strong>quotidianam</strong></span> 
     </span>
     <span class='ocr_line' id='line_1_32' title="bbox 227 3185 2149 3259; baseline 0 -17"><span class='ocrx_word' id='word_1_251' title='bbox 227 3186 661 3243; x_wconf 88' lang='lat' dir='ltr'><strong>sollicitudinem</strong></span> <span class='ocrx_word' id='word_1_252' title='bbox 691 3186 948 3243; x_wconf 92' lang='lat' dir='ltr'><strong>omnium</strong></span> <span class='ocrx_word' id='word_1_253' title='bbox 968 3185 1367 3256; x_wconf 87' lang='lat' dir='ltr'><strong>Ecclesiarum,</strong></span> <span class='ocrx_word' id='word_1_254' title='bbox 1390 3186 1740 3241; x_wconf 75' lang='lat' dir='ltr'><strong>obfirmatam</strong></span> <span class='ocrx_word' id='word_1_255' title='bbox 1765 3204 1877 3241; x_wconf 92' lang='lat' dir='ltr'><strong>non</strong></span> <span class='ocrx_word' id='word_1_256' title='bbox 1896 3186 2149 3259; x_wconf 87' lang='lat' dir='ltr'><strong>acquies-</strong></span> 
     </span>
     <span class='ocr_line' id='line_1_33' title="bbox 227 3272 2147 3360; baseline 0.001 -21"><span class='ocrx_word' id='word_1_257' title='bbox 227 3286 391 3340; x_wconf 91' lang='lat' dir='ltr'><strong>cendi</strong></span> <span class='ocrx_word' id='word_1_258' title='bbox 419 3287 572 3342; x_wconf 85' lang='lat' dir='ltr'><strong>earni</strong></span> <span class='ocrx_word' id='word_1_259' title='bbox 600 3292 696 3342; x_wconf 90' lang='lat' dir='ltr'><strong>aut</strong></span> <span class='ocrx_word' id='word_1_260' title='bbox 731 3285 992 3360; x_wconf 83' lang='lat' dir='ltr'><strong>sanguini</strong></span> <span class='ocrx_word' id='word_1_261' title='bbox 1023 3272 1396 3356; x_wconf 75' lang='lat' dir='ltr'><strong>voluntatem,</strong></span> <span class='ocrx_word' id='word_1_262' title='bbox 1427 3304 1538 3341; x_wconf 92' lang='lat' dir='ltr'><strong>non</strong></span> <span class='ocrx_word' id='word_1_263' title='bbox 1567 3303 1870 3359; x_wconf 90' lang='lat' dir='ltr'><strong>possumus</strong></span> <span class='ocrx_word' id='word_1_264' title='bbox 1902 3303 2014 3340; x_wconf 93' lang='lat' dir='ltr'><strong>non</strong></span> <span class='ocrx_word' id='word_1_265' title='bbox 2050 3285 2147 3340; x_wconf 87' lang='lat' dir='ltr'><strong>ad-</strong></span> 
     </span>
     <span class='ocr_line' id='line_1_34' title="bbox 228 3383 2146 3460; baseline 0.001 -21"><span class='ocrx_word' id='word_1_266' title='bbox 228 3384 425 3440; x_wconf 87' lang='lat' dir='ltr'><strong>mirari</strong></span> <span class='ocrx_word' id='word_1_267' title='bbox 453 3390 505 3441; x_wconf 88' lang='lat' dir='ltr'><strong>et</strong></span> <span class='ocrx_word' id='word_1_268' title='bbox 536 3405 818 3442; x_wconf 88' lang='lat' dir='ltr'><strong>summam</strong></span> <span class='ocrx_word' id='word_1_269' title='bbox 858 3385 917 3441; x_wconf 93' lang='lat' dir='ltr'><strong>in</strong></span> <span class='ocrx_word' id='word_1_270' title='bbox 951 3384 1265 3441; x_wconf 88' lang='lat' dir='ltr'><strong>honoribus</strong></span> <span class='ocrx_word' id='word_1_271' title='bbox 1291 3384 1552 3458; x_wconf 81' lang='lat' dir='ltr'><strong>gloriam,</strong></span> <span class='ocrx_word' id='word_1_272' title='bbox 1579 3391 1631 3442; x_wconf 88' lang='lat' dir='ltr'><strong>et</strong></span> <span class='ocrx_word' id='word_1_273' title='bbox 1656 3402 1849 3460; x_wconf 88' lang='lat' dir='ltr'><strong>parem</strong></span> <span class='ocrx_word' id='word_1_274' title='bbox 1878 3383 1937 3438; x_wconf 93' lang='lat' dir='ltr'><strong>in</strong></span> <span class='ocrx_word' id='word_1_275' title='bbox 1973 3384 2146 3440; x_wconf 92' lang='lat' dir='ltr'><strong>mori-</strong></span> 
     </span>
     <span class='ocr_line' id='line_1_35' title="bbox 227 3483 2146 3559; baseline -0.001 -19"><span class='ocrx_word' id='word_1_276' title='bbox 227 3483 334 3540; x_wconf 87' lang='lat' dir='ltr'><strong>bus</strong></span> <span class='ocrx_word' id='word_1_277' title='bbox 353 3483 729 3559; x_wconf 91' lang='lat' dir='ltr'><strong>disciplinam.</strong></span> <span class='ocrx_word' id='word_1_278' title='bbox 746 3486 869 3541; x_wconf 84' lang='lat' dir='ltr'><strong>Haec</strong></span> <span class='ocrx_word' id='word_1_279' title='bbox 887 3489 938 3541; x_wconf 87' lang='lat' dir='ltr'><strong>et</strong></span> <span class='ocrx_word' id='word_1_280' title='bbox 959 3484 1065 3540; x_wconf 89' lang='lat' dir='ltr'><strong>alia</strong></span> <span class='ocrx_word' id='word_1_281' title='bbox 1085 3502 1209 3557; x_wconf 83' lang='lat' dir='ltr'><strong>quae</strong></span> <span class='ocrx_word' id='word_1_282' title='bbox 1231 3503 1364 3541; x_wconf 91' lang='lat' dir='ltr'><strong>sane</strong></span> <span class='ocrx_word' id='word_1_283' title='bbox 1388 3484 1683 3559; x_wconf 81' lang='lat' dir='ltr'><strong>magnifica</strong></span> <span class='ocrx_word' id='word_1_284' title='bbox 1709 3489 1864 3553; x_wconf 93' lang='lat' dir='ltr'><strong>sunt,</strong></span> <span class='ocrx_word' id='word_1_285' title='bbox 1884 3502 2146 3557; x_wconf 86' lang='lat' dir='ltr'><strong>magnam</strong></span> 
     </span>
    </p>
   </div>
   <div class='ocr_carea' id='block_1_4' title="bbox 228 3576 2160 3661">
    <p class='ocr_par' dir='ltr' id='par_1_5' title="bbox 228 3576 2160 3661">
     <span class='ocr_line' id='line_1_36' title="bbox 228 3576 2160 3661; baseline 0 -21"><span class='ocrx_word' id='word_1_286' title='bbox 228 3583 298 3640; x_wconf 90' lang='lat' dir='ltr'><strong>de</strong></span> <span class='ocrx_word' id='word_1_287' title='bbox 314 3590 498 3641; x_wconf 85' lang='lat' dir='ltr'><strong>vestro</strong></span> <span class='ocrx_word' id='word_1_288' title='bbox 525 3584 854 3642; x_wconf 86' lang='lat' dir='ltr'><strong>Pontificatu</strong></span> <span class='ocrx_word' id='word_1_289' title='bbox 875 3603 1028 3661; x_wconf 89' lang='lat' dir='ltr'><strong>spem</strong></span> <span class='ocrx_word' id='word_1_290' title='bbox 1047 3584 1201 3640; x_wconf 93' lang='lat' dir='ltr'><strong>omni</strong></span> <span class='ocrx_word' id='word_1_291' title='bbox 1227 3576 1486 3642; x_wconf 81' lang='lat' dir='ltr'><strong>Ecclesiae</strong></span> <span class='ocrx_word' id='word_1_292' title='bbox 1511 3585 1902 3658; x_wconf 88' lang='lat' dir='ltr'><strong>injecerunt...</strong></span> <span class='ocrx_word' id='word_1_293' title='bbox 1927 3582 1999 3639; x_wconf 88' lang='lat' dir='ltr'><strong>Ea</strong></span> <span class='ocrx_word' id='word_1_294' title='bbox 2019 3601 2160 3658; x_wconf 88' lang='lat' dir='ltr'><strong>spes·</strong></span> 
     </span>
    </p>
   </div>
   <div class='ocr_carea' id='block_1_5' title="bbox 2236 235 2271 280">
    <p class='ocr_par' dir='ltr' id='par_1_6' title="bbox 2236 235 2271 280">
     <span class='ocr_line' id='line_1_37' title="bbox 2236 235 2271 280; baseline 0 -43"><span class='ocrx_word' id='word_1_295' title='bbox 2236 248 2252 280; x_wconf 39' lang='grc' dir='ltr'>ἱ</span> <span class='ocrx_word' id='word_1_296' title='bbox 2267 235 2271 237; x_wconf 14' lang='lat' dir='ltr'><strong>a</strong></span> 
     </span>
    </p>
   </div>
   <div class='ocr_carea' id='block_1_6' title="bbox 2251 0 2306 1520">
    <p class='ocr_par' dir='ltr' id='par_1_7' title="bbox 2251 0 2306 1520">
     <span class='ocr_line' id='line_1_38' title="bbox 2251 0 2306 1520; baseline 0 0"><span class='ocrx_word' id='word_1_297' title='bbox 2251 0 2306 1520; x_wconf 95' lang='lat' dir='ltr'><strong> </strong></span> 
     </span>
    </p>
   </div>
  </div>
 </body>
</html>
