2262 3990
299 170 391 218 644
972 164 1269 212 TRACTATUS
1300 165 1364 211 DE
1395 166 1542 212 ΡΑΡΑ.

299 284 461 337 teret.
505 270 970 348 IgiturChristus
1014 270 1331 328 remedium
1373 270 1708 330 decrevisset
1747 273 1948 332 inutile
1978 295 2210 352 prorsus

298 395 361 432 ac
386 371 662 430 inefficax.
686 404 759 412 —-
778 369 834 425 5⁰
863 368 1121 426 Obstaret
1148 368 1418 442 ejusmodi
1446 370 1763 428 remedium
1791 372 1891 428 fini
1915 393 2080 448 quem
2107 378 2213 439 sihi

297 466 590 546 proposuit
634 466 890 523 Christus
931 465 990 522 in
1017 465 1364 522 instituendo
1403 474 1633 542 papatu.
1673 467 1826 525 Finis
1868 470 2076 546 quippe
2119 473 2213 535 ille

292 566 420 639 fuit,
459 571 575 623 tota
603 565 660 622 id
699 570 938 622 testante
967 564 1293 637 traditione,
1333 570 1397 621 ut
1421 565 1739 640 provideret
1771 569 1984 634 unitati3
2016 569 2072 624 id
2105 579 2215 646 est,-

292 672 354 723 ut
377 651 574 723 omnes
605 664 904 743 obligando
933 663 1004 720 ad
1035 663 1407 739 profitendam
1443 664 1614 721 fidem
1639 665 1877 722 Romani
1907 667 2207 744 Pontificis,

290 772 346 822 et
373 765 443 822 ad
467 764 849 822 obediendum
878 763 1061 839 ipsius
1086 762 1376 837 regimini,
1408 763 1707 821 Ecclesiam
1735 765 2068 823 catholicam
2096 768 2208 826 effi-

289 866 495 923 caciter
528 872 582 922 et
627 871 1028 940 permanenter
1065 864 1125 920 in
1163 865 1380 920 unitate
1416 865 1748 923 contineret.
1789 865 2070 922 Nimirum
2111 869 2208 929 hae

295 970 481 1022 stante
522 964 664 1038 lege,
713 962 1066 1037 impossibile
1107 961 1168 1018 fit
1215 961 1274 1017 in
1317 962 1512 1038 plures
1559 963 1971 1021 scindi÷x·eram
2015 965 2208 1027 Christi

287 1065 613 1133 Ecclesiam3
647 1063 745 1121 sed
769 1063 1030 1139 quisquis
1057 1062 1294 1118 Romani
1331 1062 1613 1120 Pontificis
1650 1063 1818 1120 fidem
1855 1065 2085 1138 deserit,
2117 1074 2214 1127 aut'

289 1164 412 1239 ejus
439 1163 701 1238 regimini
731 1163 965 1220 subesse
992 1161 1200 1231 renuit,
1228 1162 1332 1218 hoc
1364 1162 1484 1237 ipso
1517 1163 1578 1219 fit
1601 1168 1756 1220 extra
1795 1182 1985 1220 veram
2016 1164 2207 1235 Christi

287 1263 613 1332 Ecclesiam,
654 1263 739 1319 vel
784 1268 1059 1334 tanquam
1104 1259 1424 1331 haeretiC11S,
1463 1260 1550 1318 vel
1583 1267 1857 1335 tanquam
1899 1261 2208 1320 schismati-

289 1381 410 1419 cus.
448 1363 618 1418 Porro
651 1361 786 1416 huic
828 1359 1062 1416 unitatis
1091 1358 1187 1414 fini
1228 1359 1375 1415 male
1407 1359 1784 1417 consuluisset
1826 1361 2080 1419 Christus
2117 1380 2208 1438 per

290 1468 631 1537 prietensum
671 1461 739 1516 de
777 1479 890 1534 quo
933 1454 1154 1533 agimus
1197 1459 1537 1516 remedium.
1585 1459 1747 1533 Nam,
1795 1461 1902 1517 sub
1944 1467 2206 1535 praetextu

287 1581 593 1639 pravorum
655 1560 894 1617 Romani
947 1559 1230 1616 Pontificis
1284 1577 1535 1630 morum,
1596 1560 1939 1617 contendere
1987 1567 2207 1637 possent

287 1663 455 1719 multi
500 1681 628 1718 eum
678 1665 885 1736 papatu
937 1658 1231 1730 excidisse,
1284 1665 1338 1714 et
1385 1658 1804 1733 procedendum
1866 1660 1934 1715 ad
1984 1661 2208 1719 alterius

286 1763 638 1829 election0m3
692 1760 906 1816 creteris
954 1759 1201 1834 idipsum
1244 1758 1562 1832 legitimum
1605 1760 1964 1832 negantibus.
2013 1759 2208 1834 Sicque

285 1861 343 1915 in
385 1861 524 1917 duas
572 1866 758 1935 partes
796 1858 1043 1914 Ecclesia
1086 1858 1462 1931 scinderetur,
1519 1859 1658 1932 quin
1699 1867 1851 1915 certa
1890 1859 2031 1916 foret
2078 1859 2208 1916 obli·

285 1961 436 2034 gatio
479 1978 653 2015 unam
699 1959 887 2034 potius
925 1976 1096 2029 quam
1136 1958 1368 2014 alteram
1416 1977 1516 2032 pro
1562 1977 1689 2014 vera
1731 1959 1974 2015 Ecclesia
2010 1958 2208 2016 Christi

288 2060 729 2136 agnoscendi.—
752 2060 807 2114 4⁰
831 2059 1077 2114 Tandem
1103 2058 1161 2113 in
1189 2060 1291 2113 hac
1319 2059 1636 2133 hypothesi,
1668 2060 1817 2132 quod
1847 2078 2044 2135 nempe
2067 2061 2211 2136 Papa

283 2180 383 2236 per
419 2179 618 2237 pravos
650 2177 783 2215 suos
827 2176 1013 2213 mores
1052 2158 1124 2213 sit
1161 2160 1273 2230 ipso
1311 2160 1453 2230 sacto
1482 2158 1792 2232 deposituS,
1838 2177 2061 2234 serpere
2102 2160 2207 2216 fre-

283 2264 522 2334 quenter
554 2255 757 2332 poterit
799 2254 1037 2310 dubium
1071 2258 1159 2323 (ex
1202 2254 1610 2310 malevolorum
1643 2256 1956 2328 praesertim
1997 2257 2206 2313 calum-

284 2357 395 2414 niis
436 2363 485 2413 et
531 2351 1099 2422 machinationibus),
1149 2371 1219 2407 an
1264 2352 1362 2425 qui
1408 2352 1500 2409 hic
1545 2359 1596 2409 et
1639 2372 1789 2410 nunc
1829 2354 2036 2411 dicitur
2068 2356 2206 2431 Papa

282 2456 412 2513 talis
442 2472 634 2511 revera
664 2452 756 2523 sit,
788 2457 840 2507 et
869 2469 1003 2506 num
1037 2468 1232 2506 omnes
1253 2451 1374 2525 ejus
1395 2451 1876 2525 jurisdictionales
1903 2461 2060 2510 actus
2086 2453 2204 2511 nul-

283 2558 441 2614 litate
480 2557 760 2612 laborent.
800 2553 874 2608 Ex
901 2571 1011 2626 quo
1055 2551 1172 2607 solo
1203 2551 1547 2608 consectario
1580 2552 1716 2608 satis
1759 2553 1935 2627 liquet
1972 2573 2084 2610 non
2112 2571 2202 2630 po-

283 2657 462 2713 tuisse
491 2654 779 2711 Christum
817 2653 978 2723 velle,
1022 2658 1082 2708 ut
1114 2652 1257 2726 Papa
1299 2669 1399 2727 per
1437 2670 1634 2726 pravos
1673 2670 1857 2708 mores
1907 2659 2051 2709 esset
2087 2653 2201 2728 ipso

284 2757 430 2812 facto
472 2746 782 2829 depositus,
815 2786 888 2793 —
918 2753 972 2807 5⁰
1013 2751 1282 2807 Caeterum
1319 2767 1505 2823 neque
1535 2749 1592 2805 id
1627 2750 1977 2806 contendunt
2015 2752 2200 2808 adver-

288 2856 420 2913 sarii
454 2872 597 2928 quos
637 2851 728 2908 hic
770 2851 1154 2907 confutamus.
1194 2849 1305 2923 Ipsi
1346 2866 1551 2923 nempe
1582 2848 1778 2905 volunt
1826 2849 2053 2924 Papam,
2096 2865 2200 2906 non

285 2954 514 3030 quidem
542 2953 666 3028 ipso
694 2950 837 3006 facto
860 2966 983 3005 esse
1006 2946 1348 3023 depositum,
1385 2946 1484 3002 sed
1506 2965 1669 3021 posse
1699 2947 1767 3003 ob
1799 2967 1997 3022 pravos
2023 2963 2210 3004 mores.

285 3072 314 3109 a
340 3051 578 3109 concilio
618 3047 846 3124 deponi.
888 3047 1026 3102 Nam
1066 3045 1196 3101 inde
1232 3044 1505 3118 colligunt
1550 3045 1943 3102 auctoritatem
1987 3042 2213 3115 concilii¹

285 3171 458 3228 supra
486 3152 712 3226 Papam.
749 3148 881 3213 Quae
911 3146 1200 3202 conclusio
1248 3151 1504 3221 apertam
1548 3146 1830 3202 insaniam
1877 3153 2116 3222 saperet,
2156 3142 2221 3222 sis

287 3258 550 3328 ageretur
572 3252 640 3307 de
665 3251 810 3325 Papa
833 3247 951 3323 jam
979 3247 1255 3322 deposito,
1287 3264 1387 3302 seu
1412 3245 1645 3320 quijam
1672 3247 1812 3322 Papa
1839 3266 1952 3303 non
1977 3252 2079 3304 est.
2103 3243 2218 3302 Sed.-

286 3369 469 3425 neque
494 3357 642 3407 stare
672 3352 854 3424 potest.
880 3347 997 3403 haec
1023 3346 1227 3403 ultima
1257 3363 1452 3402 eorum
1477 3346 1821 3422 hypothesis.
1855 3349 2012 3413 Nam,

358 3449 421 3503 V.
456 3448 732 3520 Repuqnat
774 3444 1042 3501 Christum
1079 3444 1305 3499 voluisse
1345 3461 1408 3498 ac
1445 3445 1733 3500 instituisse
1767 3454 1821 3500 ut
1863 3445 2034 3518 Papa,
2083 3444 2215 3498 licet.

289 3561 391 3598 non
423 3547 689 3618 depositus
723 3547 838 3618 ipso
872 3545 1014 3616 sacto
1050 3562 1149 3616 per
1167 3561 1362 3617 pravos
1392 3560 1565 3599 mores
1593 3562 1739 3613 suos,
1773 3553 1949 3617 posset
1975 3553 2146 3598 tamen
2165 3539 2226 3595 αι’

290 3641 505 3697 concilio
531 3644 765 3713 judicari
795 3650 846 3698 et
873 3642 1084 3716 deponi.
1117 3675 1184 3682 —
1211 3639 1429 3697 Etenim
1463 3640 1508 3696 si
1533 3641 1677 3716 Papa
1712 3659 1813 3715 per
1846 3658 2042 3715 pravos
2069 3653 2195 3694 suos
