2262 3990
853 186 982 236 PARS
1012 186 1252 235 SECUNDA.
1909 189 1998 237 595

120 298 271 357 aliter
300 299 471 371 sapuit
513 296 826 370 Cyprianus,
872 297 919 350 si
953 296 1150 368 scripta
1189 295 1296 368 ejus
1338 311 1452 351 esse
1484 301 1707 366 constat,
1746 313 1860 369 quae
1897 314 1996 368 pro

117 397 254 454 vobis
293 395 609 468 proferenda
637 393 980 449 arbitramini.
1008 391 1144 448 Item
1179 390 1325 448 libro
1353 391 1396 463 1,
1422 391 1600 467 capite
1632 411 1766 447 xxxn
1803 400 1996 450 contra

118 492 473 550 cresconium
502 512 513 545 ε
547 491 681 549 Nam
715 497 765 546 et
804 507 894 548 vos
925 491 1178 563 profertis
1221 489 1496 546 concilium
1539 490 1995 564 Cypriani,.quocl

121 600 210 649 aut
243 609 349 647 non
383 598 459 647 est
487 592 704 663 factam,
742 595 832 645 aut
868 590 1070 644 caeteris
1097 590 1319 644 unitatis
1343 589 1608 658 membris,
1637 606 1668 644 a
1696 589 1874 661 quibus
1909 588 1999 645 ille

121 706 220 745 non
249 689 442 744 divisus
465 694 560 752 est,
590 687 774 741 merito
797 691 1114 758 superatum.
1148 683 1325 756 Neque
1353 686 1801 762 enim-propterea
1822 703 1999 742 sumus

119 786 384 859 Cypriano
407 783 666 851 meliores,
709 781 755 835 si
788 788 958 836 tamen
991 780 1185 834 censuit
1213 780 1482 835 haereticos
1519 781 1688 837 denuo
1716 783 1993 855 baptizari.

116 880 255 954 Ergo
289 880 346 935 in
379 878 609 935 dubium
636 875 866 932 vocabat
898 875 952 930 S.
981 875 1326 947 Augustinus
1359 875 1616 950 Cypriani
1662 879 1995 936 sententiam

113 975 180 1033 de
223 973 566 1049 baptizandis
610 973 793 1029 denuo
840 970 1143 1035 haereticiS‚
1193 977 1246 1027 et
1292 971 1526 1044 negabat
1566 980 1717 1030 certo
1758 976 1997 1048 genuina

111 1088 230 1127 esse
259 1071 587 1127 documenta
613 1068 945 1126 sententiam
973 1068 1127 1123 illam
1162 1067 1418 1142 Cypriani
1450 1068 1728 1124 testantia.
1763 1070 1997 1127 Proinde

107 1165 356 1243 Cypriani
392 1166 564 1223 etiam
603 1166 672 1223 ad
711 1166 1033 1241 Pompeium
1065 1164 1307 1240 epistolae
1345 1165 1514 1221 dubia
1545 1165 1851 1238 Augustino
1890 1167 1998 1222 fuit

113 1263 524 1330 authenticitas3
575 1270 629 1320 et
664 1264 797 1319 dum
839 1281 961 1319 eam
995 1263 1301 1337 proutalia
1344 1262 1618 1337 ejusmodi
1660 1263 1994 1320 documenta

108 1360 260 1427 citat,
298 1361 547 1434 loquitur
583 1361 951 1436 hypothetice,
988 1360 1174 1426 idest,
1209 1361 1377 1417 etiam
1418 1361 1475 1415 in
1517 1361 1806 1437 hypothesi
1846 1361 1994 1434 quod

110 1457 347 1528 genuina
379 1458 542 1513 soret.

182 1553 396 1625 Objicies
440 1555 515 1610 2⁰.
550 1587 618 1596 —
650 1555 722 1611 De
754 1555 1006 1630 Cypriani
1034 1556 1101 1612 ad
1139 1555 1455 1628 Pompeium
1489 1554 1719 1628 epistola
1760 1555 1993 1612 mentio-

107 1666 232 1706 nem
261 1651 428 1707 etiam
457 1651 586 1707 facit
612 1652 649 1706 F
654 1652 924 1722 aeunduS,
969 1653 1379 1709 Hermianensis
1402 1652 1727 1726 EpiscopUS,
1759 1651 1816 1705 in
1848 1650 1991 1707 libro

108 1756 285 1802 eontra
317 1749 633 1804 Mocianum.

181 1844 485 1916 Respomleo
514 1867 530 1898 .·
562 1846 639 1902 Ita
665 1846 887 1919 quidem
921 1846 1156 1902 habetur
1179 1845 1237 1900 in
1271 1844 1417 1900 notis
1442 1843 1509 1899 ad
1548 1843 1755 1899 dictam
1786 1844 1990 1917 episto-

103 1939 237 2011 lam,
279 1941 336 1996 in
367 1926 605 1998 editione
641 1943 867 1999 Baluzii.
909 1943 1014 1999 Sed
1048 1942 1390 1997 mentionem
1430 1941 1586 1996 illam
1630 1959 1741 1997 non
1779 1941 1985 2015 inveni,

103 2039 354 2109 quamvis
388 2039 618 2111 legerim
652 2046 830 2096 totum
862 2039 1032 2096 istum
1059 2038 1302 2095 Facundi
1327 2039 1534 2094 librum
1567 2039 1632 2093 acl
1671 2038 1983 2111 Moeianum,

110 2141 273 2208 prout
308 2136 489 2192 editus
522 2142 602 2192 est
639 2138 697 2191 in
738 2139 1048 2208 Patroloqia
1075 2138 1263 2209 Miqne,
1300 2143 1451 2192 tomo
1484 2136 1669 2202 LXVII,
1706 2137 1811 2191 col.
1855 2138 1983 2192 854.

116 2228 383 2299 Equidem
428 2231 502 2285 ibi
551 2233 675 2303 (eol.
726 2233 854 2303 864)
899 2232 1148 2304 loquitur
1190 2232 1481 2287 Facundus
1528 2231 1595 2286 de
1636 2232 1990 2287 contentione

113 2322 438 2400 Gyprianum
479 2325 624 2380 inter
657 2332 710 2381 et
728 2326 1065 2398 Stephanum
1094 2328 1433 2397 Pontificem,
1461 2346 1629 2399 quam
1655 2327 1869 2382 videtur
1899 2345 1989 2383 ve-

107 2436 229 2474 ram
276 2438 604 2494 supponere3
646 2423 742 2478 sed
773 2441 1026 2498 expresse
1060 2424 1127 2480 de
1159 2425 1386 2499 epistola
1423 2424 1490 2480 ad
1524 2425 1843 2498 Pompeium
1879 2443 1988 2480 non

108 2514 375 2587 loquitur.
417 2518 622 2574 Claruit
662 2525 843 2575 autem
884 2521 1169 2576 Facundus
1226 2522 1370 2578 circa
1423 2522 1669 2578 medium
1718 2522 1982 2577 saeculum

109 2618 344 2669 sextum.
395 2614 555 2669 Porro
596 2633 707 2671 non
748 2635 1015 2690 negamus
1057 2625 1306 2676 auctores
1346 2620 1485 2676 sexti
1530 2626 1582 2675 et
1628 2620 1982 2692 sequentium
2039 2619 2044 2622 ’

110 2710 433 2766 saeculorum
469 2712 675 2768 factum
706 2715 1084 2790 Cyprianicum
1126 2736 1316 2773 verum
1354 2717 1720 2774 existimasse.
1742 2717 1807 2773 At
1839 2718 1983 2774 infra

45 2827 65 2844 ι
107 2803 426 2876 probamus,
451 2825 561 2863 non
593 2811 771 2866 valere
795 2813 896 2868 hac
921 2812 978 2868 in
1002 2831 1061 2869 re
1085 2813 1334 2888 ipsorum
1359 2814 1764 2882 testimonium,
1790 2819 1984 2886 utpote

110 2899 205 2970 qui
238 2916 303 2955 ex
336 2901 546 2959 falsatis
571 2924 800 2979 operum
826 2909 1082 2983 Cypriani
1116 2911 1400 2967 codicibus
1434 2911 1647 2983 decepti
1676 2916 1828 2964 sunt.

178 2994 282 3052 vll.
321 2997 396 3051 De
422 3003 636 3056 coneilio
675 3005 1117 3078 Carthaginiensi,
1159 3011 1218 3063 in
1250 3027 1407 3064 eausa
1445 3010 1770 3079 baptismatis
1804 3008 1977 3062 tertio.

119 3109 123 3113 ·
186 3090 426 3147 liabetur
456 3096 600 3168 apud
638 3098 813 3156 Lahbe
841 3105 1011 3174 (tomo
1035 3103 1074 3169 I,
1102 3104 1206 3160 eol.
1239 3104 1368 3173 786,
1391 3104 1635 3170 ParisiiS,
1663 3102 1851 3166 1671).
1877 3102 1981 3158 Me-

109 3202 234 3240 rum
290 3197 667 3246 commentum
709 3211 828 3251 esse
872 3196 1015 3252 istud
1067 3199 1365 3253 concilium
1404 3199 1639 3271 probant
1688 3202 1978 3270 sequentes

105 3279 347 3336 rationes
378 3301 388 3333 ε

179 3378 234 3430 1⁰
261 3377 313 3431 Si
346 3396 531 3435 revera
574 3381 920 3439 celebratum
960 3386 1153 3444 fuisset
1195 3389 1403 3445 dietum
1453 3390 1774 3460 concilium,
1803 3397 1971 3466 prout

102 3472 239 3528 illud
269 3474 536 3533 habemus
566 3484 619 3533 et
655 3487 817 3552 prout
845 3483 1115 3556 allegatur
1142 3503 1172 3540 a
1197 3485 1512 3557 DonatistiS,
1538 3491 1750 3546 notoria
1774 3489 1974 3548 suisset

99 3568 221 3642 ejus
254 3573 635 3635 authenticitas
677 3579 850 3636 saneti
889 3581 1183 3655 Augustini
1214 3590 1481 3660 tempore,
1525 3587 1578 3642 id
1609 3594 1711 3661 est,
1739 3597 1964 3648 centum
