2262 3990
832 166 960 228 pias
989 165 1227 215 sacuam.
1283 157 1294 169 ·
1878 159 1969 207 ⁴75

96 279 388 340 Pontificiae
417 277 636 346 litterae,
673 274 877 350 quibus
903 278 1000 330 aut
1023 269 1223 327 Paulus
1249 266 1289 323 V
1319 271 1412 322 aut
1440 263 1692 349 Urbanus
1718 261 1848 334 VIII,
1874 267 1970 318 aut

98 378 242 437 alius
276 375 508 449 quilibet
531 372 804 442 Pontifex,
839 370 1043 427 dictam
1073 362 1593 424 condemnationem
1615 358 1972 436 Copernicani

100 471 413 547 systematis
444 474 622 526 ratam
653 466 910 524 habuerit
939 483 1001 521 ac
1032 458 1461 520 confirmaverit.

177 567 231 621 2⁰
267 565 368 621 Sed
403 582 580 638 neque
609 566 768 635 extat
803 563 860 617 in
894 560 1009 617 ullo
1045 556 1423 615 Cardinalium
1478 555 1696 611 decreto
1728 552 1979 609 clausula

104 662 261 717 dictae
295 661 699 732 confirmationis
728 662 824 714 aut
860 656 1099 729 specialis
1141 652 1376 708 mandati
1413 649 1646 706 Romani
1677 646 1973 704 pontificis.

104 756 381 830 Imprimis
416 772 525 811 non
562 758 709 811 extat
743 751 799 807 in
829 750 1045 806 decreto
1079 748 1256 804 Sacrae
1291 744 1740 819 Congregationis
1778 743 1979 818 Indicis

106 854 139 909 5
169 851 355 908 martii
388 851 555 920 1616,
595 865 706 921 quo
730 844 1032 921 propositio
1073 849 1288 899 motum
1331 849 1492 898 terrae
1524 848 1575 898 et
1610 840 1979 897 mobilitatem

105 950 207 1006 soli
234 950 550 1005 adscribens
586 944 859 1001 declarata
885 949 966 999 est
993 942 1132 1014 falsa
1169 949 1215 996 et
1242 940 1430 995 divinae
1456 939 1743 1012 Scripturas
1778 941 1982 995 omnino

106 1048 390 1102 adversans
423 1042 562 1115 (vide
600 1041 753 1097 illius
783 1046 997 1097 textum
1026 1056 1217 1112 supra,
1254 1040 1280 1109 ἓ
1312 1037 1366 1108 1,
1392 1037 1791 1093 documentum
1829 1037 1894 1109 Ι).
1930 1035 1984 1090 Si

106 1143 324 1198 decreto
348 1139 477 1196 huic
502 1138 820 1196 accessisset
843 1137 1189 1194 confirmatio
1210 1134 1511 1205 Pontificis,
1531 1140 1652 1209 post
1679 1135 1843 1190 verba
1865 1151 1988 1206 pro-

106 1240 257 1306 hibet,
282 1239 492 1293 damnat
512 1245 663 1310 atque
689 1238 977 1310 suspendit,
1000 1235 1177 1309 posita
1203 1234 1400 1290 fuisset
1427 1232 1587 1288 solita
1604 1231 1858 1287 clausula
1881 1252 1891 1283 :
1921 1229 1988 1286 Et

108 1337 249 1408 facta
271 1354 364 1407 per
387 1354 469 1390 me
499 1337 641 1407 infra
673 1336 919 1407 scriptum
955 1332 1214 1388 relatione
1244 1331 1602 1400 SanctissimO,
1627 1329 1991 1386 Sanctissimus

112 1433 458 1502 confirmavit,-
492 1431 577 1487 vel
617 1431 821 1487 diceret
854 1429 1203 1503 congregatio
1230 1449 1241 1481 :
1271 1429 1339 1485 Et
1377 1446 1610 1501 praesens
1642 1428 1905 1482 decretum
1932 1425 1995 1479 de

111 1528 323 1598 speciali
361 1526 606 1581 mandato
657 1525 982 1581 Sanctissimi
1025 1525 1325 1597 publicavit.
1360 1525 1526 1579 Porro
1575 1521 1719 1577 nihil
1764 1520 1875 1576 tale
1918 1518 1995 1575 ibi

113 1623 374 1696 rcpcrics3
421 1623 513 1679 sed
546 1630 667 1697 post
702 1622 862 1679 vcrba
896 1624 1111 1678 damnat
1154 1631 1302 1695 atque
1340 1622 1625 1694 suspendit,
1675 1619 2010 1699 immediate.

116 1727 428 1791 sequuntur
461 1720 562 1776 ista
599 1742 610 1774 ε
657 1719 717 1776 In
751 1738 965 1792 qnorum
1004 1721 1160 1791 fidem
1195 1737 1429 1792 praesens
1464 1719 1726 1773 decretum
1758 1732 1916 1770 mann
1942 1722 1993 1769 et

112 1817 277 1889 sigillo
315 1816 653 1872 illustrissimi
691 1823 743 1872 et
780 1817 1193 1872 reverendissimi
1217 1814 1514 1872 Carclinalis
1552 1820 1743 1870 sanctas
1775 1808 1996 1870 Caecila'ae

114 1914 355 1987 Episcopi
381 1914 690 1969 Albanensis
715 1916 978 1985 signatum
1011 1920 1057 1967 et
1091 1914 1344 1967 munitum
1372 1913 1491 1982 suit.
1901 1906 1906 1910 ’

190 2012 244 2067 5⁰
285 2011 389 2067 Nec
418 2010 703 2067 invenitur
736 2010 879 2066 dicta
910 2009 1158 2066 clausula
1198 2010 1255 2064 in
1290 2009 1505 2064 decreto
1544 2006 1721 2062 Sacrae
1762 2005 1999 2079 Congre-

119 2109 354 2182 gationis
389 2088 598 2164 indicis¹
627 2108 760 2164 anni
789 2107 932 2163 1620
978 2107 1119 2178 <vide
1150 2106 1288 2160 iliud
1315 2123 1502 2178 supra,
1544 2106 1653 2174 gi,
1694 2104 2002 2159 documen-

123 2207 351 2273 tuniss).
382 2207 484 2260 Sed
510 2224 685 2277 neque
719 2207 775 2260 in
803 2205 1078 2260 sententia
1104 2211 1294 2259 contra
1324 2203 1612 2258 Galilaeum
1637 2203 2001 2275 pronuntiata

131 2300 271 2369 (vide
302 2307 509 2355 textum
536 2319 726 2374 supra,
751 2303 777 2371 ἒ
805 2300 855 2370 1,
887 2301 1286 2355 documentum
1318 2300 1423 2371 lv).
1456 2299 1518 2352 Et
1544 2299 1767 2353 tandem
1798 2298 2003 2354 nullibi
2055 2332 2058 2334 -

132 2395 371 2468 reperies
408 2394 716 2451 clausulam
742 2396 895 2451 illam
943 2396 1010 2452 de
1041 2395 1396 2470 superaddita
1425 2397 1581 2469 Papae
1608 2397 2007 2466 confirmatione

134 2499 225 2547 aut
264 2490 475 2563 speciali
509 2494 774 2547 mandato,
809 2493 959 2549 Unde
993 2494 1089 2566 qui
1124 2499 1394 2549 assereret
1432 2493 1742 2557 Romanum
1785 2492 2005 2548 Pontifi-

133 2605 249 2644 cem
287 2606 442 2643 suam
470 2588 662 2644 fecisse
685 2589 889 2650 dictam
920 2591 1419 2660 condemationem,
1457 2590 1511 2645 id
1543 2591 1682 2646 salso
1709 2596 2000 2658 assereret,

131 2700 257 2740 cum
284 2684 501 2740 nullum
533 2685 927 2742 documentum
954 2688 1008 2743 id
1035 2694 1290 2757 testetur,
1323 2694 1376 2743 et
1404 2706 1516 2744 non
1542 2695 1768 2762 possent
1811 2687 2000 2744 deesse

131 2775 477 2849 documenta,
512 2778 558 2833 si
585 2797 773 2836 revera
802 2798 891 2837 res
924 2782 1268 2855 contigisset.

208 2871 457 2929 Pnosnon
497 2875 539 2929 ΙΙ
585 2880 890 2934 testimoniis
937 2882 1198 2951 positivis.
1235 2913 1304 2920 —
1355 2883 1407 2937 ¹10
1435 2882 1654 2938 Dicebat
1691 2883 1995 2949 Descartes,

135 2965 335 3039 clapsis
362 2967 497 3040 jam,
521 2976 642 3043 post
672 2973 1084 3046 pronuntiatam
1109 2974 1316 3031 Galilaei
1352 2975 1870 3031 condemnationem
1909 2989 2008 3029 sex

139 3062 425 3119 mensibus
458 3084 470 3118 :
519 3064 597 3120 Ne
634 3077 823 3139 voyant
857 3073 1006 3141 point
1038 3088 1226 3126 encore
1264 3090 1362 3143 que
1402 3080 1534 3127 cette
1567 3089 1780 3127 censure
1816 3072 1888 3125 ait
1929 3071 2014 3126 e'te'

138 3159 393 3213 autorise'e
414 3177 513 3230 par
537 3160 585 3214 le
626 3161 835 3234 Pape...
870 3164 935 3218 Je
966 3165 1071 3221 n’ai
1093 3168 1243 3237 point
1270 3185 1454 3222 encore
1485 3185 1551 3221 vu
1576 3185 1672 3239 qne
1705 3170 1760 3222 ni
1788 3166 1834 3222 le
1865 3165 2005 3241 Papo

138 3257 189 3309 ni
216 3255 262 3310 Ie
288 3255 478 3311 concile
502 3258 642 3312 aient
663 3260 838 3330 ratifie'
854 3267 983 3315 cette
1003 3262 1218 3332 defense
1246 3262 1619 3336 (d'enseigner
1650 3281 1760 3336 que
1782 3263 1836 3320 la
1858 3271 2005 3322 terre

140 3352 379 3421 tournc).
406 3351 727 3408 Contcxtum
754 3353 875 3410 vide
899 3373 1066 3429 supra
1100 3359 1141 3428 (ἓ
1172 3357 1227 3425 1,
1252 3358 1647 3415 documentum
1665 3361 1747 3433 V).
1775 3360 2006 3420 Maxime

137 3444 312 3518 igitur
343 3447 727 3504 attendebatur
761 3449 829 3504 ad
866 3450 1007 3506 hanc
1046 3451 1540 3526 circumstantiam,
1581 3471 1652 3511 an
1688 3455 2006 3514 accessisset

139 3540 483 3598 confirmatio
522 3542 755 3600 Romani
809 3545 1106 3604 Pontificis.
1150 3547 1296 3605 Undc
1335 3549 1384 3606 si
1424 3567 1614 3608 revera
1663 3550 1999 3620 accessisset,
