2262 3990
821 163 947 212 PARS
977 162 1216 211 SECUNDA.
1874 157 1961 204 497

86 287 168 338 tas
206 275 442 353 synodos
495 272 781 347 objiciunt.
833 271 967 327 Nam
1016 269 1227 345 seipsos
1260 263 1604 324 confodiunt.
1659 263 1717 320 Si
1765 279 1963 338 nempe

83 394 276 435 verum
316 375 454 430 foret
492 390 592 447 pro
649 369 1044 426 infallibilibus
1099 367 1167 424 ab
1215 365 1283 422 iis
1328 362 1552 443 synodis
1600 379 1712 419 non
1751 361 1967 418 habitas

84 473 258 529 fuisse
304 467 582 525 Coelestini
607 473 661 524 et
705 465 901 523 Leonis
950 462 1298 522 definitiones
1334 478 1433 518 seu
1467 458 1751 535 epistolas,
1779 462 1966 514 actum

86 569 258 646 simul
286 573 427 625 esset
452 567 522 623 de
562 564 844 622 Gallicano
877 567 1197 638 systemate,
1246 578 1355 633 quo
1391 556 1704 614 infallibilis
1730 573 1972 632 pronun-

86 670 256 726 tiatur
292 649 536 725 definitio
562 663 791 720 Romani
814 651 1088 718 Pontificis
1106 663 1152 716 si
1178 661 1337 732 fuerit
1360 660 1420 715 ab
1451 658 1680 715 Ecclesia
1706 657 1983 731 dispersa„

88 781 344 841 expresse
371 763 458 819 vel
490 762 654 819 etiam
696 757 862 815 tacite
907 773 1006 812 seu
1042 755 1287 826 silentio,
1331 756 1641 828 approbata.
1683 753 1972 809 Enimvero

89 861 248 918 dictae
278 856 556 915 Coelestini
581 861 634 911 et
658 851 849 910 Leonis
873 849 1227 907 definitiones
1247 849 1362 922 jam
1388 849 1552 922 plane
1581 849 1641 903 in
1676 853 1786 904 tota
1811 852 1974 921 gene·

90 956 282 1012 raliter
305 953 544 1010 Ecclesia
570 955 802 1023 receptae
818 946 1063 1018 fuerant,
1093 944 1317 1018 quando
1346 944 1587 1018 praefatae
1611 943 1806 1020 synodi
1831 944 1971 1000 cele-

87 1051 259 1106 bratae
286 1056 435 1104 sunt.
486 1047 624 1118 Ergo
671 1043 1023 1100 definitiones
1050 1041 1181 1114 illae,
1222 1041 1391 1097 etiam
1420 1040 1578 1113 juxta
1627 1039 1972 1096 Gallicanum

88 1154 350 1221 systema,
377 1145 492 1217 jam
511 1147 669 1198 erant
695 1140 1035 1196 infallibiles.
1063 1139 1351 1194 Errassent
1372 1136 1604 1211 proinde
1629 1134 1970 1207 Ephesinum

88 1247 140 1300 et
156 1241 595 1297 Chalcedonense
612 1237 911 1294 concilium
938 1255 1030 1293 eas
1056 1235 1405 1292 definitiones
1430 1252 1541 1289 non
1568 1233 1825 1288 habendo
1852 1239 1975 1288 tan-

88 1357 254 1414 quam
281 1337 623 1406 infallibiles‚
646 1340 698 1391 et
717 1353 808 1391 eas
831 1335 887 1389 in
909 1336 1060 1390 hunc
1079 1334 1246 1390 finem
1269 1330 1644 1394 retractandO‚
1678 1336 1740 1386 ut
1759 1330 1998 1413 disquis

84 1446 305 1495 reretur
331 1455 466 1493 num
501 1442 684 1493 essent
719 1434 1077 1507 corrigendae.

159 1536 221 1589 V.
258 1533 696 1590 Evidentissimis
742 1531 1008 1606 exemplis
1045 1535 1285 1599 constat,
1318 1547 1348 1585 a
1377 1527 1631 1585 conciliis
1664 1526 1966 1582 oecumeni-

86 1633 164 1687 cis
184 1632 304 1688 sieri
322 1632 465 1687 dicto
485 1650 654 1688 sensu
681 1629 1094 1705 pontificiarum
1112 1626 1502 1684 definitionum
1526 1625 1969 1694 retractationeS,

86 1727 224 1799 quin
254 1727 337 1782 vel
367 1727 665 1782 minimum
692 1726 977 1782 dubitetur
1001 1725 1070 1780 de
1097 1741 1290 1779 earum
1326 1721 1710 1778 definitionum
1737 1721 1967 1776 veritate

86 1831 139 1879 et
189 1822 604 1879 infallibilitate.
650 1823 751 1878 Leo
793 1822 856 1892 X,
911 1821 1063 1876 verbi
1114 1819 1313 1892 gratia,
1357 1836 1455 1892 per
1485 1818 1698 1874 bullam
1727 1818 1960 1889 Eoeurye,

87 1939 232 1977 anno
265 1921 431 1990 1520,
461 1921 516 1976 id
552 1928 657 1989 est,
691 1920 887 1992 viginti
925 1918 1175 1992 quinque
1220 1918 1379 1972 annis
1420 1923 1549 1972 ante
1577 1916 1966 1973 Tridentinuin

85 2017 401 2089 concilium,
431 2017 636 2072 multos
661 2015 1119 2072 Lutheri'errores
1150 2013 1452 2070 damnavit.
1473 2013 1537 2068 Et
1558 2013 1714 2068 bulla
1749 2014 1864 2069 haec
1899 2014 1967 2069 ab

85 2114 358 2170 universis
389 2115 538 2170 orbis
569 2113 825 2169 catholici
850 2111 1131 2184 Episcopis
1157 2117 1377 2183 recepta
1404 2110 1510 2164 fuit
1540 2116 1592 2164 et
1619 2111 1927 2183 approbata
1953 2135 1963 2177 ;

82 2209 159 2264 ita
183 2216 247 2264 ut
271 2227 368 2282 per
394 2210 518 2264 illos
540 2209 734 2280 viginti
765 2209 1012 2280 quinque
1035 2225 1207 2262 annos
1235 2207 1331 2277 qui
1364 2205 1664 2260 concilium
1691 2207 1964 2262 Tridenti-

85 2322 223 2359 num
257 2311 674 2377 praecesserunt,
702 2303 894 2359 eadem
918 2304 1069 2358 bulla
1093 2321 1192 2376 pro
1214 2302 1406 2374 regula
1436 2301 1564 2355 fidei
1593 2301 1742 2375 apud
1776 2303 1962 2356 catho-
1999 2361 2004 2365 ,

87 2401 221 2457 licos
258 2400 439 2455 habita
485 2400 579 2466 sit3
630 2417 730 2455 nec
764 2399 1078 2454 dubitatum
1129 2404 1208 2455 est
1247 2398 1385 2470 quin
1434 2397 1572 2452 falsa
1612 2403 1665 2452 et
1707 2397 1964 2452 liaeretica

85 2504 226 2554 esset
249 2498 497 2553 doctrina
529 2498 606 2553 sic
623 2497 1006 2553 condemnata.
1026 2495 1396 2551 Nihilominus
1431 2500 1616 2550 tamon
1637 2494 1961 2550 Tridentina

84 2594 329 2668 synodus
365 2595 465 2649 hos
498 2612 688 2650 omnes
716 2594 1003 2650 damnatos
1040 2592 1324 2660 articUIOS,
1364 2609 1462 2666 per
1492 2590 1725 2663 longum
1750 2596 1960 2647 retrac-

84 2690 217 2746 tavit
251 2708 313 2745 ac
342 2690 543 2746 iterum
566 2690 973 2747 condemnavit.
1000 2691 1174 2763 Igitur
1202 2689 1248 2745 si
1272 2688 1591 2744 retractatio
1619 2690 1734 2745 haec
1758 2689 1961 2763 proba·
2063 2708 2066 2711 ·

84 2793 169 2842 ret
198 2792 384 2842 contra
419 2788 649 2843 Romani
685 2788 961 2844 Pontificis
995 2787 1472 2855 infallibilitatem,
1499 2787 1764 2860 probaret
1789 2786 1960 2841 simul

84 2887 272 2937 contra
315 2883 759 2939 infallibilitatem
807 2885 978 2941 totius
1011 2883 1298 2950 Ecclesiae3
1331 2883 1479 2955 quod
1534 2900 1766 2954 prorsus
1799 2882 1957 2936 abso-

85 2992 221 3029 num
240 2981 343 3042 est,
370 2976 535 3030 etiam
556 2978 711 3050 juxta
728 2978 1068 3034 Gallicanum
1100 2984 1363 3052 systema.
1381 2978 1717 3048 —Insuper,
1756 2981 1963 3031 retrac-

86 3072 217 3127 tavit
240 3073 429 3127 eadem
453 3073 767 3129 Tridentina
786 3076 1028 3149 synodus
1040 3083 1092 3131 et
1111 3075 1358 3131 delinivit
1384 3073 1686 3139 nonnulla,
1706 3090 1829 3143 qua}
1843 3073 1959 3145 jam

88 3170 142 3223 in
181 3169 303 3224 aliis
348 3170 705 3226 oecumenicis
741 3173 992 3228 conciliis
1023 3173 1249 3227 delinita
1271 3172 1534 3236 'fuerant3
1575 3168 1727 3224 verbi
1755 3170 1955 3241 gratia,

85 3265 418 3321 validitatem
461 3266 717 3337 baptismi
750 3269 816 3323 ab
852 3268 1124 3323 haereticis
1174 3268 1382 3335 collati,
1425 3284 1548 3338 quae
1577 3266 1693 3337 jam
1722 3285 1751 3322 a
1777 3268 1956 3324 conci·

86 3362 160 3418 lio
184 3362 400 3417 Nicaeno
435 3363 789 3436 pronuntiata
820 3365 1019 3420 fuerat.
1060 3364 1232 3436 Igitur
1259 3363 1400 3419 sicut
1433 3363 1707 3436 ejusmodi
1754 3371 1957 3422 retrac-

86 3460 321 3515 tationes
354 3459 497 3515 nihil
532 3461 766 3534 probant
789 3468 979 3518 contra
1006 3462 1345 3536 synodorum
1370 3445 1715 3533 generalium
1749 3462 1954 3519 infalli-

27 3572 32 3578 ·
87 3554 377 3624 bilitatem,
422 3556 496 3611 ita
528 3574 628 3612 nec
661 3564 850 3614 contra
891 3558 1343 3614 infallibilitatem
1378 3557 1611 3614 Romani
1651 3558 1949 3617 pontificis.

325 3674 372 3703 ιι.
1660 3662 1715 3708 52
