2262 3990
85 238 122 272 l
836 171 960 219 PARS
987 170 1187 218 TEnTlA.
1859 170 1948 217 545

81 293 115 333 a
153 280 340 332 sancto
394 273 570 330 Leone
621 273 803 350 refici,
846 275 1192 332 occasionem
1243 271 1598 347 arripuerunt
1634 272 1949 348 Eutychetis

82 386 347 443 sequaces
407 369 694 427 dictitandi
731 377 784 428 et
827 370 886 427 in
927 370 1128 444 vulgus
1169 367 1484 444 spargendi,
1532 367 1678 444 ipsas
1728 386 1951 444 quoque

81 471 271 522 contra
316 464 864 539 Euthychianismum
914 465 1261 522 definitiones
1319 482 1349 520 a
1398 463 1643 520 Romano
1690 464 1950 521 Pontifice

80 578 369 618 assensum
404 560 651 617 obtinere
688 578 799 617 non
832 561 1100 636 potuisse.
1138 560 1287 617 Unde
1323 547 1727 617 concludebant
1761 559 1954 616 defini-

81 655 257 713 tiones
287 656 413 711 illas
454 655 565 712 vim
602 656 928 714 oecumenici
953 655 1174 714 concilii
1211 673 1322 712 non
1357 655 1559 712 habere
1588 662 1643 713 et
1674 657 1952 714 contemni

81 770 256 829 posse.
301 751 370 807 De
408 770 517 825 quo
565 751 836 809 sollicitus
879 751 1180 826 imperator
1220 750 1551 822 Marcianus,
1586 753 1654 808 ad
1699 760 1951 810 sanctum

82 848 311 905 Leonem
335 847 553 922 scripsit
580 848 739 905 enixe
769 852 958 921 petens
981 846 1367 903 definitionum
1406 847 1632 903 illarum
1667 849 1957 907 confirma-

83 944 311 1013 tionem,
351 950 613 1016 tanquam
638 942 1003 1000 necessariam
1032 942 1100 998 ad
1127 941 1435 998 tollendum
1461 945 1731 1016 ejusmodi
1768 947 1836 1002 dc
1865 965 1958 1002 va-

85 1042 200 1099 lore
220 1042 482 1098 dubium:
521 1041 668 1108 Quod
690 1040 1057 1097 nonnullorum
1084 1042 1287 1108 animis,
1319 1039 1521 1114 inquit.
1551 1045 1638 1113 qai
1663 1042 1959 1115 Eatyehetis

85 1140 239 1194 etiam
280 1156 413 1193 num
432 1156 648 1212 pravam
703 1139 996 1211 opinionem
1025 1143 1076 1192 et
1100 1138 1493 1209 perversitatem
1523 1146 1806 1206 secamur,
1850 1158 1960 1194 am-

84 1228 381 1300 biquitalem
407 1227 623 1282 multum
663 1227 860 1299 injecit,
896 1233 1067 1281 utrum
1094 1233 1184 1280 tua
1207 1226 1493 1293 beatitudO,
1542 1244 1656 1298 quae
1679 1229 1735 1281 ὶη
1763 1228 1961 1299 synodo

89 1324 293 1379 decreta
330 1332 468 1396 sunt,
502 1325 899 1394 confirmaverit.
942 1323 1006 1378 Et
1049 1323 1107 1377 ob
1138 1340 1250 1377 eam
1291 1341 1399 1378 rem
1435 1331 1522 1378 tua
1553 1324 1724 1396 pietas
1761 1324 1964 1380 litteras

91 1423 295 1475 mittere
317 1422 632 1491 diqnabitur,
670 1438 768 1493 per
811 1439 936 1493 qaas
978 1422 1208 1475 omnibus
1245 1420 1485 1476 Ecclesiis
1518 1430 1567 1475 et
1603 1421 1814 1494 populis
1850 1440 1962 1477 ma-

93 1518 337 1588 nifestam
367 1518 483 1587 siat,
527 1519 580 1572 in
604 1518 800 1590 synodo
827 1525 1042 1589 peracta
1091 1534 1122 1571 α
1156 1524 1243 1572 tua
1284 1518 1599 1572 beatitudine
1639 1526 1756 1573 raca
1791 1519 1965 1574 haberi

94 1612 260 1685 (inter
287 1613 544 1687 epistolas
574 1613 624 1668 S.
658 1612 867 1681 LeoniS,
896 1613 1055 1687 epist.
1094 1613 1191 1681 CX,
1219 1613 1353 1669 alias
1380 1613 1692 1686 LXXXVIII).

166 1710 417 1766 Nutasset
441 1720 648 1784 nempe
684 1716 794 1766 tota
826 1708 1045 1766 concilii
1071 1709 1528 1765 Chalcedonensis
1564 1711 1888 1781 auctoritaS,
1918 1730 1960 1767 Sl

89 1804 257 1861 dubia
289 1808 641 1863 remansisset
669 1806 898 1862 Romani
927 1806 1204 1862 Pontificis
1233 1807 1571 1880 approbatio
1612 1807 1968 1863 Necessarius

88 1920 217 1974 ergo
243 1904 311 1958 ab
354 1903 610 1959 omnibus
641 1904 1000 1976 reputabatur
1033 1902 1190 1977 Papae
1223 1919 1552 1970 consensus,
1593 1909 1655 1957 ut
1693 1903 1968 1975 generalis

88 1998 308 2054 concilii
338 1998 686 2054 definitiones
722 2004 774 2054 et
813 1998 1031 2054 decreta
1068 1998 1179 2053 vim
1213 1997 1475 2053 haberent
1507 2000 1716 2071 (confer
1739 2000 1968 2057 Balleri-

87 2095 264 2165 nium,
294 2097 357 2151 de
389 2098 654 2152 Potestate
680 2097 827 2164 eccl„
857 2113 975 2169 cap.
1005 2115 1064 2167 n,-
1090 2113 1146 2150 n.
1180 2095 1294 2166 110).

163 2193 218 2246 2⁰
266 2192 612 2249 OEcumenica
658 2193 874 2248 Nicaena
918 2193 1159 2265 synodus
1203 2191 1448 2247 secunda
1486 2193 1876 2249 condemnavit
1919 2200 1973 2250 et

89 2288 395 2343 annullavit
423 2288 899 2362 pseudosynodum
931 2288 1315 2362 episcoporum
1354 2288 1484 2357 558,
1522 2307 1585 2344 ex
1624 2291 1727 2344 hac
1759 2290 1973 2347 ratione

90 2385 235 2458 quod
262 2404 361 2440 non
388 2387 633 2441 habuerat
664 2387 954 2458 adjutorem
983 2386 1125 2440 illias
1158 2387 1401 2458 temporis
1427 2386 1715 2441 Romanum
1746 2387 1967 2459 Papam,

90 2483 172 2538 vel
197 2501 282 2538 eos
319 2484 402 2554 qai
440 2485 575 2538 circa
603 2485 769 2554 ipsam
808 2491 922 2537 sant
949 2484 1265 2548 sacerdote3‚
1303 2501 1395 2536 nec
1432 2484 1591 2536 eliam
1625 2501 1722 2555 per
1747 2486 1970 2540 vicarios

91 2581 220 2651 ejuS,
251 2598 409 2651 neque
433 2598 529 2653 per
561 2578 870 2651 encyclicam
900 2579 1195 2651 epistolam,
1225 2580 1653 2651 quemadmodum
1684 2600 1778 2634 Lex
1804 2602 1970 2636 mcm'r

92 2677 419 2731 conciliorum
446 2677 613 2750 (apud
634 2675 1013 2739 Ballerinium,
1038 2675 1155 2731 loco
1182 2675 1393 2747 citato).
1416 2676 1585 2748 Igitur
1613 2682 1671 2731 ut
1695 2677 1805 2732 vim
1823 2697 1971 2734 oecu-

94 2770 291 2825 menici
315 2772 532 2827 concilii
560 2773 798 2828 habeant
825 2771 1169 2836 definitiones
1194 2790 1257 2828 ac
1291 2773 1507 2827 decreta
1539 2774 1845 2845 synodalia,
1876 2794 1968 2830 nc-

95 2866 329 2919 cessaria
356 2873 436 2921 est
456 2868 639 2939 aliqua
665 2867 894 2923 Romani
918 2867 1168 2942 Episcopi
1187 2869 1525 2941 approbatio.
1554 2869 1614 2923 Et
1639 2870 1752 2923 liaec
1779 2877 1858 2924 est
1885 2871 1970 2924 Iex

96 2954 441 3014 conciliorum.
478 2960 542 3015 Et
578 2962 718 3016 hanc
754 2979 871 3018 esse
897 2962 1072 3035 legem
1109 2964 1474 3019 conciliorum
1496 2963 1971 3019 declaravitNicae-

98 3072 231 3109 num
250 3055 547 3111 concilium
576 3058 901 3124 secundum,
922 3058 1068 3130 quod
1085 3065 1167 3114 est
1185 3059 1483 3132 septimum
1503 3077 1567 3113 ex
1587 3060 1965 3116 oecumenicis,

170 3151 429 3207 Probatur
455 3152 546 3208 IV.
584 3185 653 3193 —
687 3153 762 3207 Ex
806 3161 1006 3209 natura
1045 3157 1315 3226 generalis
1357 3156 1596 3211 concilii.
1632 3189 1699 3196 —
1728 3157 1842 3212 Duo
1882 3158 1968 3214 hic

96 3248 440 3322 praestanda:
483 3248 660 3322 primo
691 3247 899 3303 scilicet
928 3249 1340 3307 determinanda
1372 3269 1497 3307 vera
1540 3259 1590 3307 et
1625 3254 1866 3324 genuina
1901 3255 1967 3309 dc

97 3344 344 3400 conciliis
388 3344 736 3417 generalibus
796 3343 946 3399 notio
978 3366 989 3398 z
1043 3348 1303 3416 secundo,
1359 3347 1857 3405 demonstrandum
1906 3369 1970 3406 cx

94 3438 197 3496 ista
238 3440 478 3511 notione,
525 3440 737 3495 decreta
777 3440 1047 3512 generalis
1089 3443 1334 3514 concilii,
1384 3462 1413 3500 a
1465 3444 1672 3516 quibus
1718 3446 1971 3503 dissentit

96 3536 372 3594 Romanus
408 3537 672 3607 Pontifex,
712 3537 820 3593 vim
850 3556 959 3593 non
998 3538 1217 3596 habere.

333 3656 378 3686 ιι.
1676 3649 1733 3694 55
