2262 3990
856 148 983 196 PARS
1010 146 1212 195 mum.
1563 188 1566 190 ,
1883 136 1971 184 557

106 278 206 318 nec
229 262 373 315 esset
394 256 573 331 plena,
596 274 698 312 nec
721 254 1070 329 independens
1102 270 1134 308 a
1155 249 1452 308 collectione
1495 245 1886 320 Episcoporum‚
1905 248 1970 299 ut

138 360 269 411 atet.
1527 409 1532 416 ,

100 374 135 430 p
176 452 394 524 Objicies
432 451 507 508 1⁰.
534 481 609 491 —
630 447 746 504 Non
785 444 959 503 aderit
1001 440 1366 501 contradictio
1391 458 1492 496 nec
1524 437 1968 514 impossibilitaS‚

99 548 143 605 si
164 548 508 620 admittatur,
535 562 715 619 neque
739 545 807 600 ab
832 541 1113 618 Episcopis
1132 539 1414 597 collective
1428 536 1667 612 sumptis
1689 553 1846 610 posse
1868 534 1971 590 im-

97 643 274 720 pediri
301 642 745 716 jurisdictionem
794 640 951 714 Papae
987 638 1045 693 in
1088 637 1360 714 singulos,
1387 652 1568 707 neque
1594 652 1624 690 a
1666 634 1808 708 Papa
1843 631 1969 705 (sub

98 745 364 817 praetextu
399 736 804 812 jurisdictionis
857 735 915 789 in
949 733 1218 806 singulos)
1249 733 1377 789 elidi
1419 738 1603 806 posset
1647 747 1968 806 supremam

96 834 433 911 Episcopalis
458 832 672 906 collegii
707 829 1113 888 auctoritatem.

171 930 495 1003 RespomleO.
527 961 601 970 —
620 927 851 983 Econtra
877 926 977 980 boc
1002 922 1223 979 admitti
1262 922 1453 996 nequit
1480 923 1617 994 quin
1645 922 1973 979 admittatur

97 1025 331 1099 perfecta
350 1021 707 1079 contradictio
733 1027 786 1077 et
820 1018 1265 1094 impossibilitas.
1291 1017 1429 1072 Nam
1452 1017 1500 1072 si
1527 1018 1682 1091 Papae
1704 1017 1972 1090 jurisdic-

98 1122 172 1177 tio
201 1121 257 1176 in
288 1119 530 1194 singulos
558 1117 848 1195 praepediri
882 1134 991 1172 non
1033 1115 1207 1190 possit
1246 1115 1314 1170 ab
1357 1114 1637 1189 Episcopis
1689 1114 1972 1170 collective

95 1221 351 1295 sumptiS,
406 1219 634 1275 cuilibet
670 1218 854 1293 papali
886 1218 1104 1273 decreto
1131 1215 1364 1288 quilibet
1402 1214 1704 1289 Episcopus
1740 1213 1966 1270 obedire

98 1324 334 1386 tenetur,
381 1314 650 1388 quidquid
678 1314 734 1369 in
771 1313 1114 1369 contrarium
1150 1315 1391 1366 statuere
1432 1315 1657 1366 attentet
1682 1310 1971 1384 Episcopo-

98 1433 224 1470 rum
250 1403 514 1471 collectio.
538 1414 609 1469 Ex
628 1432 734 1487 quo
746 1413 861 1486 jam
882 1412 994 1467 ruit
1010 1417 1275 1485 praetensa
1307 1410 1607 1467 anctoritas
1625 1409 1968 1465 collectionis

100 1527 266 1583 supra
284 1509 501 1582 Papam.
529 1508 640 1562 lmo
659 1507 706 1562 si
723 1507 981 1563 decernat
997 1506 1138 1580 Papa
1158 1506 1367 1561 nullius
1379 1524 1500 1562 esse
1514 1505 1729 1561 roboris
1749 1505 1968 1561 decreta

97 1607 367 1678 generalis
405 1605 623 1662 concilii
658 1606 864 1679 absque
907 1605 1054 1661 sedis
1095 1605 1407 1679 apostolicae
1444 1622 1676 1661 assensu
1718 1605 1886 1673 edita,
1916 1610 1967 1660 et

97 1703 330 1775 singulis
354 1703 634 1777 Episcopis
666 1703 740 1759 ita
767 1702 1067 1758 tenendum
1097 1710 1146 1758 et
1172 1702 1479 1758 docendum
1506 1688 1815 1776 praecipidt,
1838 1700 1970 1756 huic

93 1797 258 1852 etiam
283 1798 500 1854 decreto
527 1797 757 1869 quilibet
795 1796 1097 1870 Episcopus
1135 1797 1356 1852 obedire
1387 1797 1686 1852 tenebitur.
1717 1795 1888 1873 {gitur
1919 1796 1966 1851 si

90 1892 243 1968 Papae
286 1895 600 1968 jurisdictio
655 1894 712 1949 in
769 1894 1016 1966 singulos
1067 1895 1359 1969 praepediri
1415 1900 1654 1967 nequeat.
1700 1913 1730 1950 a
1768 1895 1966 1950 collec-

91 1991 258 2059 tione,
297 1992 413 2065 ipsa
434 1990 774 2047 collectionis
797 1990 1099 2046 auctoritas
1116 2008 1348 2064 prorsus
1375 2010 1405 2047 a
1427 1992 1567 2066 Papa
1594 1992 1885 2066 dependet,
1912 1998 1964 2048 et

90 2090 231 2144 nihil
259 2091 482 2146 omnino
508 2090 647 2146 valet
673 2096 726 2146 et
756 2096 860 2160 est,
899 2089 1007 2145 nisi
1039 2086 1136 2163 per
1166 2089 1459 2164 ipsammet
1485 2091 1636 2164 Papae
1663 2091 1964 2147 auctorita-

89 2191 299 2241 tcm.—
322 2188 448 2251 Quae
473 2186 832 2243 contradictio
855 2193 916 2241 ut
943 2186 1119 2257 magis
1139 2193 1344 2259 pateat,
1379 2206 1760 2260 supponamus
1782 2206 1810 2242 a
1836 2206 1968 2243 con-

90 2281 216 2337 cilio
240 2283 501 2354 generali,
529 2282 797 2338 renitente
821 2282 983 2354 Papa,
1013 2280 1143 2334 ferri
1170 2281 1415 2353 aliquam
1437 2282 1615 2354 legem
1640 2306 1650 2348 ;
1686 2288 1738 2338 et
1770 2283 1961 2338 eodem

90 2379 176 2434 dic
205 2379 479 2453 prohiberi
515 2397 544 2434 a
584 2379 723 2452 Papa
746 2378 990 2452 idipsum
1019 2377 1166 2449 quod
1195 2378 1454 2452 praecepit
1492 2379 1768 2451 generalis
1801 2399 1963 2454 syno-

88 2474 214 2531 dus,
250 2474 484 2537 Quilibet
518 2474 815 2547 Episcopus
859 2472 1091 2527 seorsim
1125 2479 1381 2547 sumptus
1415 2474 1695 2529 tenebitur
1734 2475 1961 2531 obedire

87 2559 259 2642 Papae,
294 2575 483 2643 utpote
507 2568 662 2640 cujus
683 2567 999 2641 jurisdictio
1029 2570 1081 2622 in
1109 2569 1341 2640 sinyulos
1364 2569 1496 2626 elidi
1532 2570 1721 2642 nequit
1749 2590 1778 2626 a
1806 2550 1963 2643 gene-

90 2663 193 2718 rali
222 2664 456 2719 concilio
487 2686 497 2717 ε
530 2664 699 2719 simul
726 2670 910 2719 autem
948 2664 1226 2728 tenebitur
1252 2666 1475 2722 obedire
1503 2666 1721 2724 decreto
1744 2675 1962 2723 contra-

91 2759 320 2815 dictorio
343 2762 586 2831 concilii,
610 2768 671 2818 ut
693 2769 816 2835 pote
833 2764 994 2836 cujus
1021 2779 1283 2836 suprema
1304 2764 1602 2836 auctoritas
1622 2765 1749 2820 elidi
1768 2765 1962 2838 nequit

94 2871 189 2926 per
201 2855 642 2927 jurisdictionem
666 2860 918 2934 papalem
951 2860 1006 2915 in
1027 2854 1308 2935 singulos.

171 2951 385 3022 Objicies
412 2954 486 3009 2⁰.
513 2987 581 2996 —
602 2957 716 3011 Non
737 2965 1008 3031 repugnat
1035 2959 1092 3014 in
1115 2960 1300 3032 aliqua
1332 2959 1612 3033 republica
1639 2977 1958 3033 supremam

94 3053 419 3122 potestatem
457 3067 623 3122 penes
661 3053 903 3125 aliquem
948 3062 1201 3112 senatum
1251 3058 1327 3112 ita
1368 3058 1635 3126 residere,
1665 3062 1722 3112 ut
1757 3075 1960 3130 praeses

92 3143 298 3217 plenam
324 3146 703 3223 auctoritatem
733 3150 932 3206 habeat
956 3151 1012 3205 in
1046 3152 1195 3225 ipsos
1222 3160 1503 3210 senatores
1531 3162 1806 3226 quatenus
1848 3155 1960 3209 sin-

91 3236 281 3311 gulos,
310 3240 390 3296 eis
427 3258 553 3297 vero
587 3243 764 3299 subsit
801 3251 1074 3317 quatenus
1109 3249 1392 3306 collective
1436 3250 1708 3324 sumptis;
1758 3268 1886 3324 ergo
1927 3269 1957 3307 a

96 3355 237 3409 pari.

167 3433 491 3506 Respondeo.
520 3468 589 3477 —
611 3435 785 3493 Immo
810 3436 866 3492 id
895 3426 1121 3512 prorsus
1140 3447 1428 3515 repugnat.
1459 3442 1614 3507 Quod
1637 3443 1784 3500 enim
1805 3463 1955 3502 sena-

90 3536 256 3603 toreS,
283 3538 344 3589 ut
364 3533 589 3608 singuli,
636 3535 886 3611 praesidis
908 3536 1348 3597 ordinationibus
1384 3542 1716 3615 quibusdam
1745 3544 1954 3601 obtem-
