2262 3990
301 163 392 212 438
980 157 1277 206 TRAGTATUS
1308 157 1375 206 DE
1405 158 1556 208 PAPA.

302 277 494 328 menta
531 269 689 324 illam
721 263 1068 335 exhibentia,
1102 270 1376 340 tanquam
1418 267 1668 342 genuina
1719 268 2081 345 objiciebant.
2120 270 2247 331 Sed'

302 369 397 426 ali-i
439 364 761 440 apocrypha
788 363 908 421 haec
944 363 1140 422 omnia
1176 367 1484 424 censebant
1511 388 1523 422 z
1552 367 1862 442 Quanquam
1891 387 2001 426 non
2031 370 2247 446 desim,

298 463 374 520 ait
406 466 638 519 sanetus
664 460 1043 535 AugustinuS,
1080 464 1169 537 qui
1208 464 1305 520 hoe
1335 463 1666 539 Cyprianum
1697 484 1918 540 prorsus
1972 485 2080 524 non
2109 487 2227 528 sem.

297 564 430 618 sisse
456 562 795 633 contendant,
843 563 938 618 sed
971 563 1063 619 sub
1103 564 1212 637 ejus
1239 565 1451 621 nomine
1484 583 1517 621 a
1542 567 2016 641 praesumptoribus
2063 574 2241 641 atque*-¹

303 662 641 718 mendacibus
670 662 836 734 fuisse
880 664 1182 736 confictum.
1212 663 1338 740 Ipse
1376 681 1509 721 vero
1542 664 1894 740 Augustinus
1927 684 2114 743 neque
2144 665 2238 726 af.-.?'

293 758 578 831 firmabat,
610 779 801 837 neque
830 762 1092 836 negabat,
1123 763 1220 820 sed
1251 762 1311 819 in
1350 762 1591 821 dubium
1627 766 1950 823 revocabat.

372 862 754 938 5⁰·Perperam
794 862 970 937 igitur
1010 863 1360 938 Augustinus
1394 865 1554 922 testis
1585 865 1893 923 adducitur
1926 867 1994 924 de
2028 867 2222 926 istius÷

295 961 448 1018 modi
477 961 949 1020 documentorum
973 962 1427 1036 authenticitate,
1462 982 1525 1022 eo
1553 965 1706 1040 quod
1731 966 1799 1022 de
1831 966 1970 1042 ipsis
2002 967 2252 1026 loeutus.

293 1060 387 1117 sit.
410 1059 484 1116 Ea
514 1060 745 1134 quidem
764 1060 1250 1132 commemoravit,
1281 1062 1378 1119 sed
1407 1061 1664 1135 dicendo,
1691 1082 1720 1120 a
1741 1064 2033 1122 nonnullis
2062 1084 2222 1141 pror-

293 1177 394 1215 sus
427 1159 648 1234 negari,
687 1178 717 1216 a
746 1177 805 1216 se
833 1177 966 1216 vero
1017 1159 1078 1214 in
1111 1159 1352 1216 dubium
1386 1161 1636 1218 revocari
1668 1179 1868 1220 eorum
1911 1163 2207 1222 sincerita-
2260 1199 2262 1202 -

291 1266 429 1316 tem.
1996 1313 2002 1318 .

368 1358 427 1412 4⁰
453 1356 842 1430 Colligendum
871 1357 1063 1433 potius
1083 1376 1150 1414 ex
1168 1357 1469 1431 Augustini
1492 1357 1741 1416 textibus
1759 1361 2085 1418 authentica
2107 1380 2223 1421 non

289 1473 413 1512 esse
441 1457 591 1514 dicta
620 1457 981 1529 documenta,
1023 1461 1120 1517 sed
1154 1478 1183 1516 a
1210 1459 1581 1517 mendacibus
1620 1460 1923 1519 Donatistis
1957 1463 2212 1522 conficta.

287 1557 426 1614 Nam
455 1559 501 1614 si
532 1559 642 1616 tria
672 1561 778 1617 liae
809 1560 877 1618 de
916 1580 978 1618 re
1012 1561 1297 1619 celebrata
1323 1562 1655 1636 Carthagine
1685 1562 1926 1620 fuissent
1954 1563 2215 1636 eoncilia,

290 1659 336 1715 si
364 1659 650 1717 famosum
681 1661 975 1719 decretum
1016 1662 1286 1720 edidisset
1319 1661 1638 1740 Stephanus
1667 1664 1834 1740 Papa,
1869 1684 1979 1740 quo
2007 1665 2218 1723 Africa·

289 1775 494 1814 norum
539 1760 851 1835 praesulum
897 1763 1235 1819 sententiam
1273 1763 1617 1835 damnasset,
1648 1783 1712 1821 ac
1756 1764 1860 1821 sub
1901 1783 2219 1823 exeommu-

289 1856 577 1914 nicatione
610 1860 998 1934 rebaptizandi
1038 1862 1255 1935 praxim
1285 1864 1697 1939 prohibuisset,
1740 1864 1787 1921 si
1821 1865 2097 1939 ejusmodi
2123 1865 2213 1921 de-

290 1962 510 2012 cretum
561 1957 1052 2034 Cyprianus'‚eum
1096 1963 1324 2035 collegis
1371 1963 1489 2021 suis
1538 1963 1706 2019 nihili
1754 1964 2001 2034 fecisset,
2035 1963 2209 2027 immo

291 2071 617 2127 erroneum,
655 2075 894 2132 pravum
921 2064 973 2114 et
1007 2059 1247 2116 stultum
1273 2059 1635 2131 declarasset,
1657 2079 1774 2116 uno
1808 2064 1978 2118 verbo
2014 2063 2060 2118 si
2092 2079 2221 2119 vere

287 2162 602 2230 praetensus
627 2157 922 2214 conflictus
945 2159 1296 2231 contigisset,
1324 2161 1733 2217 remansissent
1757 2160 2056 2234 Augustini
2081 2168 2222 2218 tem-

287 2273 444 2330 pore,
494 2256 551 2310 id
603 2261 708 2325 est,
740 2256 851 2313 140
890 2263 1017 2332 post
1061 2257 1402 2332 Cyprianum
1447 2258 1636 2331 annis,
1683 2258 1885 2316 idonea
1933 2259 2117 2316 media
2149 2261 2216 2318 ad

287 2354 729 2429 comparandam
755 2355 982 2430 plenam
1022 2356 1130 2412 hac
1161 2355 1230 2411 de
1265 2374 1324 2412 re
1358 2355 1781 2413 certitudinem.
1819 2357 2103 2414 Nimirum
2158 2358 2212 2415 in

284 2452 666 2510 Eeelesiarum
702 2453 994 2527 archiviis,
1033 2455 1122 2511 vel
1158 2463 1330 2530 penes
1367 2455 1611 2530 privatos
1645 2456 1879 2513 elericos
1920 2462 2017 2513 aut
2042 2457 2216 2515 laicos

284 2560 521 2628 repertae
551 2554 797 2612 fuissent
819 2555 1015 2631 plures
1040 2554 1192 2611 haud
1213 2555 1399 2612 dubiae
1422 2554 1552 2612 fidei
1584 2556 1901 2632 scripturae,
1935 2575 2060 2631 quae
2083 2575 2212 2614 eon-

285 2651 502 2708 flietum
549 2659 768 2712 testatae
803 2662 992 2712 essent
1028 2673 1091 2712 ae
1132 2660 1350 2713 certum
1386 2655 1671 2713 fecissent.
1699 2656 1795 2712 Vel
1822 2656 1893 2728 si,
1921 2657 1991 2712 ob
2022 2674 2241 2732 perse-›-

287 2750 586 2808 cutionum
623 2753 915 2825 saevitiem,
951 2754 1187 2830 periisse
1215 2759 1610 2830 supponantur
1640 2755 1810 2828 (quod
1834 2754 1924 2810 vix
1944 2754 2222 2818 credibile:

285 2851 391 2924 est)
426 2851 691 2925 quaelibet
723 2852 1005 2927 ejusmodi
1030 2852 1390 2925 documenta,
1419 2872 1667 2927 quorum
1693 2859 1857 2910 tenor
1882 2872 2110 2911 omnem
2134 2854 2200 2910 ab
2214 2867 2221 2897 ἰ

283 2951 600 3025 Augustino
651 2952 1064 3010 dubitationem
1115 2953 1439 3025 amovisset,
1483 2954 1552 3010 ad
1599 2953 1792 3011 minus
1842 2954 2202 3012 remansisset

284 3057 434 3108 certa
463 3058 516 3109 et
541 3057 799 3110 accurate
822 3053 1159 3110 transmissa
1187 3053 1254 3110 de
1292 3053 1611 3111 substantia
1637 3037 1771 3110 faeti
1800 3053 2052 3124 traditio,
2074 3068 2215 3110 eum-

285 3157 484 3224 agatur
510 3151 579 3208 de
610 3158 725 3208 tam
750 3152 903 3226 gravi
934 3151 1172 3209 dissidio
1194 3170 1318 3226 quae
1338 3152 1632 3209 Africanas
1652 3152 1930 3210 Ecclesias
1957 3168 2200 3210 summo-

283 3267 415 3326 pere
442 3250 860 3309 commovisset.
888 3252 1042 3309 Unde
1067 3270 1133 3309 ex
1157 3270 1220 3310 eo
1247 3252 1398 3327 quod
1429 3243 1732 3326 Augustini
1756 3259 2012 3329 tempore
2035 3248 2201 3307 resin

280 3348 518 3406 dubium
550 3357 743 3407 vocata
785 3350 880 3422 sit,
919 3350 1042 3407 'imo
1082 3358 1137 3409 et
1173 3370 1204 3409 a
1229 3352 1526 3410 nonnullis
1561 3358 1783 3427 negata,
1817 3348 2188 3426 colligendum

282 3452 362 3500 est
397 3447 788 3506 fraudulenter
808 3450 1106 3509 confictam
1135 3457 1188 3510 et
1210 3470 1466 3529 sparsam
1490 3469 1615 3510 esse
1641 3470 1672 3511 a
1695 3450 1997 3510 Donatistis
2018 3453 2187 3506 totam

282 3543 518 3617 hujusce
542 3550 837 3609 conflictus
860 3552 1182 3610 historiam.

359 3642 415 3698 5⁰
442 3645 875 3708 Conclusionem
897 3651 1087 3710 firmat
1110 3651 1437 3710 omnimoda
1460 3650 1531 3710 de
1548 3648 1844 3709 conflictus
1865 3645 2021 3705 exitu
2038 3645 2190 3717 igno·
