2306 4010
900 175 1028 223 PARS
1057 174 1293 222 SECUNDA.
1985 169 2057 218 271

161 288 222 344 Iis
263 285 428 358 1682,
471 285 539 341 ad
575 292 879 341 conventum
912 286 1035 340 cleri
1074 282 1328 342 Gallicani
1359 282 1421 338 ab
1455 281 1759 339 Innocentio
1798 279 1943 353 Papa
1973 277 2053 335 XI

160 387 434 442 directum.
460 415 528 425 --
552 405 579 436 «
603 381 1018 438 venerabilibus
1050 379 1316 436 fratribus
1340 376 1791 453 Archiepiscopis
1818 381 1870 432 et
1904 375 2045 450 Epis-

159 483 330 558 copiS‚
361 488 518 538 etc...
551 480 792 537 Paternae
826 477 1106 548 charitati,
1149 496 1260 551 qua
1303 476 1695 534 charissimum
1738 475 1798 531 in
1835 473 2050 530 Christo

160 581 336 637 filium
361 586 618 636 nostrum
644 578 977 636 Ludovicum
1000 593 1188 648 regem
1209 574 1767 647 christianissimum,
1791 579 1845 629 et
1869 572 2051 628 Eccle-

162 681 273 736 sias
295 686 527 750 vestraS,
556 679 651 734 vos
681 679 851 752 ipSOS‚
888 680 940 731 et
967 673 1294 730 universum
1319 675 1471 731 istud
1499 692 1739 748 regnum
1765 670 2051 747 amplecti-

164 795 312 847 mur,
348 776 745 849 permolestum
785 771 986 827 accidit
1029 788 1090 826 ac
1126 770 1288 845 plane
1321 771 1587 826 acerbum
1618 786 1954 844 cognoscere
1990 786 2053 824 ex

163 874 359 931 vestris
400 871 623 940 litteris,
662 870 749 926 die
781 870 946 927 tertia
989 869 1262 926 februarii
1304 869 1373 925 ad
1415 886 1516 924 nos
1547 852 1707 938 datis,
1757 869 2055 943 Episcopos

164 972 486 1041 clerumque
514 967 721 1039 Galliae,
750 966 846 1039 qui
873 985 1075 1022 corona
1100 966 1232 1021 olim
1269 971 1322 1021 et
1351 965 1618 1038 gaudium
1642 970 1801 1020 erant
1828 965 2056 1038 Aposto-

164 1068 282 1125 licae
316 1067 487 1133 Sedis,
527 1068 603 1123 ita
638 1085 695 1123 se
728 1084 859 1139 erga
897 1066 1052 1122 illam
1092 1066 1150 1121 in
1180 1083 1424 1141 praesens
1457 1083 1679 1138 gerere,
1697 1071 1758 1121 ut
1795 1081 2062 1136 cogamur

166 1166 357 1222 multis
385 1184 509 1222 cum
532 1165 794 1240 lacrymis
828 1182 1073 1239 usupare
1099 1164 1489 1239 propheticum
1514 1163 1654 1220 illud
1689 1186 1699 1218 :
1729 1162 1852 1219 Filii
1873 1165 2062 1218 matris

165 1281 293 1319 τηερε
307 1271 665 1337 puynaverunt
682 1263 956 1321 adversum
981 1281 1080 1318 me.
1104 1262 1449 1335 Quamquam
1471 1262 1765 1318 adversum
1792 1279 1887 1316 vos
1913 1260 2060 1334 ipsos

166 1361 446 1435 pugnatiS,
470 1361 607 1416 dum
640 1361 800 1417 nobis
830 1360 887 1416 in
912 1379 973 1417 ea
1006 1379 1172 1416 causa
1200 1361 1488 1431 resistitiS,
1516 1361 1573 1415 in
1605 1378 1715 1433 qua
1748 1365 2057 1415 vestrarum

168 1455 536 1512 Ecclesiarum
561 1457 711 1512 salus
736 1474 798 1512 ac
812 1456 1040 1511 libertas
1065 1456 1270 1527 agitur,
1302 1463 1354 1511 et
1379 1457 1436 1510 in
1463 1474 1571 1528 qua
1599 1473 1702 1510 nos
1726 1473 1824 1528 pro
1845 1453 2059 1509 viribus

170 1558 222 1607 et
253 1552 518 1623 dignitate
542 1553 842 1627 episcopali
875 1553 931 1606 in
961 1552 1066 1607 isto
1094 1570 1261 1624 regno
1291 1553 1522 1623 tuenda,
1558 1553 1626 1607 ab
1658 1551 1944 1624 aliquibus
1970 1567 2057 1605 or-

169 1648 314 1703 dinis
338 1649 505 1704 vestri
533 1649 642 1723 piis
674 1667 735 1704 ac
772 1649 1010 1705 fortibus
1047 1649 1180 1704 viris
1221 1650 1482 1723 appellati
1509 1650 1715 1721 absque
1745 1665 1903 1702 mora
1935 1664 2058 1701 sur-

170 1747 435 1818 reximus,
463 1748 648 1819 etjam
673 1748 887 1821 pridem
912 1748 968 1802 in
992 1748 1168 1820 gradu
1199 1754 1433 1815 stonum,
1455 1747 1639 1802 nullas
1662 1746 1904 1820 privatas
1931 1762 2060 1799 nos-

167 1847 279 1898 tras
303 1843 543 1899 rationes
563 1845 764 1913 secuti,
786 1845 882 1900 sed
904 1844 1103 1901 debitae
1117 1845 1377 1901 Ecclesiis
1404 1845 1668 1900 omnibus
1696 1842 2060 1899 sollicitudini

169 1945 221 1995 et
247 1940 445 1996 intimo
467 1942 643 1996 amori
673 1959 800 2014 erga
829 1960 923 1998 vos
950 1949 1140 1999 nostro
1174 1942 1539 1998 satisfacturi.

246 2038 435 2094 «Nihil
468 2057 600 2095 sane
623 2040 813 2096 laetum
837 2046 890 2095 et
919 2040 1117 2096 vestris
1148 2040 1411 2096 omnihus
1453 2040 1686 2112 dignum
1728 2058 1819 2095 eas
1850 2039 2064 2095 litteras

166 2136 450 2193 continere
483 2137 540 2192 in
582 2137 698 2212 ipso
736 2155 932 2193 earum
997 2137 1191 2194 limine
1230 2138 1612 2194 intelleximus
1646 2159 1656 2192 :
1688 2156 1818 2193 nam
1862 2144 2063 2213 praeter

168 2253 228 2289 ea
257 2253 378 2306 quae
403 2235 470 2290 de
503 2254 699 2291 norma
726 2235 783 2290 in
808 2236 1049 2292 comitiis
1080 2237 1445 2293 convocandis
1473 2237 1914 2310 peragendisquc
1945 2254 2060 2291 ser-

171 2338 291 2385 vata
324 2331 721 2400 afferebantur,
751 2332 1248 2387 animadvertimus
1287 2349 1379 2386 eas
1421 2332 1594 2386 ordiri
1632 2351 1661 2386 a
1696 2341 1833 2387 metu
1869 2342 2058 2402 vestro,

171 2445 278 2500 qno
315 2445 544 2482 suasore
577 2446 887 2500 numquam
913 2427 1224 2483 sacerdotes
1252 2427 1342 2482 Dei
1361 2444 1480 2482 esse
1510 2427 1686 2482 solent
1716 2426 1771 2480 in
1801 2427 1974 2481 ardua
2010 2434 2055 2482 et

171 2523 380 2578 excelsa
415 2541 514 2597 pro
542 2524 805 2596 religione
822 2531 875 2580 et
900 2523 1272 2579 ecclesiastica
1300 2523 1552 2578 libertate
1575 2523 1659 2578 vel
1695 2524 2062 2595 aggrediendo

175 2620 362 2689 sortes,
393 2618 477 2674 vel
503 2619 835 2694 perficiendo
871 2626 1212 2674 constantes.
1239 2619 1411 2684 Quem
1437 2619 1664 2691 quidem
1692 2627 1905 2676 metum
1927 2620 2065 2675 falso

167 2716 516 2789 judicavistis
556 2736 719 2792 posse
751 2735 845 2773 vos
880 2717 938 2772 in
973 2717 1159 2772 sinum
1195 2723 1449 2773 nostrum
1491 2718 1802 2773 effundere.
1839 2717 1899 2772 In
1943 2718 2066 2774 sinu

170 2813 318 2868 enirn
359 2820 548 2870 nostro
580 2815 850 2890 hospitari
884 2821 1156 2889 perpetuo
1204 2815 1360 2870 dehet
1401 2815 1643 2870 charitas
1679 2814 1906 2885 Christi,
1946 2834 2068 2888 quae

171 2911 317 2967 foras
357 2913 529 2969 mittit
565 2921 616 2970 et
658 2914 821 2986 longe
853 2920 1002 2970 arcet
1028 2932 1057 2969 a
1086 2933 1142 2970 se
1173 2915 1454 2971 timorem.
1492 2915 1606 2980 Qua
1639 2915 1913 2971 charitate
1939 2933 2064 2988 erga

173 3029 264 3066 vos
284 3029 627 3085 regnumque
653 3013 839 3068 Galliae
865 3021 1160 3087 paternum
1184 3032 1279 3069 cor
1306 3020 1564 3070 nostrum
1594 3015 1847 3087 flagrare,
1874 3015 2066 3071 multis

170 3106 286 3178 jam
311 3125 372 3162 ac
403 3108 618 3180 magnis
643 3108 1037 3183 experimentis
1063 3111 1319 3184 cognosci
1352 3110 1553 3185 potuit,
1586 3128 1707 3183 quae
1742 3111 1833 3165 hic
1859 3111 2066 3166 referre

177 3222 286 3260 non
310 3211 390 3260 est
425 3223 664 3263 necesse.
694 3207 746 3262 Si
787 3207 923 3280 quid
952 3215 1032 3265 est
1058 3215 1246 3264 autem
1274 3209 1329 3264 in
1359 3227 1469 3282 quo
1495 3210 1636 3266 hene
1664 3209 1862 3265 merila
1880 3209 1946 3265 de
1969 3229 2062 3268 vo-

178 3301 263 3357 bis
300 3302 371 3359 sit
415 3296 656 3358 charitas
678 3312 887 3380 nostra,
919 3307 974 3362 id
1006 3325 1126 3363 esse
1153 3307 1431 3383 imprimis
1459 3315 1722 3383 putamus
1750 3307 1851 3364 hoc
1876 3308 2061 3384 ipsum

178 3399 396 3472 regaliae
420 3400 729 3472 negotium;
763 3421 826 3458 ex
867 3422 1000 3476 quo,
1038 3405 1085 3460 si
1110 3404 1252 3460 serio
1290 3423 1379 3460 res
1409 3405 1845 3480 perpendantur,
1878 3408 2063 3463 omnis

179 3497 390 3554 ordinis
410 3498 574 3554 vestri
595 3498 835 3571 dignitas
854 3508 1021 3573 atque
1048 3501 1356 3558 authoritas
1391 3502 1616 3577 pendet.
1649 3503 1691 3560 T
1690 3506 1909 3561 imnistis
1931 3522 2060 3578 ergo

179 3596 257 3651 nbi
291 3612 389 3651 non
420 3605 532 3653 erat
567 3599 738 3654 timor.
775 3596 827 3651 Id
866 3615 1041 3654 unum
1084 3597 1395 3669 timendum
1438 3601 1591 3658 vobis
1634 3609 1776 3670 erat,
1813 3619 1882 3657 ne
1914 3603 2058 3678 apud
