2306 4010
818 216 942 263 PARS
973 214 1217 263 SECUNDA.
1647 287 1649 289 .
1868 211 1959 258 295

76 329 188 383 tem
219 338 412 380 earum
447 320 557 377 vim
593 321 767 378 lector
794 323 953 380 facile
983 324 1291 399 perspicere
1317 321 1515 399 possit,
1543 319 1694 377 varia
1718 319 1777 376 in
1808 326 1960 376 ante-

77 438 315 493 cessum,
354 435 478 493 quae
526 418 592 474 ad
618 435 738 474 rem
768 419 981 478 faciunt
1013 421 1375 494 documenta,
1415 418 1670 495 sequenti
1697 435 1962 494 paragra·

78 522 188 598 pho
222 519 273 577 ei
306 516 748 594 suppeditamuS.

382 746 406 798 g
428 744 467 786 2.
494 767 546 776 —·
567 742 863 796 snbjiciuntur
883 756 979 798 quae
1008 745 1059 786 ad
1084 756 1176 787 rem
1202 744 1358 787 faciunt
1382 732 1640 788 documenta.

151 906 465 962 Docuusnruu
494 906 536 961 Ι.
556 906 882 979 *Epistola
915 905 1083 978 Serqii
1120 905 1449 960 Potriarchae
1484 904 1962 980 Constantinopoli-

81 1004 187 1060 1αηὶ
217 1003 283 1059 ad
315 1001 591 1059 Honorium
619 1003 842 1076 Papam.
882 1034 952 1042 —-
981 1001 1230 1058 Habetur
1268 999 1480 1072 integra
1514 1000 1572 1055 in
1610 1001 1826 1058 actione
1868 1002 1959 1057 XII

76 1098 214 1155 sexti
258 1099 534 1172 generalis
562 1099 784 1156 concilii
829 1098 997 1174 (apud
1032 1098 1276 1154 Concilia
1307 1097 1507 1167 Mansi,
1536 1103 1688 1152 tomo
1727 1098 1812 1167 xl,
1848 1099 1954 1154 col.

68 1194 219 1267 530).
250 1196 377 1270 Ejus
407 1198 697 1274 anaIysim,
729 1217 859 1254 cum
897 1196 1197 1272 praecipuis
1221 1196 1288 1252 ad
1327 1215 1445 1253 rem
1471 1195 1809 1252 facientibus
1835 1213 1953 1253 ver-

78 1293 184 1365 his,
213 1312 523 1355 exaramus

148 1389 201 1443 1⁰
248 1391 476 1449 Enarrat
519 1392 795 1467 quomodo
823 1392 1025 1447 Paulus
1073 1390 1300 1462 quidam
1341 1391 1634 1447 haereticus
1665 1391 1960 1466 imperato-

83 1500 198 1539 rem
230 1486 558 1562 Heraclium,
614 1499 746 1546 tunc
796 1491 852 1544 in
886 1488 1144 1544 Armenia
1199 1487 1618 1558 consistentem,
1653 1488 1876 1556 adierit,
1906 1496 1957 1544 et

82 1579 226 1637 inter
256 1583 360 1641 alia
384 1588 767 1663 colloquendO,
797 1591 946 1644 unius
977 1590 1296 1660 operationis
1327 1587 1520 1644 Christi
1543 1590 1652 1643 veri
1679 1588 1773 1643 Dei
1795 1590 1960 1642 nostri

80 1682 381 1738 mentionem
409 1684 625 1754 fecerit,·
678 1688 808 1742 item
859 1684 1133 1759 quomodo
1194 1685 1499 1760 imperator
1543 1685 1609 1741 de
1661 1687 1762 1740 hoc
1801 1684 1957 1742 Pauli

85 1771 230 1830 dicto
264 1785 450 1850 postea
502 1800 810 1840 sermonem
847 1780 1099 1838 habuerit
1136 1799 1266 1836 cum
1306 1783 1464 1856 Cym,
1496 1788 1631 1838 tunc
1669 1781 1949 1851 Lazorum,

83 1874 431 1942 postmodum
471 1880 808 1935 Alexandriae
839 1878 1123 1953 Episcopo.

153 1968 208 2024 2⁰
231 1970 357 2035 Quae
398 1976 691 2033 subsecuta
725 1978 834 2034 sint
879 1978 1046 2036 refert
1073 1983 1260 2054 postea
1305 1977 1529 2051 Sergius
1555 1977 1612 2033 in
1655 1979 1804 2034 hunc
1835 1997 1955 2034 mo-

78 2065 205 2123 dum
235 2090 247 2123 :
291 2092 316 2122 «
343 2069 636 2130 Praedictus
662 2076 831 2148 igitur
859 2079 1246 2135 sanctissimus
1268 2077 1354 2134 vir
1377 2079 1596 2153 (nempe
1618 2077 1832 2155 Cyrus),
1865 2078 1952 2133 his

79 2166 295 2237 auditiS,
328 2171 444 2244 ejus
473 2175 751 2232 serenitati
792 2179 1100 2252 respondit,
1152 2179 1371 2235 nescire
1410 2178 1712 2248 subtiliter,
1752 2183 1945 2233 utrum

81 2279 245 2319 unam
274 2284 341 2322 an
374 2269 507 2326 duas
550 2274 891 2346 operationes
921 2275 1122 2331 Christi
1171 2275 1283 2331 veri
1312 2275 1405 2330 Dei
1438 2275 1611 2331 nostri
1660 2275 1947 2330 adstruere

83 2365 425 2422 necesse-sit.
473 2367 608 2442 Ergo
657 2390 754 2445 per
788 2372 1096 2444 jussionem
1141 2374 1260 2446 ejus
1306 2373 1551 2447 pietatiS,
1594 2390 1690 2446 per
1732 2373 1946 2427 litteras

80 2459 318 2532 proprias
352 2463 700 2540 interrogavit
727 2488 829 2525 nos
864 2469 1156 2543 praedictus
1198 2470 1585 2527 sanctissimus
1611 2469 1716 2538 vir,
1754 2475 1944 2524 utrum

79 2573 241 2614 unam
269 2565 663 2637 operationem,
693 2586 762 2624 an
792 2569 931 2625 duas
965 2569 1022 2625 in
1064 2569 1342 2626 Salvatore
1384 2578 1572 2626 nostro
1601 2570 1813 2626 Christo
1842 2587 1941 2624 ne-

74 2670 224 2711 cesse
250 2658 318 2714 sit
359 2661 557 2732 dicere,
587 2671 639 2721 et
675 2666 722 2722 si
749 2667 1021 2739 quosdam
1053 2685 1354 2750 noscamus
1377 2674 1696 2724 sanctorum
1724 2686 1786 2723 ac
1817 2668 1945 2723 bea-

73 2750 411 2813 tissimorum
439 2759 658 2817 Patrum
691 2782 862 2819 unam
908 2765 1155 2821 dicentes
1199 2767 1598 2840 operationem.
1631 2767 1780 2823 Unde
1818 2785 1942 2837 nOS,

76 2863 195 2917 quae
226 2859 423 2909 nostra}
454 2865 615 2913 erunt
645 2860 886 2918 scientiae
941 2881 1040 2936 per
1070 2869 1258 2919 nostra
1302 2864 1566 2938 rescripta
1591 2865 1641 2919 ei
1668 2864 1944 2937 signifiea-

78 2941 282 3011 vimus;
325 2947 620 3022 dirigentes
669 2958 832 3013 etiam
872 2977 1186 3018 sermonem
1232 2962 1685 3017 acclamatorium
1711 2962 1941 3028 Mennae‚

78 3040 411 3098 sanctissimi
440 3050 713 3117 quondam
735 3054 1065 3112 Patriarchae
1087 3059 1252 3132 hujus
1272 3059 1434 3131 rogiae
1456 3058 1633 3113 urbis.
1649 3100 1712 3127 ..,
1741 3059 1946 3112 haben-

79 3144 184 3193 tem
218 3146 268 3194 et
310 3140 520 3198 diversa
555 3148 865 3207 testimonia
894 3161 1122 3227 paterna
1156 3156 1223 3212 de
1252 3175 1363 3211 una
1395 3156 1714 3230 operatione
1752 3161 1805 3211 et
1832 3175 1942 3212 una

75 3235 355 3292 voluntate
376 3237 670 3298 Salvatoris
695 3248 868 3302 nostri
894 3247 1094 3306 Christi
1118 3252 1230 3307 veri
1249 3253 1339 3306 Dei
1363 3252 1559 3308 nostri.
1584 3251 1733 3307 Nihil
1755 3258 1941 3309 tamen

76 3333 362 3406 proprium
397 3336 616 3409 penitus
652 3339 706 3394 in
734 3341 1052 3415 hujusmodi
1074 3347 1281 3403 nostris
1308 3348 1594 3421 rescriptis
1622 3351 1938 3425 promulga-

72 3429 276 3503 vimus,
322 3431 463 3488 sieut
513 3436 755 3510 suppetit
801 3456 960 3496 nosse
991 3460 1184 3511 VOS...,
1232 3443 1538 3516 relegentes
1576 3464 1766 3504 eorum
1816 3468 1939 3524 quae

74 3526 240 3583 missa
268 3536 391 3585 sunt
423 3533 777 3607 exemplaria.
817 3535 879 3591 Et
910 3537 1197 3595 silentium
1225 3540 1446 3613 quidem
1481 3545 1660 3602 exilio
1688 3551 1937 3623 tempore

74 3625 382 3699 hujusmodi
411 3632 649 3704 suscepit
673 3633 999 3707 capitulum.
1035 3659 1060 3686 u
