2306 4010
352 169 441 216 272
1028 156 1323 206 TRACTATUS
1355 154 1421 202 DE
1454 130 1602 204 pipi.

350 276 488 350 quid
515 274 745 333 credere
771 269 1061 325 deberent.
1096 263 1242 336 Ergo
1269 262 1450 338 ipsius
1476 251 1700 337 negatio
1737 282 1848 320 non
1882 265 1992 322 fuit
2021 267 2274 325 definitio

351 373 501 442 fidei,
529 371 583 426 id
611 376 717 438 est,
755 365 1046 421 decretum
1079 361 1150 418 ad
1182 360 1369 418 fideles
1399 360 1703 431 directum,
1741 362 1810 418 ad
1838 380 1934 419 eos
1961 362 2275 424 edocendos

351 469 487 543 quid
519 465 747 522 credere
784 461 1048 519 debeant.

426 566 482 620 2⁰
505 560 735 637 Negatio
763 562 879 618 haec
915 566 1067 618 metu
1090 566 1308 617 extorta
1333 561 1460 618 fuit.
1492 561 1665 632 Unde,
1700 561 1927 618 etiamsi
1963 560 2166 618 fuisset
2191 563 2277 621 de-

349 663 529 721 finitio
561 660 715 732 fidei,
752 659 987 734 allegari
1028 678 1139 716 non
1168 665 1357 735 posset
1385 666 1582 716 contra
1613 660 1815 734 dogma
1857 660 1926 717 de
1974 659 2306 739 infallibili?¹

349 769 464 820 tate
482 762 642 836 Papae
666 762 720 816 in
744 761 869 833 fidei
889 761 1276 835 definitionibus
1294 782 1312 826 ;
1338 778 1470 816 cum
1497 760 1701 834 dogma
1723 760 1877 818 istud
1895 743 2301 836 propugnetur⁸⁴¹

351 863 641 919 dumtaxat
689 859 874 935 quoad
915 859 1269 917 definitiones
1315 859 1443 917 fidei
1492 861 1654 917 libere
1707 861 1900 932 editas,
1948 879 2060 917 non
2095 866 2283 918 autem

352 962 539 1037 quoad
571 961 929 1018 definitiones
956 960 1085 1017 fidei
1129 969 1271 1018 metu
1307 969 1569 1018 extorta&
1605 961 1708 1027 Qui
1754 960 1906 1018 enim
1949 960 2198 1018 affirmat
2222 980 2286 1018 ex

356 1068 535 1132 metu,
570 1059 714 1117 nihil
745 1059 972 1137 proprie
1004 1059 1275 1127 affirmat3
1322 1079 1451 1117 cum
1477 1079 1592 1116 non
1625 1066 1842 1120 constet
1877 1079 2065 1118 annon
2090 1067 2286 1118 contra

354 1168 605 1220 mentem
635 1180 797 1218 suam
832 1161 1121 1234 loquatur.
1506 1159 1508 1162 ’

431 1263 487 1319 5⁰
516 1262 748 1328 Quando
790 1267 1019 1318 sanctus
1050 1262 1249 1318 Petrus
1277 1261 1565 1338 Christum
1609 1261 1852 1336 negavit,
1879 1261 2135 1317 nondum
2165 1266 2282 1317 erat

356 1363 629 1419 Summus
683 1360 958 1417 Pontifex.
1003 1359 1286 1416 Primatus
1323 1359 1762 1435 promissionem
1801 1367 2113 1435 acceperat,
2174 1379 2286 1415 non

354 1467 539 1518 tamen
566 1461 749 1516 adhuc
776 1459 1086 1535 ipsummet
1103 1460 1436 1535 primatum.
1455 1459 1525 1515 De
1545 1478 1655 1532 quo
1677 1459 1757 1515 sic
1783 1458 2143 1529 BalleriniuS‚
2166 1459 2301 1516 loco.

356 1562 522 1618 citato
557 1583 565 1614 :
598 1584 624 1613 «
663 1560 976 1617 Primatum
1019 1559 1235 1617 scilicet
1261 1561 1421 1617 Petro
1469 1566 1599 1616 ante
1633 1559 1838 1616 Christi
1874 1565 2114 1615 mortem
2161 1579 2286 1633 pro-

359 1661 598 1726 missum
632 1660 885 1734 quidem,
918 1680 1030 1716 non
1052 1678 1182 1717 vero
1203 1666 1329 1718 actu
1354 1658 1627 1716 traditum
1657 1659 1796 1716 satis
1824 1659 2075 1715 innuunt
2098 1660 2302 1738 verba„

359 1759 569 1832 quibus
599 1758 783 1833 prima
813 1758 1110 1834 promissio
1158 1776 1420 1833 expressa
1449 1758 1556 1815 suit
1581 1779 1591 1812 ε
1630 1758 1705 1815 Tu
1737 1777 1790 1815 es
1819 1758 2034 1828 Petrus,
2061 1767 2111 1815 et
2133 1777 2291 1833 super

362 1859 495 1914 hanc
510 1866 718 1932 petram
742 1859 1005 1930 aedificabo
1026 1859 1315 1915 Ecclesiam
1338 1877 1530 1931 meam,
1562 1868 1612 1915 et
1631 1868 1806 1934 portae
1831 1855 1994 1931 inferi
2020 1878 2125 1914 non
2147 1878 2286 1934 prae-

359 1957 602 2013 valebunt
628 1958 881 2013 adversus
908 1975 1048 2027 eam,
1075 1967 1125 2013 et
1162 1960 1253 2013 tibi
1285 1959 1419 2013 dabo
1451 1959 1645 2029 claves,
1676 1967 1776 2015 etc.
1803 1980 1820 2023 ,·
1850 1958 1946 2015 ubi
1980 1958 2168 2032 omnia
2201 1960 2285 2015 fu-

355 2056 469 2112 turi
514 2057 784 2134 temporis
841 2064 997 2127 sunt,
1048 2065 1108 2114 ut
1164 2063 1394 2113 sanctus
1449 2058 1822 2136 Hieronymus
1888 2051 2285 2117 animadvertit

354 2157 521 2229 (libro
552 2157 618 2211 ΙΙΙ
646 2156 701 2211 in
731 2157 1080 2228 Manlianum,
1107 2155 1287 2230 capite
1314 2175 1416 2225 xw,
1439 2176 1496 2212 n.
1522 2157 1644 2229 23).
1670 2156 1943 2213 Similiter
1972 2159 2138 2231 paulo
2161 2164 2288 2213 ante

350 2256 668 2330 passionem
695 2256 1007 2331 praedicens
1034 2256 1256 2312 futuros
1287 2256 1500 2312 diaboli
1529 2263 1768 2312 conatus
1810 2262 1872 2312 ut
1901 2256 2285 2313 dissensiones

348 2355 496 2412 inter
522 2355 717 2411 *fideles
748 2361 1038 2430 spargeret
1074 2354 1130 2410 in
1167 2354 1388 2428 negotio
1434 2354 1587 2426 fidei,
1631 2360 2036 2430 prospecturus
2080 2355 2285 2412 unitati

343 2455 598 2529 ejusdem
626 2455 779 2526 fidei,
828 2454 1009 2511 oravit
1044 2473 1147 2530 pro
1179 2473 1242 2511 ea
1277 2455 1422 2511 Petri
1443 2454 1574 2524 fide,
1605 2472 1714 2528 qua
1735 2456 1888 2529 (post
1922 2453 2282 2528 negationem

345 2555 676 2626 conversus)
708 2554 908 2610 fratres
948 2554 1340 2621 confirmaret3
1378 2554 1552 2627 quod,
1582 2559 1708 2628 post
1755 2553 2182 2610 conversionem
2218 2572 2283 2610 ex

352 2651 631 2724 primatus
657 2652 843 2707 officio
875 2652 1285 2727 praestandum,
1322 2652 1580 2709 futurum
1613 2670 1839 2725 quoque
1857 2657 2082 2725 tempus
2111 2653 2284 2728 respi-

356 2749 432 2806 cit
453 2767 564 2823 quo
590 2750 902 2825 primatum
931 2751 1290 2808 obtinuisset.
1321 2751 1454 2807 Vide
1484 2751 1964 2826 Theophylactum
1994 2758 2046 2808 et
2075 2753 2282 2832 Euthy-

359 2846 540 2903 mium
567 2847 626 2902 in
656 2848 842 2923 ipsum
877 2854 1093 2913 textum
1145 2848 1533 2922 evangelicum
1561 2849 1718 2906 Lucae
1745 2850 1840 2922 22,
1878 2869 2096 2907 necnon
2125 2869 2280 2908 sanc-

358 2952 478 3003 tum
517 2947 881 3004 Ambrosium
932 2947 990 3003 in
1042 2948 1328 3023 psalmum
1380 2968 1513 3020 xuu,
1564 2967 1621 3004 n.
1680 2949 1777 3007 40.
1822 2950 2013 3026 Ipsum
2051 2952 2279 3008 tandem

357 3047 668 3123 primatum
701 3048 864 3104 Petro
901 3056 1021 3104 actu
1061 3047 1336 3119 collatum,
1387 3069 1517 3106 cum
1550 3038 1807 3107 Christus
1839 3056 1968 3126 post
1995 3067 2306 3114 resurrec-·;

353 3147 564 3204 tionem
588 3148 719 3205 hinc
751 3148 1033 3221 abituruS,
1064 3167 1194 3206 eum
1216 3149 1494 3207 vicarium
1522 3169 1691 3208 suum
1727 3150 2078 3225 1²elinquenS‚
2107 3151 2306 3215 totius

354 3247 634 3320 Ecclesiae,
671 3249 858 3306 ovium
892 3256 946 3306 ct
974 3268 1249 3323 agnorum
1280 3250 1538 3307 omnium
1569 3256 1853 3326 pastorem
1890 3252 2184 3309 constituit
2211 3252 2306 3312 iis}

355 3349 556 3418 verhiS,
582 3368 744 3424 pasce
772 3368 934 3424 aqnos
958 3369 1122 3421 meos,
1155 3368 1312 3423 pasce
1341 3369 1462 3406 oves
1501 3369 1668 3421 mecm,
1699 3356 1889 3426 patres
1922 3357 1977 3407 et
2004 3351 2306 3428 interme-2

355 3449 438 3499 tes
465 3446 853 3505 observarunt.
877 3449 1103 3524 Ineptus
1127 3467 1258 3523 ergo
1277 3448 1335 3504 in
1356 3467 1415 3506 re
1433 3448 1692 3524 praesenti
1713 3455 1797 3505 est
1817 3449 1911 3507 ille
1930 3450 2109 3507 sancti
2131 3450 2302 3510 Pon-11

358 3539 574 3614 lapsus,
621 3546 718 3618 qui
744 3566 853 3603 non
890 3546 1074 3603 solum
1112 3566 1223 3605 non
1269 3547 1376 3605 fuit
1409 3547 1662 3605 definitio
1687 3547 1843 3619 fidei,
1886 3567 2079 3607 verum
2108 3549 2275 3606 etiam

360 3636 638 3710 primatus
680 3650 906 3721 tempus
961 3646 1297 3714 antecessit;
1341 3646 1411 3703 ad
1456 3646 1603 3721 quod
1647 3647 1894 3722 (tempus
1935 3645 2049 3719 jam
2085 3645 2274 3703 collati
