2262 3990
858 191 989 239 PARS
1019 190 1225 238 TERTIA.
1891 183 1983 231 645

106 301 282 360 versis.
301 330 369 339 —
391 295 605 352 Etenim
627 293 779 350 nulla
802 293 1108 367 percipitur
1130 287 1486 348 contradictio
1512 287 1570 342 in
1595 303 1658 343 eo
1680 285 1827 359 quod
1852 286 1981 359 quis

107 397 179 454 sit
218 394 387 452 simul
423 398 676 467 peccator
714 396 767 447 et
790 390 1028 465 alicujus
1062 387 1340 445 societatis
1380 385 1654 461 superior,
1683 383 1983 440 dummodo

110 497 227 568 ejus
260 496 543 567 peccatum
576 489 684 544 tale
719 505 831 543 non
865 486 958 551 sit,
990 503 1101 559 quo
1137 486 1206 541 ab
1243 485 1349 541 ista
1381 481 1639 539 societate
1674 480 1986 538 necessario

109 590 482 649 abscindatur.
528 587 693 641 Porro
730 585 798 640 ab
835 583 1074 640 Ecclesia
1117 582 1308 638 nullus
1347 580 1691 637 Christianus
1734 578 1990 653 praescin-

111 685 262 743 ditur
288 683 394 739 nisi
433 700 530 757 per
563 680 785 736 haeresis
830 685 926 735 aut
964 677 1280 735 schismatis
1321 682 1629 751 peccatum.
1670 675 1843 748 Igitur
1883 675 1989 731 alia

115 789 328 857 peccata
362 799 456 854 per
480 797 537 835 sc
567 796 676 833 non
706 777 948 846 obstant,
983 775 1120 847 quin
1150 775 1290 848 Papa
1325 781 1503 830 servet
1527 773 1866 830 Pontificiam
1901 773 1990 847 ju-

113 878 509 934 risdictionem.
531 872 775 938 —Quod
811 872 977 928 etiam
1021 870 1101 926 sic
1138 870 1351 926 ostendi
1394 876 1609 943 potest:
1646 871 1724 926 Ah
1759 876 1885 927 actu
1925 871 1994 926 ad

113 993 272 1049 posse
315 973 459 1029 valet
497 969 831 1027 consecutio.
874 969 1038 1040 Atqui
1085 967 1399 1040 jurisdictio
1439 968 1793 1042 episcopalis,
1839 968 1995 1024 verbi
2040 965 2043 968 ’

114 1071 309 1145 gratia,
354 1074 461 1125 stat
504 1086 627 1123 cum
669 1066 908 1141 peccatis
956 1065 1210 1138 Episcopi
1248 1066 1315 1120 ab
1358 1066 1554 1120 haeresi
1605 1074 1656 1122 et
1698 1066 1997 1122 schismate

116 1168 366 1230 diversis;
403 1166 508 1222 nisi
549 1167 684 1221 forte
712 1183 809 1238 per
836 1165 1010 1236 legem
1045 1163 1347 1237 superioris
1369 1170 1596 1219 cautum
1635 1164 1705 1219 sit
1739 1171 1800 1219 ut
1839 1164 1996 1238 Epis-

117 1284 283 1339 copus
322 1262 672 1320 determinati
700 1262 933 1335 alicujus
966 1261 1172 1334 pcccati
1205 1280 1332 1316 reus
1366 1261 1486 1335 ipso
1523 1261 1664 1315 facto
1707 1261 1999 1334 depositio-

122 1381 245 1418 nem
280 1363 547 1416 incurrat.
583 1361 755 1432 Igitur
778 1359 1009 1414 Romani
1032 1358 1307 1415 Pontiticis
1335 1359 1487 1431 pravi
1515 1377 1717 1428 mores,
1747 1378 1843 1414 seu
1876 1378 2000 1433 pec-

123 1465 239 1513 cata
270 1459 385 1530 ejus
413 1458 478 1512 ab
511 1456 702 1511 haeresi
740 1462 793 1511 et
824 1455 1115 1511 schismate
1149 1455 1384 1524 diversa,
1420 1473 1767 1528 nequaquam
1804 1474 1901 1528 per
1942 1475 2001 1512 se

123 1554 259 1617 sola,
289 1573 381 1609 seu
408 1573 470 1609 ex
496 1560 691 1608 natura
717 1571 838 1616 sua,
869 1553 1046 1627 ipsius
1071 1553 1408 1608 Pontifici-am
1435 1552 1880 1627 jurisdictionem
1907 1571 2000 1609 ne-

121 1651 358 1706 cessario
394 1650 691 1705 excludunt
724 1657 817 1705 aut
857 1650 1205 1722 extinguunt.
1235 1650 1466 1704 Proinde
1494 1650 1602 1704 nisi
1629 1649 1806 1723 ipsius
1835 1668 1998 1724 supe-

119 1746 253 1814 rior,
284 1746 337 1800 id
365 1754 467 1814 cst,
492 1745 737 1801 Christus
766 1746 1051 1814 DominuS,
1081 1746 1338 1802 statuerit
1373 1753 1423 1800 et
1448 1747 1767 1801 revelaverit
1803 1747 2000 1802 Roma-

121 1859 253 1896 num
298 1842 610 1896 Pontificem
652 1860 749 1914 per
790 1860 986 1915 pravos
1027 1861 1228 1910 mores,
1260 1843 1555 1897 Pontifici-ae
1593 1843 1998 1914 jurisdictionis

120 1937 480 2010 privationem
512 1937 630 2009 ipso
670 1936 811 1990 sacto
850 1936 1231 2004 incursurum,
1274 1937 1646 2009 perseverabit
1678 1937 1996 2010 jurisdictio

120 2034 252 2102 haec,
290 2052 399 2089 non
426 2035 677 2088 obstante
707 2033 848 2088 dicta
875 2051 1099 2088 morum
1126 2034 1416 2107 pravitate.

192 2131 269 2188 lv,
309 2132 576 2204 Repugnat
620 2131 879 2186 Christum
909 2132 1129 2186 voluisse
1165 2150 1225 2186 ac
1259 2134 1543 2186 instituisse
1583 2140 1640 2186 ut
1677 2133 1845 2205 Papa,
1884 2153 2000 2206 pec-

116 2227 240 2280 catis
264 2227 325 2279 ab
352 2227 527 2280 haeresi
553 2227 763 2280 diversis
785 2245 899 2281 sese
923 2229 1220 2296 inquinans,
1246 2229 1352 2299 ipso
1379 2229 1520 2298 sacto
1541 2236 1735 2300 papatu
1763 2230 1992 2284 eoeciclat.

117 2321 260 2375 -1ο
290 2320 405 2374 Non
433 2326 646 2375 constat
673 2321 952 2375 Christum
978 2321 1053 2376 ita
1084 2321 1365 2391 statuisse,
1400 2322 1566 2393 idque
1590 2323 1723 2377 satis
1755 2330 1900 2378 esset
1925 2324 1993 2378 ad

116 2417 551 2471 concludendam
590 2416 884 2471 Pontificiae
909 2418 1316 2489 jurisdictionis
1354 2419 1839 2491 perseverantiam,
1885 2438 1994 2475 non

116 2513 365 2568 obstante
406 2513 548 2568 dicta
588 2531 809 2568 morum
857 2513 1143 2587 pravitate.
1181 2547 1248 2554 ——
1277 2515 1330 2568 2⁰
1366 2515 1467 2570 Sed
1508 2516 1674 2571 etiam
1722 2524 1993 2590 repugnat

114 2608 386 2664 Christum
437 2609 509 2663 ita
554 2610 836 2665 statuisse.
887 2610 1023 2665 Nam
1066 2629 1165 2684 pro
1209 2611 1392 2666 divina
1433 2612 1700 2685 sapientia
1742 2631 1840 2668 sua
1883 2633 1992 2670 non

115 2704 291 2777 potuit
332 2704 387 2759 in
422 2705 565 2759 dicto
598 2723 729 2760 casu
771 2706 1058 2779 provisum
1096 2707 1236 2762 velle
1282 2726 1380 2781 per
1420 2708 1730 2764 remedium
1779 2710 1994 2766 insusti-

114 2801 263 2855 ciens
297 2820 357 2856 ac
385 2820 610 2875 prorsus
645 2805 912 2874 inefficax.
957 2804 1248 2860 Enimvero
1290 2824 1669 2880 supponamus
1712 2808 1990 2864 Christum

118 2897 190 2952 ita
227 2897 549 2966 decrevisse,
585 2896 644 2954 id
680 2907 785 2969 est,
821 2900 1020 2974 Papam
1064 2903 1133 2958 ol)
1175 2911 1396 2977 peccata
1440 2906 1507 2959 ab
1549 2905 1741 2960 hteresi
1780 2906 1992 2962 diversa

116 2999 344 3067 papatus
379 2994 740 3067 privationem
782 2997 903 3070 ipso
944 2999 1087 3055 sacto
1122 3001 1505 3057 incursurum.
1542 3003 1676 3057 Cum
1721 3003 1775 3056 id
1812 3004 1992 3059 nulla-

118 3096 276 3145 tenus
305 3092 603 3147 revelatum
639 3093 830 3164 suerit,
873 3101 924 3150 et
958 3096 1182 3153 aliunde
1217 3116 1315 3171 per
1354 3117 1410 3154 se
1436 3106 1582 3155 stare
1615 3100 1786 3171 possit
1822 3102 1994 3172 juris-

117 3187 283 3243 dictio
319 3207 445 3244 cum
500 3190 643 3245 dicta
702 3208 920 3246 morum
971 3195 1258 3265 pravitate,
1308 3197 1506 3252 merito
1548 3215 1750 3270 negare
1790 3201 1992 3273 poterit

117 3283 256 3357 Papa
284 3302 402 3340 sese
433 3286 500 3340 ob
532 3304 727 3359 pravos
758 3304 941 3343 mores
976 3296 1179 3363 papatu
1212 3290 1495 3357 excidisse3
1530 3311 1591 3348 ac
1617 3295 1813 3351 merito
1843 3296 1990 3354 idem

119 3378 355 3451 theologi
381 3396 572 3434 omnes
596 3398 797 3452 negare
821 3388 1104 3455 poterunt,
1132 3383 1243 3440 imo
1270 3393 1321 3441 ct
1341 3385 1637 3443 debebunt.
1664 3390 1855 3462 Igitur,
1881 3410 1990 3449 non

118 3476 368 3532 obstante
402 3478 687 3551 supposito
727 3478 822 3534 illo
862 3480 1063 3536 Christi
1096 3480 1340 3552 decret0,
1390 3501 1547 3557 agere
1577 3503 1768 3544 omnes
1802 3488 1992 3547 fideles

121 3588 183 3627 ac
209 3571 459 3645 Episcopi
490 3571 791 3644 debebunt,
819 3574 1046 3648 perinde
1068 3594 1130 3632 ac
1155 3578 1202 3633 si
1225 3577 1504 3636 decretum
1537 3581 1683 3638 istud
1714 3602 1825 3640 non
1845 3586 1990 3642 exis-
