2306 4010
322 177 410 226 546
1001 170 1292 220 TRACTATUS
1324 170 1389 218 DE
1419 170 1562 220 PAPA.

321 304 488 345 mana
518 286 809 342 dumtaxat
836 280 1148 353 voluntate,
1193 287 1246 338 et
1285 298 1392 358 per.
1415 265 1825 358 oppositionem
1860 282 1931 339 ad
1972 283 2115 341 duas
2143 304 2239 344 νο.-
2270 325 2275 329 Δ

319 387 565 443 luntates
591 381 931 455 contrariaS,
976 381 1186 439 mentis
1229 381 1443 440 scilicet
1483 388 1537 440 et
1573 380 1780 452 carniS,
1815 399 1940 456 quae
1977 382 2037 440 in
2077 371 2278 447 nobis,

317 489 472 555 sunt,
500 486 701 537 notum
729 479 835 538 suit
862 486 987 557 post
1014 487 1257 538 mortem
1284 480 1534 549 Honorii3
1567 486 1619 538 et
1645 498 1776 538 cum
1802 497 1865 537 ea
1890 481 2083 556 phrasi
2103 470 2282 567 abu-&Jr

314 586 569 639 terentur
611 581 1018 652 monothelitae,
1069 583 1438 640 orthodoxam
1483 600 1606 640 cam
1651 582 1966 658 probarunt
2001 572 2235 646 Joannes

312 682 456 758 Papa
481 683 566 754 IV,
594 682 836 741 Joannes
861 670 1175 761 Symponus
1201 685 1299 759 qui
1328 684 1622 759 epistolam
1647 683 1973 760 scripserat,
2001 691 2053 742 et
2080 667 2290 764 sanc-ef?

312 787 406 839 tus
432 782 703 841 Maximus
727 791 960 863 martyr.
998 784 1156 850 Quod
1185 792 1374 844 autem
1415 785 1475 842 in
1506 785 1761 862 epistolis
1793 785 1912 842 suis
1939 774 2294 870 praefatum}

308 879 601 938 silentium
627 882 907 940 Honorius
932 883 1267 959 injunxerit,
1294 903 1394 962 per
1420 884 1491 943 40
1518 902 1715 957 annos,
1742 883 1799 941 id
1818 889 1906 941 est
1926 884 1995 941 ad
2023 890 2265 945 sextam·

307 996 489 1055 usque
527 981 850 1055 generalem
896 982 1198 1058 synodum,
1248 983 1317 1038 ab
1349 982 1617 1039 omnibus
1663 982 1988 1056 ignoratum
2034 988 2136 1039 est.
2170 982 2261 1044 Et
2295 963 2299 973 ’

305 1097 437 1137 cum
464 1082 606 1138 tanti
634 1083 1135 1140 monothelitarum
1171 1083 1473 1141 interesset
1516 1083 1585 1140 ad
1617 1083 2031 1141 defendendum
2065 1102 2231 1143 suum

310 1179 509 1254 Typmn
544 1199 819 1255 suamquc
865 1185 1099 1257 ectesivn,
1147 1201 1271 1239 eam
1317 1190 1533 1258 partem
1569 1183 1830 1257 allegare,
1877 1182 2073 1238 nullus
2109 1201 2230 1240 eam

305 1286 497 1336 notam
533 1280 754 1353 habuit,
788 1281 982 1338 nullus
1016 1281 1084 1337 ad
1117 1300 1240 1338 eam
1270 1282 1610 1357 provocavit.
1642 1282 1798 1338 Prior
1830 1281 2060 1338 Honorii
2085 1284 2231 1358 epis·
2261 1358 2265 1363 ι

308 1378 439 1452 tola,
488 1379 718 1452 qualem
769 1398 894 1436 eam
945 1399 1097 1437 nunc
1150 1381 1448 1454 habemuS‚
1503 1381 1603 1438 uni
1656 1382 1892 1438 Macario
1939 1381 2228 1459 Episcop0‚
2257 1388 2262 1446 J

303 1478 741 1536 mendacissimo
786 1487 956 1555 atque
997 1482 1227 1538 falsario
1262 1482 1546 1552 haeretico,
1588 1481 1838 1557 primum
1875 1491 2001 1558 post
2033 1482 2104 1539 40
2139 1502 2234 1541 an·-

304 1597 405 1636 nos
443 1579 714 1637 innotuit.
745 1565 1062 1639 Secundam
1096 1602 1249 1654 vero,
1292 1602 1361 1640 ne
1403 1582 1682 1639 Macarius
1711 1584 1942 1657 quidem
1975 1592 2226 1643 noverat.
2295 1621 2298 1627 ·

301 1681 405 1737 Sed
434 1699 581 1751 eam,
608 1683 746 1739 dum
776 1684 1165 1742 celebraretur
1203 1692 1356 1743 sexta
1384 1685 1658 1761 synodus,
1701 1685 1891 1742 subito
1934 1686 2141 1762 reperit
2173 1686 2242 1743 in.
2284 1711 2306 1738 .2

305 1782 532 1840 archivo
570 1784 841 1858 Georgius
889 1787 1323 1863 Chartophylax,
1371 1808 1499 1844 cuni
1541 1790 1652 1844 huc
1695 1807 1876 1862 usque
1915 1788 2121 1845 nullibi
2164 1789 2229 1847 dc
2258 1803 2267 1860 ς
2291 1835 2294 1839 .

304 1897 365 1935 ea
409 1881 621 1938 mentio
659 1883 803 1939 sacta
842 1884 1062 1941 fuisset.
1105 1885 1247 1951 Quid
1290 1885 1422 1941 inde
1462 1885 1840 1960 colligendum
1891 1886 2077 1956 venit,
2122 1886 2225 1944 nisi
2256 1880 2299 1961 ᾗ·

308 1980 564 2038 falsatam
606 1982 779 2039 fuisse
808 1983 1050 2057 priorem
1082 1984 1376 2058 epistolam
1428 1987 1614 2058 quoad
1649 2005 1741 2042 cas
1775 1994 1958 2063 partes
1987 1987 2087 2044 ubi
2115 1987 2226 2043 dic·
2255 2011 2260 2017 ’
2300 1997 2301 2003 ’

304 2087 422 2134 tum
464 2079 758 2137 silentium
787 2081 1128 2156 injungitur,
1157 2090 1208 2139 et
1250 2084 1620 2158 posteriorem
1654 2085 1888 2140 omnino
1932 2085 2222 2143 confictam
2263 2080 2265 2137 j
2297 2087 2302 2092 ’

296 2179 507 2236 fuisse?
2195 2248 2222 2268 ι
2276 2264 2278 2266 ¹

369 2282 710 2336 AacmfflNTrM
751 2281 834 2336 VI.
869 2315 937 2321 --
969 2282 1051 2338 Ea)
1078 2284 1248 2339 verbis
1283 2286 1452 2339 sancti
1477 2283 1788 2356 Ayathonis‘.
1817 2304 1885 2326 -·-
1914 2285 1974 2340 In
2014 2285 2133 2342 suis
2159 2286 2224 2343 ad
2252 2328 2254 2338 .

295 2381 697 2456 imperatorem
726 2382 1163 2440 Constantinum
1190 2383 1419 2455 litteris,
1454 2384 1535 2440 sic
1570 2385 1771 2441 asserit
1797 2385 2060 2442 laudatus
2090 2385 2222 2442 Pon·
2244 2413 2249 2435 :

297 2480 460 2536 tifex:
503 2502 529 2533 «
554 2481 888 2556 Apostolicae
917 2482 1208 2538 memoriae
1253 2499 1390 2538 meae
1421 2482 1719 2558 parvitatis
1763 2484 2218 2558 praedecessoreS,
2250 2466 2267 2530 22¹⁵

295 2581 596 2639 dominicis
624 2582 899 2640 doctrinis
934 2583 1223 2654 instructi,
1251 2602 1315 2640 cx
1340 2603 1452 2658 quo
1474 2584 1777 2641 novitatem
1806 2585 2130 2642 haereticam
2165 2585 2217 2640 in
2243 2571 2266 2638 .³·=-'

295 2681 496 2737 Christi
537 2682 965 2739 immaculatam
1009 2683 1317 2739 Ecclesiam
1359 2682 1996 2759 Constantinopolitanae
2035 2685 2221 2742 Eccle⁴
2252 2692 2270 2749 ζ·

295 2779 390 2834 sia}
419 2779 689 2853 praesules
719 2779 1079 2836 introducere
1106 2782 1485 2856 conabantur,
1519 2799 1814 2856 nunquam
1854 2785 2224 2857 neglexerunt.

293 2896 387 2933 eos
419 2877 630 2933 hortari
673 2860 842 2952 atque
872 2879 1217 2935 obsecrando
1245 2898 1679 2938 commonere...
1718 2899 1789 2938 ne
1819 2898 1883 2938 cx
1922 2882 2025 2938 hoc
2062 2898 2215 2938 exor-
2254 2878 2257 2882 ’

293 2975 453 3032 dium
482 2975 707 3033 dissidii
741 2977 799 3032 in
826 2978 1039 3035 unitate
1070 2966 1332 3034 Ecclesiae
1357 2977 1627 3048 facerent3
1667 2997 1841 3035 unam
1873 2980 2213 3037 voluntatem

292 3094 580 3150 unamque
610 3076 995 3152 operationem
1031 3077 1274 3134 duarum
1304 3085 1643 3136 naturarum
1680 3086 1995 3137 asserentes
2021 3079 2080 3135 in
2107 3094 2212 3135 uno

289 3174 523 3231 Domino
550 3180 746 3233 nostro
772 3176 905 3233 Jesu
927 3176 1199 3234 Christo»
1233 3178 1405 3253 (apud
1430 3178 1630 3250 Labbe,
1654 3187 1807 3236 tomo
1830 3178 1913 3250 VI,
1936 3176 2208 3251 cotom).
2245 3163 2250 3167 Α

290 3273 454 3348 Erg0,
484 3280 722 3332 testante
748 3264 1058 3350 Agathone,
1099 3277 1170 3334 eoe'
1191 3297 1292 3353 quo
1323 3282 1527 3336 novitas
1551 3281 1794 3337 haeretiea
1825 3277 2213 3335 Constantino-

292 3373 406 3446 poli
432 3382 622 3432 cxorta
650 3382 755 3449 est,
787 3395 911 3433 eam
939 3395 1258 3453 repressere
1294 3379 1531 3435 Romani
1562 3379 1878 3437 Pontifices,
1916 3375 2210 3434 Exordium
2251 3370 2292 3451 γ’

294 3478 481 3528 autem
506 3475 724 3532 novitas
752 3475 849 3532 illa
884 3478 1130 3554 sumpsit
1160 3498 1190 3535 a
1220 3478 1411 3552 Sergio
1442 3500 1452 3533 :
1485 3497 1618 3553 ergo
1645 3477 1870 3551 Sergius
1905 3474 2211 3532 hortationi-

295 3567 386 3622 bus
429 3579 480 3626 et
521 3575 962 3634 obsecrationibus
1007 3581 1354 3635 commonitus
1399 3587 1498 3650 est,
1545 3597 1610 3635 ne
1647 3595 1806 3634 mnam
1850 3576 2210 3650 operationem

297 3665 494 3725 Christi
535 3684 817 3734 assereret.
864 3678 983 3735 Non
1020 3679 1206 3755 potuit
1245 3684 1437 3739 autem
1481 3679 1558 3737 ita
1601 3673 1949 3736 commoneri
1990 3672 2100 3731 nisi
2139 3666 2207 3728 ab
