<?xml version="1.0" encoding="UTF-8"?>
<!DOCTYPE html PUBLIC "-//W3C//DTD XHTML 1.0 Transitional//EN"
    "http://www.w3.org/TR/xhtml1/DTD/xhtml1-transitional.dtd">
<html xmlns="http://www.w3.org/1999/xhtml" xml:lang="en" lang="en">
 <head>
  <title>
</title>
<meta http-equiv="Content-Type" content="text/html;charset=utf-8" />
  <meta name='ocr-system' content='tesseract 3.04.00' />
  <meta name='ocr-capabilities' content='ocr_page ocr_carea ocr_par ocr_line ocrx_word'/>
</head>
<body>
  <div class='ocr_page' id='page_1' title='image "a548470102bouiuoft_0579.png"; bbox 0 0 2262 3990; ppageno 0'>
   <div class='ocr_carea' id='block_1_1' title="bbox 849 174 1957 238">
    <p class='ocr_par' dir='ltr' id='par_1_1' title="bbox 849 174 1957 238">
     <span class='ocr_line' id='line_1_1' title="bbox 849 174 1957 238; baseline -0.004 -1"><span class='ocrx_word' id='word_1_1' title='bbox 849 187 975 238; x_wconf 70' lang='lat' dir='ltr'>PARS</span> <span class='ocrx_word' id='word_1_2' title='bbox 1002 185 1201 236; x_wconf 69' lang='lat' dir='ltr'>rcum.</span> <span class='ocrx_word' id='word_1_3' title='bbox 1274 174 1281 181; x_wconf 60' lang='grc'>’</span> <span class='ocrx_word' id='word_1_4' title='bbox 1870 183 1926 232; x_wconf 74' lang='grc'>57</span> <span class='ocrx_word' id='word_1_5' title='bbox 1931 183 1957 233; x_wconf 74' lang='lat' dir='ltr'>i·</span> 
     </span>
    </p>
   </div>
   <div class='ocr_carea' id='block_1_2' title="bbox 98 287 1982 3686">
    <p class='ocr_par' dir='ltr' id='par_1_2' title="bbox 98 287 1970 1046">
     <span class='ocr_line' id='line_1_2' title="bbox 99 287 1961 375; baseline -0.002 -22"><span class='ocrx_word' id='word_1_6' title='bbox 99 312 226 375; x_wconf 78' lang='lat' dir='ltr'>pam</span> <span class='ocrx_word' id='word_1_7' title='bbox 256 310 377 352; x_wconf 87' lang='lat' dir='ltr'>csse</span> <span class='ocrx_word' id='word_1_8' title='bbox 409 299 571 370; x_wconf 85' lang='lat' dir='ltr'>eaput</span> <span class='ocrx_word' id='word_1_9' title='bbox 606 309 718 351; x_wconf 92' lang='lat' dir='ltr'>non</span> <span class='ocrx_word' id='word_1_10' title='bbox 742 299 959 351; x_wconf 83' lang='lat' dir='ltr'>tantum</span> <span class='ocrx_word' id='word_1_11' title='bbox 986 291 1352 351; x_wconf 82' lang='lat' dir='ltr'>Ecclesiarum</span> <span class='ocrx_word' id='word_1_12' title='bbox 1384 289 1747 363; x_wconf 82' lang='lat' dir='ltr'>singularum,</span> <span class='ocrx_word' id='word_1_13' title='bbox 1775 287 1873 346; x_wconf 86' lang='lat' dir='ltr'>sed</span> <span class='ocrx_word' id='word_1_14' title='bbox 1906 294 1961 349; x_wconf 83' lang='lat' dir='ltr'>et</span> 
     </span>
     <span class='ocr_line' id='line_1_3' title="bbox 98 386 1963 459; baseline -0.004 -9"><span class='ocrx_word' id='word_1_15' title='bbox 98 392 358 450; x_wconf 67' lang='lat' dir='ltr'>Ecclesiae.</span> <span class='ocrx_word' id='word_1_16' title='bbox 381 393 554 450; x_wconf 73' lang='lat' dir='ltr'>Porra</span> <span class='ocrx_word' id='word_1_17' title='bbox 573 390 903 451; x_wconf 87' lang='lat' dir='ltr'>vocabulum</span> <span class='ocrx_word' id='word_1_18' title='bbox 930 390 1078 448; x_wconf 89' lang='lat' dir='ltr'>istud</span> <span class='ocrx_word' id='word_1_19' title='bbox 1105 389 1356 459; x_wconf 77' lang='lat' dir='ltr'><strong><em>Ecclesia,</em></strong></span> <span class='ocrx_word' id='word_1_20' title='bbox 1385 393 1468 444; x_wconf 87' lang='lat' dir='ltr'>est</span> <span class='ocrx_word' id='word_1_21' title='bbox 1493 386 1830 451; x_wconf 67' lang='lat' dir='ltr'>collectivum,-</span> <span class='ocrx_word' id='word_1_22' title='bbox 1859 402 1963 443; x_wconf 87' lang='lat' dir='ltr'>nec</span> 
     </span>
     <span class='ocr_line' id='line_1_4' title="bbox 99 485 1965 564; baseline -0.004 -16"><span class='ocrx_word' id='word_1_23' title='bbox 99 490 348 564; x_wconf 83' lang='lat' dir='ltr'>designat</span> <span class='ocrx_word' id='word_1_24' title='bbox 373 489 564 546; x_wconf 85' lang='lat' dir='ltr'>fideles</span> <span class='ocrx_word' id='word_1_25' title='bbox 589 495 863 563; x_wconf 88' lang='lat' dir='ltr'>quatenus</span> <span class='ocrx_word' id='word_1_26' title='bbox 886 488 1234 548; x_wconf 84' lang='lat' dir='ltr'>distributive</span> <span class='ocrx_word' id='word_1_27' title='bbox 1262 492 1539 562; x_wconf 81' lang='lat' dir='ltr'>sumptoS‚</span> <span class='ocrx_word' id='word_1_28' title='bbox 1575 485 1671 542; x_wconf 88' lang='lat' dir='ltr'>sed</span> <span class='ocrx_word' id='word_1_29' title='bbox 1696 491 1965 560; x_wconf 87' lang='lat' dir='ltr'>quatenus</span> 
     </span>
     <span class='ocr_line' id='line_1_5' title="bbox 99 582 1963 661; baseline -0.004 -15"><span class='ocrx_word' id='word_1_30' title='bbox 99 589 416 646; x_wconf 83' lang='lat' dir='ltr'>societatem</span> <span class='ocrx_word' id='word_1_31' title='bbox 459 587 614 645; x_wconf 87' lang='lat' dir='ltr'>illam</span> <span class='ocrx_word' id='word_1_32' title='bbox 655 588 987 659; x_wconf 79' lang='lat' dir='ltr'>conflanteS,</span> <span class='ocrx_word' id='word_1_33' title='bbox 1038 604 1160 661; x_wconf 84' lang='lat' dir='ltr'>quae</span> <span class='ocrx_word' id='word_1_34' title='bbox 1203 585 1407 643; x_wconf 87' lang='lat' dir='ltr'>Christi</span> <span class='ocrx_word' id='word_1_35' title='bbox 1453 584 1693 643; x_wconf 78' lang='lat' dir='ltr'><strong>Ecclesia</strong></span> <span class='ocrx_word' id='word_1_36' title='bbox 1740 582 1963 642; x_wconf 89' lang='lat' dir='ltr'>dicitur.</span> 
     </span>
     <span class='ocr_line' id='line_1_6' title="bbox 98 681 1970 760; baseline -0.002 -18"><span class='ocrx_word' id='word_1_37' title='bbox 98 685 267 758; x_wconf 83' lang='lat' dir='ltr'>igitur</span> <span class='ocrx_word' id='word_1_38' title='bbox 289 686 430 758; x_wconf 88' lang='lat' dir='ltr'>Papa</span> <span class='ocrx_word' id='word_1_39' title='bbox 454 690 538 741; x_wconf 88' lang='lat' dir='ltr'>est</span> <span class='ocrx_word' id='word_1_40' title='bbox 564 692 727 760; x_wconf 89' lang='lat' dir='ltr'>caput</span> <span class='ocrx_word' id='word_1_41' title='bbox 752 684 1312 760; x_wconf 51' lang='lat' dir='ltr'>Episcoporumsnon</span> <span class='ocrx_word' id='word_1_42' title='bbox 1344 684 1522 739; x_wconf 91' lang='lat' dir='ltr'>solum</span> <span class='ocrx_word' id='word_1_43' title='bbox 1549 688 1823 757; x_wconf 83' lang='lat' dir='ltr'>quatenus</span> <span class='ocrx_word' id='word_1_44' title='bbox 1857 681 1970 738; x_wconf 86' lang='lat' dir='ltr'>dis·</span> 
     </span>
     <span class='ocr_line' id='line_1_7' title="bbox 100 779 1971 856; baseline -0.001 -20"><span class='ocrx_word' id='word_1_45' title='bbox 100 780 359 839; x_wconf 86' lang='lat' dir='ltr'>tributive</span> <span class='ocrx_word' id='word_1_46' title='bbox 383 788 756 856; x_wconf 84' lang='lat' dir='ltr'>sumptorum,</span> <span class='ocrx_word' id='word_1_47' title='bbox 781 780 877 838; x_wconf 89' lang='lat' dir='ltr'>sed</span> <span class='ocrx_word' id='word_1_48' title='bbox 903 780 1070 838; x_wconf 88' lang='lat' dir='ltr'>etiam</span> <span class='ocrx_word' id='word_1_49' title='bbox 1094 786 1366 853; x_wconf 86' lang='lat' dir='ltr'>quatenus</span> <span class='ocrx_word' id='word_1_50' title='bbox 1399 780 1679 837; x_wconf 81' lang='lat' dir='ltr'>socialiter</span> <span class='ocrx_word' id='word_1_51' title='bbox 1699 785 1751 837; x_wconf 90' lang='lat' dir='ltr'>et</span> <span class='ocrx_word' id='word_1_52' title='bbox 1775 779 1971 837; x_wconf 89' lang='lat' dir='ltr'>collec</span> 
     </span>
     <span class='ocr_line' id='line_1_8' title="bbox 103 876 1966 953; baseline 0.001 -19"><span class='ocrx_word' id='word_1_53' title='bbox 103 876 206 934; x_wconf 87' lang='lat' dir='ltr'>tive</span> <span class='ocrx_word' id='word_1_54' title='bbox 238 877 537 950; x_wconf 81' lang='lat' dir='ltr'>agentium.</span> <span class='ocrx_word' id='word_1_55' title='bbox 582 878 719 951; x_wconf 84' lang='lat' dir='ltr'>Ergo</span> <span class='ocrx_word' id='word_1_56' title='bbox 762 883 845 934; x_wconf 91' lang='lat' dir='ltr'>est</span> <span class='ocrx_word' id='word_1_57' title='bbox 878 882 1043 953; x_wconf 89' lang='lat' dir='ltr'>caput</span> <span class='ocrx_word' id='word_1_58' title='bbox 1086 876 1384 949; x_wconf 85' lang='lat' dir='ltr'>cujuslibet</span> <span class='ocrx_word' id='word_1_59' title='bbox 1414 877 1689 949; x_wconf 84' lang='lat' dir='ltr'>generalis</span> <span class='ocrx_word' id='word_1_60' title='bbox 1725 876 1966 942; x_wconf 85' lang='lat' dir='ltr'>concilii;</span> 
     </span>
     <span class='ocr_line' id='line_1_9' title="bbox 102 972 1538 1046; baseline 0 -17"><span class='ocrx_word' id='word_1_61' title='bbox 102 990 227 1046; x_wconf 84' lang='lat' dir='ltr'>ergo</span> <span class='ocrx_word' id='word_1_62' title='bbox 255 973 635 1030; x_wconf 87' lang='lat' dir='ltr'>auctoritatem</span> <span class='ocrx_word' id='word_1_63' title='bbox 660 973 860 1029; x_wconf 81' lang='lat' dir='ltr'>habet</span> <span class='ocrx_word' id='word_1_64' title='bbox 847 991 905 1028; x_wconf 85' lang='grc' dir='ltr'>ιη</span> <span class='ocrx_word' id='word_1_65' title='bbox 935 972 1236 1028; x_wconf 92' lang='lat' dir='ltr'>concilium</span> <span class='ocrx_word' id='word_1_66' title='bbox 1262 973 1538 1046; x_wconf 84' lang='lat' dir='ltr'>generale.</span> 
     </span>
    </p>

    <p class='ocr_par' dir='ltr' id='par_1_3' title="bbox 102 1068 1978 2603">
     <span class='ocr_line' id='line_1_10' title="bbox 177 1068 1972 1145; baseline 0.002 -21"><span class='ocrx_word' id='word_1_67' title='bbox 177 1070 232 1125; x_wconf 81' lang='lat'>5⁰</span> <span class='ocrx_word' id='word_1_68' title='bbox 259 1068 403 1131; x_wconf 86' lang='lat' dir='ltr'>Idem</span> <span class='ocrx_word' id='word_1_69' title='bbox 436 1070 718 1142; x_wconf 87' lang='lat' dir='ltr'>colligitur</span> <span class='ocrx_word' id='word_1_70' title='bbox 741 1088 806 1126; x_wconf 86' lang='lat' dir='ltr'>ex</span> <span class='ocrx_word' id='word_1_71' title='bbox 836 1087 963 1126; x_wconf 79' lang='lat' dir='ltr'>voce</span> <span class='ocrx_word' id='word_1_72' title='bbox 987 1073 1159 1126; x_wconf 81' lang='lat' dir='ltr'>totius.</span> <span class='ocrx_word' id='word_1_73' title='bbox 1189 1069 1414 1144; x_wconf 85' lang='lat' dir='ltr'>Nempe</span> <span class='ocrx_word' id='word_1_74' title='bbox 1423 1071 1571 1143; x_wconf 91' lang='lat' dir='ltr'>quod</span> <span class='ocrx_word' id='word_1_75' title='bbox 1605 1071 1745 1145; x_wconf 89' lang='lat' dir='ltr'>Papa</span> <span class='ocrx_word' id='word_1_76' title='bbox 1776 1071 1972 1145; x_wconf 85' lang='lat' dir='ltr'>eapitis</span> 
     </span>
     <span class='ocr_line' id='line_1_11' title="bbox 102 1164 1976 1240; baseline -0.001 -17"><span class='ocrx_word' id='word_1_77' title='bbox 102 1165 710 1240; x_wconf 32' lang='lat' dir='ltr'>auctoritatemaehaheat</span> <span class='ocrx_word' id='word_1_78' title='bbox 749 1165 807 1220; x_wconf 90' lang='lat' dir='ltr'>in</span> <span class='ocrx_word' id='word_1_79' title='bbox 843 1173 1004 1221; x_wconf 83' lang='lat' dir='ltr'>totam</span> <span class='ocrx_word' id='word_1_80' title='bbox 1042 1164 1365 1235; x_wconf 82' lang='lat' dir='ltr'>Ecclesiam,</span> <span class='ocrx_word' id='word_1_81' title='bbox 1408 1164 1475 1220; x_wconf 90' lang='lat' dir='ltr'>de</span> <span class='ocrx_word' id='word_1_82' title='bbox 1515 1164 1622 1220; x_wconf 87' lang='lat' dir='ltr'>fide</span> <span class='ocrx_word' id='word_1_83' title='bbox 1654 1172 1758 1221; x_wconf 91' lang='lat' dir='ltr'>est.</span> <span class='ocrx_word' id='word_1_84' title='bbox 1800 1165 1976 1239; x_wconf 82' lang='lat' dir='ltr'>Igitur</span> 
     </span>
     <span class='ocr_line' id='line_1_12' title="bbox 104 1264 1975 1340; baseline -0.001 -20"><span class='ocrx_word' id='word_1_85' title='bbox 104 1265 186 1320; x_wconf 78' lang='lat' dir='ltr'>vel</span> <span class='ocrx_word' id='word_1_86' title='bbox 236 1264 532 1320; x_wconf 88' lang='lat' dir='ltr'>concilium</span> <span class='ocrx_word' id='word_1_87' title='bbox 572 1265 825 1338; x_wconf 84' lang='lat' dir='ltr'>generale</span> <span class='ocrx_word' id='word_1_88' title='bbox 871 1272 922 1322; x_wconf 90' lang='lat' dir='ltr'>et</span> <span class='ocrx_word' id='word_1_89' title='bbox 965 1265 1212 1339; x_wconf 86' lang='lat' dir='ltr'>Episcopi</span> <span class='ocrx_word' id='word_1_90' title='bbox 1252 1264 1535 1320; x_wconf 79' lang='lat' dir='ltr'>collective</span> <span class='ocrx_word' id='word_1_91' title='bbox 1591 1265 1800 1340; x_wconf 90' lang='lat' dir='ltr'>sumpti</span> <span class='ocrx_word' id='word_1_92' title='bbox 1847 1271 1975 1320; x_wconf 91' lang='lat' dir='ltr'>sunt</span> 
     </span>
     <span class='ocr_line' id='line_1_13' title="bbox 105 1355 1970 1438; baseline 0 -20"><span class='ocrx_word' id='word_1_93' title='bbox 105 1370 253 1419; x_wconf 67' lang='lat' dir='ltr'>extra</span> <span class='ocrx_word' id='word_1_94' title='bbox 287 1355 608 1432; x_wconf 85' lang='lat' dir='ltr'>Ecclesiam,</span> <span class='ocrx_word' id='word_1_95' title='bbox 647 1363 795 1435; x_wconf 87' lang='lat' dir='ltr'>quod</span> <span class='ocrx_word' id='word_1_96' title='bbox 828 1364 1131 1419; x_wconf 84' lang='lat' dir='ltr'>absurdum</span> <span class='ocrx_word' id='word_1_97' title='bbox 1168 1370 1267 1429; x_wconf 87' lang='lat' dir='ltr'>est;</span> <span class='ocrx_word' id='word_1_98' title='bbox 1308 1363 1392 1419; x_wconf 64' lang='lat' dir='ltr'>vel</span> <span class='ocrx_word' id='word_1_99' title='bbox 1414 1363 1556 1438; x_wconf 88' lang='lat' dir='ltr'>Papa</span> <span class='ocrx_word' id='word_1_100' title='bbox 1587 1363 1970 1419; x_wconf 85' lang='lat' dir='ltr'>auctoritatem</span> 
     </span>
     <span class='ocr_line' id='line_1_14' title="bbox 109 1460 1974 1535; baseline 0 -20"><span class='ocrx_word' id='word_1_101' title='bbox 109 1460 301 1535; x_wconf 88' lang='lat' dir='ltr'>capitis</span> <span class='ocrx_word' id='word_1_102' title='bbox 327 1478 422 1515; x_wconf 91' lang='lat' dir='ltr'>seu</span> <span class='ocrx_word' id='word_1_103' title='bbox 451 1461 675 1517; x_wconf 86' lang='lat' dir='ltr'>rectoris</span> <span class='ocrx_word' id='word_1_104' title='bbox 715 1460 877 1516; x_wconf 87' lang='lat' dir='ltr'>habet</span> <span class='ocrx_word' id='word_1_105' title='bbox 906 1461 1073 1517; x_wconf 88' lang='lat' dir='ltr'>etiam</span> <span class='ocrx_word' id='word_1_106' title='bbox 1114 1462 1171 1516; x_wconf 91' lang='lat' dir='ltr'>in</span> <span class='ocrx_word' id='word_1_107' title='bbox 1209 1462 1502 1517; x_wconf 91' lang='lat' dir='ltr'>concilium</span> <span class='ocrx_word' id='word_1_108' title='bbox 1537 1461 1790 1534; x_wconf 84' lang='lat' dir='ltr'>generale</span> <span class='ocrx_word' id='word_1_109' title='bbox 1815 1479 1875 1516; x_wconf 86' lang='lat' dir='ltr'>ac</span> <span class='ocrx_word' id='word_1_110' title='bbox 1918 1461 1974 1516; x_wconf 88' lang='lat' dir='ltr'>in</span> 
     </span>
     <span class='ocr_line' id='line_1_15' title="bbox 110 1558 1966 1633; baseline 0.001 -21"><span class='ocrx_word' id='word_1_111' title='bbox 110 1558 396 1631; x_wconf 87' lang='lat' dir='ltr'>Episcopos</span> <span class='ocrx_word' id='word_1_112' title='bbox 423 1558 695 1614; x_wconf 71' lang='lat' dir='ltr'>collective</span> <span class='ocrx_word' id='word_1_113' title='bbox 722 1565 992 1633; x_wconf 89' lang='lat' dir='ltr'>sumptos.</span> <span class='ocrx_word' id='word_1_114' title='bbox 1021 1559 1174 1623; x_wconf 84' lang='lat' dir='ltr'>Quod</span> <span class='ocrx_word' id='word_1_115' title='bbox 1204 1559 1369 1615; x_wconf 90' lang='lat' dir='ltr'>etiam</span> <span class='ocrx_word' id='word_1_116' title='bbox 1398 1559 1476 1615; x_wconf 90' lang='lat' dir='ltr'>sic</span> <span class='ocrx_word' id='word_1_117' title='bbox 1506 1559 1718 1615; x_wconf 88' lang='lat' dir='ltr'>ostendi</span> <span class='ocrx_word' id='word_1_118' title='bbox 1748 1565 1926 1633; x_wconf 89' lang='lat' dir='ltr'>potest</span> <span class='ocrx_word' id='word_1_119' title='bbox 1955 1579 1966 1613; x_wconf 92' lang='lat'>:</span> 
     </span>
     <span class='ocr_line' id='line_1_16' title="bbox 109 1656 1971 1732; baseline 0.001 -22"><span class='ocrx_word' id='word_1_120' title='bbox 109 1656 204 1729; x_wconf 93' lang='lat' dir='ltr'>qui</span> <span class='ocrx_word' id='word_1_121' title='bbox 245 1663 324 1711; x_wconf 89' lang='lat' dir='ltr'>cst</span> <span class='ocrx_word' id='word_1_122' title='bbox 365 1659 519 1712; x_wconf 80' lang='lat' dir='ltr'>totius</span> <span class='ocrx_word' id='word_1_123' title='bbox 547 1657 777 1730; x_wconf 87' lang='lat' dir='ltr'>alicujus</span> <span class='ocrx_word' id='word_1_124' title='bbox 820 1657 1095 1714; x_wconf 88' lang='lat' dir='ltr'>societatis</span> <span class='ocrx_word' id='word_1_125' title='bbox 1126 1664 1289 1732; x_wconf 89' lang='lat' dir='ltr'>caput</span> <span class='ocrx_word' id='word_1_126' title='bbox 1323 1676 1422 1714; x_wconf 91' lang='lat' dir='ltr'>seu</span> <span class='ocrx_word' id='word_1_127' title='bbox 1462 1663 1668 1726; x_wconf 85' lang='lat' dir='ltr'>rector,</span> <span class='ocrx_word' id='word_1_128' title='bbox 1714 1660 1816 1713; x_wconf 88' lang='lat' dir='ltr'>hoc</span> <span class='ocrx_word' id='word_1_129' title='bbox 1853 1658 1971 1732; x_wconf 90' lang='lat' dir='ltr'>ipso</span> 
     </span>
     <span class='ocr_line' id='line_1_17' title="bbox 108 1742 1978 1829; baseline 0.002 -22"><span class='ocrx_word' id='word_1_130' title='bbox 108 1742 498 1811; x_wconf 84' lang='lat' dir='ltr'>auctoritatem</span> <span class='ocrx_word' id='word_1_131' title='bbox 532 1756 693 1811; x_wconf 86' lang='lat' dir='ltr'>habet</span> <span class='ocrx_word' id='word_1_132' title='bbox 734 1756 790 1811; x_wconf 92' lang='lat' dir='ltr'>in</span> <span class='ocrx_word' id='word_1_133' title='bbox 829 1759 1004 1812; x_wconf 81' lang='lat' dir='ltr'>omnia</span> <span class='ocrx_word' id='word_1_134' title='bbox 1041 1757 1269 1829; x_wconf 84' lang='lat' dir='ltr'>collegia</span> <span class='ocrx_word' id='word_1_135' title='bbox 1318 1774 1439 1828; x_wconf 79' lang='lat' dir='ltr'>quae.</span> <span class='ocrx_word' id='word_1_136' title='bbox 1479 1756 1535 1810; x_wconf 91' lang='lat' dir='ltr'>in</span> <span class='ocrx_word' id='word_1_137' title='bbox 1578 1756 1683 1811; x_wconf 88' lang='lat' dir='ltr'>ista</span> <span class='ocrx_word' id='word_1_138' title='bbox 1722 1756 1978 1811; x_wconf 84' lang='lat' dir='ltr'>societate</span> 
     </span>
     <span class='ocr_line' id='line_1_18' title="bbox 107 1842 1978 1926; baseline 0.001 -22"><span class='ocrx_word' id='word_1_139' title='bbox 107 1852 652 1924; x_wconf 88' lang='lat' dir='ltr'>comprehenduntur</span> <span class='ocrx_word' id='word_1_140' title='bbox 673 1852 701 1918; x_wconf 87' lang='lat'>;’</span> <span class='ocrx_word' id='word_1_141' title='bbox 731 1853 883 1926; x_wconf 84' lang='lat' dir='ltr'>atqui</span> <span class='ocrx_word' id='word_1_142' title='bbox 932 1854 1069 1926; x_wconf 88' lang='lat' dir='ltr'>Papa</span> <span class='ocrx_word' id='word_1_143' title='bbox 1125 1859 1205 1909; x_wconf 91' lang='lat' dir='ltr'>est</span> <span class='ocrx_word' id='word_1_144' title='bbox 1259 1859 1422 1926; x_wconf 86' lang='lat' dir='ltr'>caput</span> <span class='ocrx_word' id='word_1_145' title='bbox 1460 1871 1556 1908; x_wconf 91' lang='lat' dir='ltr'>seu</span> <span class='ocrx_word' id='word_1_146' title='bbox 1601 1859 1781 1908; x_wconf 85' lang='lat' dir='ltr'>rector</span> <span class='ocrx_word' id='word_1_147' title='bbox 1823 1842 1978 1907; x_wconf 70' lang='lat' dir='ltr'>totius</span> 
     </span>
     <span class='ocr_line' id='line_1_19' title="bbox 102 1945 1977 2023; baseline 0.001 -22"><span class='ocrx_word' id='word_1_148' title='bbox 102 1945 372 2013; x_wconf 80' lang='lat' dir='ltr'>Ecclesiae;</span> <span class='ocrx_word' id='word_1_149' title='bbox 405 1956 531 2019; x_wconf 84' lang='lat' dir='ltr'>ergo</span> <span class='ocrx_word' id='word_1_150' title='bbox 565 1948 948 2004; x_wconf 87' lang='lat' dir='ltr'>auctoritatem</span> <span class='ocrx_word' id='word_1_151' title='bbox 984 1950 1147 2004; x_wconf 88' lang='lat' dir='ltr'>habet</span> <span class='ocrx_word' id='word_1_152' title='bbox 1185 1948 1241 2003; x_wconf 89' lang='lat' dir='ltr'>in</span> <span class='ocrx_word' id='word_1_153' title='bbox 1282 1949 1468 2004; x_wconf 81' lang='lat' dir='ltr'>onmia</span> <span class='ocrx_word' id='word_1_154' title='bbox 1503 1948 1732 2023; x_wconf 81' lang='lat' dir='ltr'>collegia</span> <span class='ocrx_word' id='word_1_155' title='bbox 1766 1967 1885 2023; x_wconf 67' lang='lat' dir='ltr'>quae</span> <span class='ocrx_word' id='word_1_156' title='bbox 1921 1949 1977 2003; x_wconf 90' lang='lat' dir='ltr'>in</span> 
     </span>
     <span class='ocr_line' id='line_1_20' title="bbox 105 2042 1976 2120; baseline 0.002 -22"><span class='ocrx_word' id='word_1_157' title='bbox 105 2042 339 2099; x_wconf 84' lang='lat' dir='ltr'>Ecclesia</span> <span class='ocrx_word' id='word_1_158' title='bbox 381 2043 615 2100; x_wconf 88' lang='lat' dir='ltr'>existere</span> <span class='ocrx_word' id='word_1_159' title='bbox 663 2049 716 2101; x_wconf 91' lang='lat' dir='ltr'>et</span> <span class='ocrx_word' id='word_1_160' title='bbox 757 2045 986 2117; x_wconf 90' lang='lat' dir='ltr'>reperiri</span> <span class='ocrx_word' id='word_1_161' title='bbox 1033 2053 1283 2120; x_wconf 88' lang='lat' dir='ltr'>possunt.</span> <span class='ocrx_word' id='word_1_162' title='bbox 1334 2045 1388 2101; x_wconf 88' lang='lat' dir='ltr'>Si</span> <span class='ocrx_word' id='word_1_163' title='bbox 1444 2045 1592 2105; x_wconf 88' lang='lat' dir='ltr'>enim</span> <span class='ocrx_word' id='word_1_164' title='bbox 1639 2045 1698 2100; x_wconf 90' lang='lat' dir='ltr'>in</span> <span class='ocrx_word' id='word_1_165' title='bbox 1742 2046 1976 2101; x_wconf 83' lang='lat' dir='ltr'>Ecclesia</span> 
     </span>
     <span class='ocr_line' id='line_1_21' title="bbox 107 2138 1977 2214; baseline 0.002 -22"><span class='ocrx_word' id='word_1_166' title='bbox 107 2138 334 2194; x_wconf 82' lang='lat' dir='ltr'>existere</span> <span class='ocrx_word' id='word_1_167' title='bbox 374 2148 552 2212; x_wconf 88' lang='lat' dir='ltr'>posset</span> <span class='ocrx_word' id='word_1_168' title='bbox 619 2141 914 2212; x_wconf 82' lang='lat' dir='ltr'>collegium</span> <span class='ocrx_word' id='word_1_169' title='bbox 963 2142 1210 2214; x_wconf 86' lang='lat' dir='ltr'>aliquod,</span> <span class='ocrx_word' id='word_1_170' title='bbox 1267 2142 1676 2213; x_wconf 69' lang='lat' dir='ltr'>verbi&#39;gratia,</span> <span class='ocrx_word' id='word_1_171' title='bbox 1729 2141 1977 2196; x_wconf 90' lang='lat' dir='ltr'>collectio</span> 
     </span>
     <span class='ocr_line' id='line_1_22' title="bbox 108 2234 1977 2311; baseline 0.002 -22"><span class='ocrx_word' id='word_1_172' title='bbox 108 2234 288 2307; x_wconf 86' lang='lat' dir='ltr'>aliqua</span> <span class='ocrx_word' id='word_1_173' title='bbox 328 2235 741 2310; x_wconf 88' lang='lat' dir='ltr'>Episcoporum‚</span> <span class='ocrx_word' id='word_1_174' title='bbox 781 2239 939 2309; x_wconf 84' lang='lat' dir='ltr'>cujus</span> <span class='ocrx_word' id='word_1_175' title='bbox 982 2256 1093 2292; x_wconf 91' lang='lat' dir='ltr'>non</span> <span class='ocrx_word' id='word_1_176' title='bbox 1154 2244 1297 2294; x_wconf 87' lang='lat' dir='ltr'>esset</span> <span class='ocrx_word' id='word_1_177' title='bbox 1345 2243 1532 2311; x_wconf 84' lang='lat' dir='ltr'>caput,</span> <span class='ocrx_word' id='word_1_178' title='bbox 1583 2237 1784 2292; x_wconf 87' lang='lat' dir='ltr'>falsum</span> <span class='ocrx_word' id='word_1_179' title='bbox 1838 2238 1977 2293; x_wconf 86' lang='lat' dir='ltr'>soret</span> 
     </span>
     <span class='ocr_line' id='line_1_23' title="bbox 110 2333 1978 2408; baseline 0.002 -21"><span class='ocrx_word' id='word_1_180' title='bbox 110 2333 292 2407; x_wconf 87' lang='lat' dir='ltr'>ipsum</span> <span class='ocrx_word' id='word_1_181' title='bbox 322 2349 442 2388; x_wconf 89' lang='lat' dir='ltr'>esse</span> <span class='ocrx_word' id='word_1_182' title='bbox 472 2340 636 2407; x_wconf 90' lang='lat' dir='ltr'>caput</span> <span class='ocrx_word' id='word_1_183' title='bbox 683 2337 835 2390; x_wconf 79' lang='lat' dir='ltr'>totius</span> <span class='ocrx_word' id='word_1_184' title='bbox 867 2335 1153 2403; x_wconf 79' lang='lat' dir='ltr'>Ecclesiae3</span> <span class='ocrx_word' id='word_1_185' title='bbox 1199 2335 1246 2390; x_wconf 87' lang='lat' dir='ltr'>si</span> <span class='ocrx_word' id='word_1_186' title='bbox 1289 2335 1517 2408; x_wconf 88' lang='lat' dir='ltr'>quidem</span> <span class='ocrx_word' id='word_1_187' title='bbox 1561 2335 1821 2391; x_wconf 84' lang='lat' dir='ltr'>existeret</span> <span class='ocrx_word' id='word_1_188' title='bbox 1853 2353 1978 2408; x_wconf 87' lang='lat' dir='ltr'>pars</span> 
     </span>
     <span class='ocr_line' id='line_1_24' title="bbox 108 2430 1976 2508; baseline 0.004 -24"><span class='ocrx_word' id='word_1_189' title='bbox 108 2430 310 2503; x_wconf 84' lang='lat' dir='ltr'>aliqua,</span> <span class='ocrx_word' id='word_1_190' title='bbox 345 2430 400 2485; x_wconf 93' lang='lat' dir='ltr'>in</span> <span class='ocrx_word' id='word_1_191' title='bbox 449 2450 614 2503; x_wconf 90' lang='lat' dir='ltr'>quam</span> <span class='ocrx_word' id='word_1_192' title='bbox 661 2452 769 2490; x_wconf 91' lang='lat' dir='ltr'>non</span> <span class='ocrx_word' id='word_1_193' title='bbox 807 2435 1030 2492; x_wconf 84' lang='lat' dir='ltr'>haberet</span> <span class='ocrx_word' id='word_1_194' title='bbox 1068 2437 1478 2508; x_wconf 84' lang='lat' dir='ltr'>auctoritatem,</span> <span class='ocrx_word' id='word_1_195' title='bbox 1525 2444 1577 2494; x_wconf 92' lang='lat' dir='ltr'>et</span> <span class='ocrx_word' id='word_1_196' title='bbox 1611 2436 1701 2493; x_wconf 89' lang='lat' dir='ltr'>cui</span> <span class='ocrx_word' id='word_1_197' title='bbox 1733 2454 1762 2493; x_wconf 93' lang='lat' dir='ltr'>e</span> <span class='ocrx_word' id='word_1_198' title='bbox 1787 2444 1976 2492; x_wconf 85' lang='lat' dir='ltr'>contra</span> 
     </span>
     <span class='ocr_line' id='line_1_25' title="bbox 111 2528 517 2603; baseline 0.007 -21"><span class='ocrx_word' id='word_1_199' title='bbox 111 2528 224 2603; x_wconf 91' lang='lat' dir='ltr'>ipse</span> <span class='ocrx_word' id='word_1_200' title='bbox 245 2530 517 2587; x_wconf 85' lang='lat' dir='ltr'>subesset.</span> 
     </span>
    </p>

    <p class='ocr_par' dir='ltr' id='par_1_4' title="bbox 108 2627 1982 3686">
     <span class='ocr_line' id='line_1_26' title="bbox 182 2627 1980 2707; baseline 0.003 -26"><span class='ocrx_word' id='word_1_201' title='bbox 182 2627 237 2682; x_wconf 86' lang='lat'>4⁰</span> <span class='ocrx_word' id='word_1_202' title='bbox 273 2627 419 2682; x_wconf 89' lang='lat' dir='ltr'>ldem</span> <span class='ocrx_word' id='word_1_203' title='bbox 465 2629 746 2702; x_wconf 81' lang='lat' dir='ltr'>colligitur</span> <span class='ocrx_word' id='word_1_204' title='bbox 787 2649 850 2687; x_wconf 88' lang='lat' dir='ltr'>ex</span> <span class='ocrx_word' id='word_1_205' title='bbox 887 2650 948 2687; x_wconf 93' lang='lat' dir='ltr'>eo</span> <span class='ocrx_word' id='word_1_206' title='bbox 980 2633 1123 2705; x_wconf 90' lang='lat' dir='ltr'>quod</span> <span class='ocrx_word' id='word_1_207' title='bbox 1165 2633 1387 2689; x_wconf 85' lang='lat' dir='ltr'>Palrum</span> <span class='ocrx_word' id='word_1_208' title='bbox 1443 2633 1668 2690; x_wconf 87' lang='lat' dir='ltr'>traditio</span> <span class='ocrx_word' id='word_1_209' title='bbox 1712 2633 1980 2707; x_wconf 89' lang='lat' dir='ltr'>multipli-</span> 
     </span>
     <span class='ocr_line' id='line_1_27' title="bbox 108 2722 1981 2801; baseline 0.004 -25"><span class='ocrx_word' id='word_1_210' title='bbox 108 2722 243 2778; x_wconf 88' lang='lat' dir='ltr'>citer</span> <span class='ocrx_word' id='word_1_211' title='bbox 276 2724 605 2796; x_wconf 85' lang='lat' dir='ltr'>expresserit</span> <span class='ocrx_word' id='word_1_212' title='bbox 644 2725 839 2800; x_wconf 86' lang='lat' dir='ltr'>Papam</span> <span class='ocrx_word' id='word_1_213' title='bbox 881 2746 997 2783; x_wconf 88' lang='lat' dir='ltr'>esse</span> <span class='ocrx_word' id='word_1_214' title='bbox 1031 2737 1182 2801; x_wconf 79' lang='lat' dir='ltr'>caput</span> <span class='ocrx_word' id='word_1_215' title='bbox 1228 2730 1398 2784; x_wconf 86' lang='lat' dir='ltr'>etiam</span> <span class='ocrx_word' id='word_1_216' title='bbox 1438 2729 1829 2798; x_wconf 86' lang='lat' dir='ltr'>conciliorum,</span> <span class='ocrx_word' id='word_1_217' title='bbox 1884 2747 1981 2784; x_wconf 88' lang='lat' dir='ltr'>seu</span> 
     </span>
     <span class='ocr_line' id='line_1_28' title="bbox 111 2817 1982 2901; baseline 0.005 -30"><span class='ocrx_word' id='word_1_218' title='bbox 111 2817 496 2892; x_wconf 87' lang='lat' dir='ltr'>Episcoporum</span> <span class='ocrx_word' id='word_1_219' title='bbox 552 2822 830 2880; x_wconf 82' lang='lat' dir='ltr'>collective</span> <span class='ocrx_word' id='word_1_220' title='bbox 880 2834 1252 2900; x_wconf 86' lang='lat' dir='ltr'>sumptorum.</span> <span class='ocrx_word' id='word_1_221' title='bbox 1303 2827 1463 2883; x_wconf 86' lang='lat' dir='ltr'>Verbi</span> <span class='ocrx_word' id='word_1_222' title='bbox 1514 2828 1708 2901; x_wconf 83' lang='lat' dir='ltr'>gratia,</span> <span class='ocrx_word' id='word_1_223' title='bbox 1763 2827 1982 2899; x_wconf 88' lang='lat' dir='ltr'>quando</span> 
     </span>
     <span class='ocr_line' id='line_1_29' title="bbox 113 2913 1981 3002; baseline 0.006 -36"><span class='ocrx_word' id='word_1_224' title='bbox 113 2913 570 2973; x_wconf 73' lang='lat' dir='ltr'>chalcedonenses</span> <span class='ocrx_word' id='word_1_225' title='bbox 601 2919 783 3002; x_wconf 70' lang='lat' dir='ltr'>Patres</span> <span class='ocrx_word' id='word_1_226' title='bbox 810 2922 998 2979; x_wconf 88' lang='lat' dir='ltr'>dicunt</span> <span class='ocrx_word' id='word_1_227' title='bbox 1033 2931 1220 2980; x_wconf 86' lang='lat' dir='ltr'>sancto</span> <span class='ocrx_word' id='word_1_228' title='bbox 1249 2925 1447 2979; x_wconf 90' lang='lat' dir='ltr'>Leoni:</span> <span class='ocrx_word' id='word_1_229' title='bbox 1480 2925 1552 2980; x_wconf 82' lang='lat' dir='ltr'>Tu</span> <span class='ocrx_word' id='word_1_230' title='bbox 1587 2925 1813 2996; x_wconf 80' lang='lat' dir='ltr'>quidem,</span> <span class='ocrx_word' id='word_1_231' title='bbox 1849 2925 1981 2977; x_wconf 81' lang='lat' dir='ltr'>sicut</span> 
     </span>
     <span class='ocr_line' id='line_1_30' title="bbox 114 3010 1981 3094; baseline 0.007 -33"><span class='ocrx_word' id='word_1_232' title='bbox 114 3010 347 3063; x_wconf 65' lang='lat' dir='ltr'>:uertebris</span> <span class='ocrx_word' id='word_1_233' title='bbox 374 3020 525 3083; x_wconf 78' lang='lat' dir='ltr'>caput</span> <span class='ocrx_word' id='word_1_234' title='bbox 554 3032 775 3085; x_wconf 79' lang='lat' dir='ltr'>praeeras</span> <span class='ocrx_word' id='word_1_235' title='bbox 805 3019 858 3071; x_wconf 79' lang='lat' dir='ltr'>in</span> <span class='ocrx_word' id='word_1_236' title='bbox 894 3019 968 3073; x_wconf 75' lang='lat' dir='ltr'>his</span> <span class='ocrx_word' id='word_1_237' title='bbox 1002 3023 1087 3091; x_wconf 82' lang='lat' dir='ltr'>qui</span> <span class='ocrx_word' id='word_1_238' title='bbox 1126 3028 1242 3075; x_wconf 82' lang='lat' dir='ltr'>tuas</span> <span class='ocrx_word' id='word_1_239' title='bbox 1281 3024 1414 3076; x_wconf 71' lang='lat' dir='ltr'>vices</span> <span class='ocrx_word' id='word_1_240' title='bbox 1454 3021 1718 3092; x_wconf 62' lang='lat' dir='ltr'>gerebant,</span> <span class='ocrx_word' id='word_1_241' title='bbox 1742 3019 1981 3094; x_wconf 77' lang='lat' dir='ltr'>apertis·</span> 
     </span>
     <span class='ocr_line' id='line_1_31' title="bbox 112 3106 1979 3187; baseline 0.007 -27"><span class='ocrx_word' id='word_1_242' title='bbox 112 3106 250 3162; x_wconf 91' lang='lat' dir='ltr'>sime</span> <span class='ocrx_word' id='word_1_243' title='bbox 273 3107 672 3179; x_wconf 84' lang='lat' dir='ltr'>loquuntur&#39;de</span> <span class='ocrx_word' id='word_1_244' title='bbox 692 3115 919 3170; x_wconf 85' lang='lat' dir='ltr'>concilio</span> <span class='ocrx_word' id='word_1_245' title='bbox 947 3134 1064 3187; x_wconf 63' lang='grc' dir='ltr'>δυο,</span> <span class='ocrx_word' id='word_1_246' title='bbox 1112 3135 1206 3174; x_wconf 90' lang='lat' dir='ltr'>seu</span> <span class='ocrx_word' id='word_1_247' title='bbox 1246 3119 1312 3174; x_wconf 88' lang='lat' dir='ltr'>de</span> <span class='ocrx_word' id='word_1_248' title='bbox 1340 3119 1592 3175; x_wconf 83' lang='lat' dir='ltr'>Patribus</span> <span class='ocrx_word' id='word_1_249' title='bbox 1618 3118 1835 3175; x_wconf 91' lang='lat' dir='ltr'>concilii</span> <span class='ocrx_word' id='word_1_250' title='bbox 1869 3119 1979 3174; x_wconf 89' lang='lat' dir='ltr'>col-</span> 
     </span>
     <span class='ocr_line' id='line_1_32' title="bbox 113 3201 1976 3284; baseline 0.01 -29"><span class='ocrx_word' id='word_1_251' title='bbox 113 3201 306 3258; x_wconf 73' lang='lat' dir='ltr'>lective</span> <span class='ocrx_word' id='word_1_252' title='bbox 332 3205 595 3278; x_wconf 75' lang='lat' dir='ltr'>sumptis,</span> <span class='ocrx_word' id='word_1_253' title='bbox 635 3207 767 3263; x_wconf 86' lang='lat' dir='ltr'>Nam</span> <span class='ocrx_word' id='word_1_254' title='bbox 801 3210 981 3284; x_wconf 83' lang='lat' dir='ltr'>Legati</span> <span class='ocrx_word' id='word_1_255' title='bbox 1023 3213 1288 3271; x_wconf 86' lang='lat' dir='ltr'>Pontificii</span> <span class='ocrx_word' id='word_1_256' title='bbox 1329 3234 1439 3271; x_wconf 91' lang='lat' dir='ltr'>non</span> <span class='ocrx_word' id='word_1_257' title='bbox 1465 3222 1728 3272; x_wconf 70' lang='lat' dir='ltr'>venerant</span> <span class='ocrx_word' id='word_1_258' title='bbox 1757 3217 1822 3273; x_wconf 90' lang='lat' dir='ltr'>ad</span> <span class='ocrx_word' id='word_1_259' title='bbox 1847 3235 1976 3273; x_wconf 88' lang='lat' dir='ltr'>con·</span> 
     </span>
     <span class='ocr_line' id='line_1_33' title="bbox 112 3298 1976 3388; baseline 0.011 -37"><span class='ocrx_word' id='word_1_260' title='bbox 112 3298 303 3353; x_wconf 87' lang='lat' dir='ltr'>cilium</span> <span class='ocrx_word' id='word_1_261' title='bbox 327 3306 386 3355; x_wconf 92' lang='lat' dir='ltr'>ut</span> <span class='ocrx_word' id='word_1_262' title='bbox 411 3303 541 3356; x_wconf 78' lang='lat' dir='ltr'>vices</span> <span class='ocrx_word' id='word_1_263' title='bbox 568 3303 718 3377; x_wconf 77' lang='lat' dir='ltr'>Papae</span> <span class='ocrx_word' id='word_1_264' title='bbox 736 3317 969 3376; x_wconf 71' lang='lat' dir='ltr'>yererent</span> <span class='ocrx_word' id='word_1_265' title='bbox 993 3311 1170 3380; x_wconf 86' lang='lat' dir='ltr'>quoad</span> <span class='ocrx_word' id='word_1_266' title='bbox 1197 3312 1447 3385; x_wconf 81' lang='lat' dir='ltr'>singulos</span> <span class='ocrx_word' id='word_1_267' title='bbox 1470 3314 1764 3388; x_wconf 89' lang='lat' dir='ltr'>Episcopos</span> <span class='ocrx_word' id='word_1_268' title='bbox 1793 3315 1976 3372; x_wconf 85' lang='lat' dir='ltr'>distri·</span> 
     </span>
     <span class='ocr_line' id='line_1_34' title="bbox 112 3395 1968 3486; baseline 0.011 -37"><span class='ocrx_word' id='word_1_269' title='bbox 112 3395 296 3452; x_wconf 71' lang='lat' dir='ltr'>butive</span> <span class='ocrx_word' id='word_1_270' title='bbox 323 3406 597 3474; x_wconf 79' lang='lat' dir='ltr'>sumptoS,</span> <span class='ocrx_word' id='word_1_271' title='bbox 629 3402 768 3459; x_wconf 86' lang='lat' dir='ltr'>bene</span> <span class='ocrx_word' id='word_1_272' title='bbox 795 3423 921 3461; x_wconf 77' lang='lat' dir='ltr'>,vero</span> <span class='ocrx_word' id='word_1_273' title='bbox 955 3413 1016 3462; x_wconf 87' lang='lat' dir='ltr'>ut</span> <span class='ocrx_word' id='word_1_274' title='bbox 1037 3410 1259 3466; x_wconf 89' lang='lat' dir='ltr'>nomine</span> <span class='ocrx_word' id='word_1_275' title='bbox 1293 3410 1448 3485; x_wconf 81' lang='lat' dir='ltr'>Papae</span> <span class='ocrx_word' id='word_1_276' title='bbox 1475 3413 1724 3485; x_wconf 90' lang='lat' dir='ltr'>concili0,</span> <span class='ocrx_word' id='word_1_277' title='bbox 1760 3419 1820 3469; x_wconf 88' lang='lat' dir='ltr'>ut</span> <span class='ocrx_word' id='word_1_278' title='bbox 1851 3415 1968 3486; x_wconf 84' lang='lat' dir='ltr'>tali,</span> 
     </span>
     <span class='ocr_line' id='line_1_35' title="bbox 113 3496 1972 3586; baseline 0.011 -37"><span class='ocrx_word' id='word_1_279' title='bbox 113 3496 487 3568; x_wconf 68' lang='lat' dir='ltr'>praesiderent.</span> <span class='ocrx_word' id='word_1_280' title='bbox 533 3500 590 3555; x_wconf 87' lang='lat' dir='ltr'>Et</span> <span class='ocrx_word' id='word_1_281' title='bbox 635 3501 898 3559; x_wconf 84' lang='lat' dir='ltr'>stolidum</span> <span class='ocrx_word' id='word_1_282' title='bbox 948 3505 1087 3562; x_wconf 83' lang='lat' dir='ltr'>soret</span> <span class='ocrx_word' id='word_1_283' title='bbox 1134 3507 1313 3564; x_wconf 90' lang='lat' dir='ltr'>dicere</span> <span class='ocrx_word' id='word_1_284' title='bbox 1355 3509 1585 3568; x_wconf 83' lang='lat' dir='ltr'>Leonem</span> <span class='ocrx_word' id='word_1_285' title='bbox 1636 3512 1692 3567; x_wconf 90' lang='lat' dir='ltr'>in</span> <span class='ocrx_word' id='word_1_286' title='bbox 1741 3530 1972 3586; x_wconf 86' lang='lat' dir='ltr'>persona</span> 
     </span>
     <span class='ocr_line' id='line_1_36' title="bbox 113 3597 1969 3686; baseline 0.011 -40"><span class='ocrx_word' id='word_1_287' title='bbox 113 3610 339 3650; x_wconf 87' lang='lat' dir='ltr'>suorum</span> <span class='ocrx_word' id='word_1_288' title='bbox 394 3597 715 3668; x_wconf 81' lang='lat' dir='ltr'>Legatorum</span> <span class='ocrx_word' id='word_1_289' title='bbox 758 3604 1032 3675; x_wconf 54' lang='lat' dir='ltr'>praefuisse</span> <span class='ocrx_word' id='word_1_290' title='bbox 1078 3606 1378 3681; x_wconf 89' lang='lat' dir='ltr'>unicuique</span> <span class='ocrx_word' id='word_1_291' title='bbox 1423 3609 1687 3686; x_wconf 87' lang='lat' dir='ltr'>Episcopo</span> <span class='ocrx_word' id='word_1_292' title='bbox 1740 3612 1969 3668; x_wconf 86' lang='lat' dir='ltr'>seorsim</span> 
     </span>
    </p>
   </div>
  </div>
 </body>
</html>
