2262 3990
844 166 970 214 PARS
999 165 1203 215 TERTIA.
1869 161 1959 212 509

86 279 310 340 servavit
332 278 570 333 arbitrio.
593 274 767 348 Igitur
794 279 927 331 tunc
957 271 1241 348 temporis,
1264 271 1333 330 ab
1357 270 1625 342 Ennodio,
1644 287 1677 329 a
1701 268 1959 327 Patribus

86 375 279 453 synodi
305 374 401 448 qui
437 371 749 448 apologiam
788 371 951 429 istam
993 369 1391 445 approbarunt,
1425 366 1867 443 generaliterque
1887 366 1956 423 ab

83 474 366 543 omnibuS‚
386 479 651 545 tanquam
669 469 1006 546 principium
1035 468 1430 525 inconcussum
1454 474 1508 525 et
1531 470 1643 524 sine
1671 466 1960 540 quaestione

85 572 412 640 habebatur,
453 568 682 625 Romani
732 566 983 642 Episcopi
1033 584 1231 623 causas
1265 584 1375 622 non
1402 582 1565 641 posse
1598 582 1692 639 per
1729 564 1958 620 homines

86 669 373 734 terminari,
399 665 495 722 sed
526 647 626 722 soli
647 665 748 721 Deo
780 662 1070 720 reservari.
1101 662 1348 719 Profecto
1369 662 1465 735 qui
1498 661 1694 734 nequit
1710 658 1956 734 judicari

79 783 176 836 per
197 766 446 832 hominm,
480 779 582 820 nec
598 761 837 836 judicari
864 764 1042 834 potest
1059 776 1156 833 per
1188 759 1491 816 concilium
1519 758 1950 817 oecumenicum.

81 858 313 916 Proinde
354 858 647 914 concilium
697 855 1102 911 oecumenicum
1138 872 1248 909 non
1301 860 1380 910 est
1417 873 1587 929 supra
1620 855 1846 929 Papam.
1884 853 1957 914 ,Et

80 975 206 1013 cum
234 954 374 1012 ratio
413 973 514 1010 cur
536 951 773 1025 judicari
813 951 955 1024 Papa
995 955 1226 1022 nequeat
1270 968 1370 1022 per
1395 951 1623 1006 homines
1651 952 1765 1008 haec
1792 951 1959 1007 addu-

78 1061 254 1122 catur,
283 1053 597 1107 Romanum
627 1048 922 1123 praesulem
949 1050 1206 1103 minorum
1239 1051 1504 1104 sententiare
1528 1067 1633 1104 non
1664 1051 1952 1121 subjacere,

79 1146 330 1218 sequitur
361 1150 495 1199 tunc
530 1142 794 1218 temporis
826 1145 1079 1198 minorem
1126 1160 1225 1199 seu
1266 1143 1587 1199 inferiorem
1634 1145 1860 1201 relative
1886 1145 1956 1200 ad

74 1243 274 1317 Papam
309 1242 685 1298 existimatam
733 1242 908 1298 fuisse
935 1242 1110 1315 ipsam
1150 1241 1317 1298 ctiam
1354 1242 1757 1298 oecumenicam
1800 1260 1959 1317 syno-

75 1339 230 1411 dum,
257 1347 533 1412 quatenus
563 1358 593 1394 a
622 1340 763 1413 Papa
790 1339 1119 1412 sejunctam.

142 1437 197 1491 5⁰
220 1437 451 1493 Sanctus
492 1437 752 1492 Nicolaus
779 1437 818 1505 Ι,
852 1437 908 1491 in
936 1437 1166 1510 epistola
1193 1457 1297 1505 vm,
1335 1437 1403 1493 ad
1429 1437 1750 1494 Michaelem
1778 1437 1954 1511 impe-

76 1539 311 1588 ratorem
341 1533 585 1589 scribens
612 1553 624 1585 ε
657 1532 784 1588 Cum
813 1534 1094 1589 secundum
1119 1553 1363 1606 canoneS,
1402 1536 1486 1589 ubi
1518 1543 1593 1590 est
1639 1538 1807 1608 major
1830 1553 1952 1590 cmc-

78 1631 279 1699 toritas,
319 1630 569 1700 judicium
605 1630 915 1700 inferiorum
950 1633 1020 1684 sit
1052 1631 1490 1699 deserendum...,
1526 1638 1675 1702 patet
1713 1633 1952 1704 profecto

76 1724 225 1779 Sedis
245 1726 559 1803 apostolicae,
588 1727 734 1799 cnjus
758 1729 1068 1782 auctoritate
1097 1729 1265 1799 nzajor
1291 1737 1509 1797 nonest,
1530 1729 1788 1800 judicium
1810 1746 1840 1782 α
1861 1746 1952 1783 ηε-

76 1822 210 1875 mine
241 1823 357 1892 fore
386 1823 792 1891 retractandum,
825 1840 915 1878 nec
941 1826 1175 1895 cuiquam
1200 1825 1263 1879 cle
1285 1826 1392 1896 ejus
1421 1825 1537 1879 licet
1553 1824 1953 1897 judicarejucli-

77 1918 150 1971 cio
182 1916 398 1986 (Labbe,
434 1924 473 1972 t.
509 1919 636 1987 VIII,
665 1920 768 1974 col.
800 1918 930 1988 510,
969 1919 1102 1975 edit.
1141 1920 1330 1992 1671).
1362 1920 1442 1975 Ibi
1479 1921 1733 1976 absolute
1755 1926 1807 1977 et
1834 1921 1955 1978 sine

75 2014 416 2070 restrictione
447 2021 499 2069 et
527 2022 802 2088 tanquam
847 2016 978 2088 quid
1023 2024 1234 2073 certum
1283 2035 1345 2073 ac
1389 2017 1531 2073 nulli
1567 2019 1954 2074 controversiae

76 2109 370 2166 obnoxium
406 2114 824 2185 pronuntiatur,
866 2114 1113 2170 Romanae
1152 2116 1301 2172 Sedis
1344 2119 1661 2171 auctoritate
1701 2119 1954 2189 majorem

81 2223 180 2259 non
207 2209 461 2270 existere;
493 2210 642 2280 quod
676 2210 877 2264 falsum
908 2212 1070 2280 foret,
1116 2211 1163 2266 si
1203 2212 1504 2267 concilium
1539 2213 1952 2268 oecumenicum

82 2301 138 2355 in
164 2301 476 2358 Romanum
493 2304 805 2361 Pontificem
825 2307 1269 2378 jurisdictionem
1296 2309 1542 2363 liaberet.
1559 2308 1665 2364 Nec
1689 2308 1764 2363 ita
1783 2309 1953 2364 fiden-

80 2406 162 2454 ter
190 2399 406 2456 locutus
435 2408 574 2456 esset
615 2411 834 2459 sanctus
859 2403 1134 2474 NicolauS,
1165 2406 1210 2460 si
1256 2405 1340 2461 vel
1376 2424 1680 2479 paucorum
1708 2406 1948 2462 catholi-

79 2513 267 2550 corum
314 2497 499 2568 opinio
537 2498 751 2564 fuisset,
793 2500 1089 2555 concilium
1127 2520 1248 2558 esse
1275 2520 1440 2576 supra
1465 2503 1686 2577 Papam,
1723 2502 1850 2558 etei
1885 2503 1952 2558 li-

77 2609 200 2647 cere
228 2592 296 2647 de
319 2593 549 2648 Romani
574 2595 850 2652 Pontificis
874 2598 1084 2670 judicio
1115 2599 1383 2672 judicare.
1423 2600 1525 2656 Sed
1559 2600 1806 2656 nondum
1833 2605 1950 2656 orta

77 2690 489 2761 tunctemporis
523 2709 754 2748 erronea
790 2695 902 2751 haec
931 2696 1138 2770 opinio.

155 2784 210 2837 4⁰
230 2784 288 2839 In
318 2785 885 2864 Quintilineburgensi
913 2795 1163 2861 coneilio,
1192 2815 1319 2852 cum
1347 2815 1514 2853 ausus
1537 2803 1678 2853 esset
1721 2797 1948 2870 quidam

80 2875 315 2932 clei-leus
345 2898 608 2952 asserere,
636 2885 907 2943 Romanos
937 2889 1245 2961 PontificeS,
1273 2910 1383 2948 non
1419 2892 1603 2947 divino
1622 2892 1749 2963 jure
1783 2893 1951 2946 haere—

84 2970 306 3041 ditasse,
359 2976 452 3030 sed
489 2978 592 3033 sibi
639 2998 935 3056 usurpasse
973 2989 1390 3060 praerogativam
1440 2990 1602 3055 hanc,
1647 2997 1701 3042 ut
1741 2987 1954 3042 scilicet

87 3066 254 3120 nullus
281 3068 343 3122 (le
365 3086 550 3124 eorum
570 3075 764 3142 judicio
783 3079 1019 3148 judicare
1046 3083 1245 3151 debeat,
1283 3101 1373 3139 nec
1408 3085 1485 3138 illi
1507 3084 1724 3154 alicujus
1754 3083 1953 3155 judicio

87 3163 411 3233 subjaceant,
446 3169 760 3226 unanimem
794 3174 963 3230 totius
1006 3178 1197 3250 synodi
1235 3181 1517 3254 repulsam
1547 3186 1807 3253 expertus
1847 3187 1952 3237 est.

86 3258 234 3321 Quod
265 3260 342 3315 sic
372 3271 558 3320 narrat
580 3268 923 3339 synchronus
950 3274 1221 3329 annalista
1239 3275 1551 3346 Bertoldus,
1570 3276 1626 3330 in
1657 3276 1955 3351 appendice

88 3353 154 3408 ad
181 3355 563 3413 lIermannum
594 3361 966 3434 Contractum,
993 3367 1060 3422 ad
1094 3383 1302 3424 annum
1340 3369 1574 3426 10851«
1603 3371 1738 3427 Cum
1761 3389 1955 3430 omnes

83 3450 238 3523 juxta
277 3454 525 3511 ordinem
571 3475 734 3515 suum
784 3463 1179 3531 consedissent,
1213 3468 1423 3542 prolata
1451 3476 1580 3526 sunt
1622 3470 1679 3525 in
1705 3470 1950 3527 medium

89 3545 301 3605 decreta
326 3562 639 3610 sanctorum
660 3557 879 3615 Patium
901 3560 969 3616 de
993 3562 1233 3636 primatu
1257 3564 1407 3622 Sedis
1426 3567 1780 3641 apostolicae..
1793 3568 1951 3634 ‚Qui-

1716 3685 1747 3712 D
