2262 3990
261 110 350 159 592
658 59 666 65 *
941 96 1237 145 TRAGTATUS
1267 96 1334 144 DE
1364 96 1510 144 PAPA.

263 211 498 294 putandi
539 212 736 266 contra
774 203 943 262 fidem
992 202 1268 261 divinitus
1293 201 1655 279 inspiratam,
1694 219 1837 261 vana
1867 204 2172 267 errantium
2246 245 2251 269 ι

265 310 566 370 infidelitas
621 302 1007 379 conquiescat.
1063 302 1174 360 Nec
1222 300 1389 360 liceat
1431 298 1659 375 defendi
1698 301 1850 376 quod
1889 319 2004 360 non
2049 301 2176 366 licet

264 409 455 476 credi3
495 426 701 465 cum...
736 405 1050 481 plenissime
1095 411 1146 461 et
1182 404 1504 462 lucidissime
1533 421 1632 478 per
1670 403 1900 474 litteras,
1949 421 2078 478 quas
2113 407 2177 466 ad

262 511 429 567 beatae
454 509 724 565 memoriae
755 505 1073 564 Flavianum
1103 504 1419 581 Episcopum
1455 505 1714 575 misimus,
1749 505 1915 578 suerit
1947 505 2179 566 declara-

264 618 372 667 tum
407 627 529 685 quae
555 608 629 667 sit
679 607 746 665 de
781 611 1133 664 sacramento
1165 603 1580 663 Incarnationis
1605 603 1825 662 Domini
1855 604 2032 664 nostri
2055 606 2180 667 Jesu

264 709 471 768 Christi
503 709 595 787 pia
630 716 682 768 et
707 710 919 766 since-ra
962 707 1249 780 confessio.
1280 730 1307 762 »

342 810 468 867 Jam
494 815 656 866 antea
704 807 764 865 in
794 806 929 866 suis
964 791 1174 864 litteris
1217 805 1284 863 ad
1328 804 1670 883 Ephesinam
1712 803 1868 862 illam
1912 802 2180 881 synodum

267 928 390 986 quae
413 909 471 966 in
514 907 880 967 latrocinium
902 926 1071 966 versa
1099 914 1205 980 est,
1236 906 1652 984 perscripserat
1678 904 1732 964 S.
1765 906 1893 977 Le0‚
1928 903 2064 980 quid
2088 905 2177 964 Pa·
2259 869 2262 984 i

269 1017 385 1068 tres
419 1028 686 1086 peragere
712 1008 986 1068 deberent
1017 1008 1161 1066 :Hoc
1189 1018 1291 1081 est,
1337 1007 1547 1083 inquit,
1577 1015 1634 1064 ut
1653 1008 1906 1082 primitus
1934 1009 2182 1084 pestifero
2259 986 2262 1056 1⁴

271 1127 454 1166 errore
475 1109 750 1179 damnato,
778 1109 939 1165 etiam
970 1108 1033 1164 (le
1063 1108 1228 1181 ipsius
1258 1109 1345 1181 qui
1373 1106 1736 1182 imprudenter
1763 1107 1964 1164 erravit
1989 1106 2188 1163 restitu·
2261 1089 2262 1108 ¹

273 1213 414 1269 tione
445 1218 701 1269 tractetur
731 1209 918 1286 (epist.
950 1228 1124 1279 xxxm,
1155 1207 1294 1264 alias
1315 1208 1480 1282 xxix).

351 1311 422 1368 Ex
453 1310 540 1368 bis
568 1310 816 1368 textibus
855 1308 1032 1384 liquet
1072 1327 1246 1384 quam
1276 1307 1674 1366 incunctanter
1705 1312 1938 1366 sanctus
1974 1305 2076 1365 Leo
2100 1307 2186 1365 de-

274 1412 588 1469 finitionem
617 1430 647 1468 a
682 1430 741 1470 se
776 1411 1053 1488 prolatam
1083 1409 1348 1468 habuerit
1387 1416 1659 1487 tanquam
1710 1408 2092 1483 infallibilem,
2122 1408 2190 1466 ir·

278 1512 693 1571 retractabilem
715 1518 768 1570 ct
783 1511 967 1587 quoad
987 1530 1183 1570 omncs
1205 1511 1624 1586 obligatoriam.
1640 1511 1903 1569 Prohibet
1920 1508 2188 1585 siquidem

278 1615 423 1672 hanc
441 1615 702 1671 sinceram
724 1615 1109 1687 confessionem
1127 1611 1186 1669 in
1215 1611 1457 1670 concilio
1486 1613 1635 1687 quasi
1659 1612 1872 1668 clabiam
1890 1609 2188 1668 retractari.

276 1714 394 1772 Non
420 1714 542 1772 vult
573 1715 725 1789 quasi
754 1714 818 1770 cle
849 1716 1047 1770 incerto
1083 1710 1298 1787 inquiri
1340 1718 1642 1789 postquam
1678 1710 1796 1787 ipse
1839 1709 1977 1786 quid
2012 1716 2192 1768 tenen-

280 1816 414 1872 dum
442 1815 515 1872 sit
534 1814 941 1891 pronuntiavit.
963 1812 1564 1890 Significatapatribus
1591 1819 1718 1871 ante
1735 1811 1926 1894 omnia
1947 1814 2194 1869 damnan-

282 1917 402 1972 dum
444 1934 557 1972 esse
584 1916 916 1991 pestiferum
952 1915 1276 1991 Eutychetis
1308 1934 1579 1985 errorem,
1624 1920 1815 1993 postea
1840 1891 2229 1973 tractandum·

286 2014 353 2073 de
380 2016 501 2092 ejus
530 2013 911 2085 restitutione,
948 2013 994 2070 si
1043 2014 1188 2071 sorte
1237 2032 1383 2085 eam,
1429 2014 1691 2090 abjurata
1726 2012 1950 2088 haeresi,
1987 2029 2199 2072 merea·

282 2122 394 2172 tur.

360 2213 416 2271 5⁰
446 2213 560 2270 Sub
594 2213 762 2270 finem
787 2211 1023 2270 actionis
1051 2211 1334 2287 secundae,
1362 2218 1484 2290 post
1514 2212 1810 2272 recitatam
1835 2212 1888 2270 S.
1923 2211 2118 2271 Leonis
2135 2210 2197 2270 ad

282 2315 337 2371 S.
365 2313 696 2373 Flavianum
736 2313 1058 2390 epistolam,
1099 2312 1328 2371 concilii
1372 2314 1567 2372 Patres
1609 2313 1995 2371 clamaverunt
2027 2333 2038 2366 :
2067 2312 2199 2370 Ana-

288 2414 460 2471 thema
486 2415 534 2470 ei
570 2415 655 2488 qui
680 2431 785 2471 non
814 2414 888 2470 ita
917 2414 1105 2470 credit.
1150 2413 1342 2471 Petrus
1372 2431 1472 2488 per
1515 2413 1743 2471 Leonem
1780 2415 1856 2470 ita
1883 2413 2082 2470 locutus
2105 2416 2195 2468 est.

289 2514 514 2588 (Labbe,
543 2520 585 2572 t.
621 2515 705 2585 lv,
745 2513 853 2572 col.
902 2514 1037 2586 568,
1084 2513 1218 2571 edit.
1258 2513 1454 2588 1671).
1494 2512 1557 2571 Et
1598 2520 1762 2571 antea
1792 2511 2200 2590 postulantibus

282 2612 569 2689 judicibus
615 2620 680 2671 ut
721 2614 984 2672 ederetur
1010 2613 1140 2672 fidei
1167 2615 1451 2689 expositio,
1504 2615 1872 2690 responderat
1895 2632 2044 2672 unus
2067 2631 2095 2672 e
2114 2612 2202 2670 Pa·

288 2712 473 2770 tribus
506 2733 517 2767 ι
554 2713 722 2788 Super
765 2714 830 2769 iis
877 2714 1056 2786 forma
1094 2712 1221 2768 elata
1255 2718 1332 2768 est
1367 2730 1399 2768 a
1433 2713 1764 2768 sanctissimo
1806 2711 2202 2788 Archiepiscopo

282 2812 546 2872 Romanae
571 2814 716 2870 urbis
726 2833 744 2878 ‚·
780 2820 831 2869 et
854 2814 1122 2886 sequimur
1153 2831 1296 2883 eum,
1326 2821 1378 2870 et
1402 2812 1640 2889 epistolae
1664 2811 1880 2887 (Leonis
1909 2813 1978 2869 ad
2007 2812 2040 2868 F
2044 2809 2202 2869 lavia·

290 2914 452 2988 num)
488 2932 669 2972 omnes
713 2914 1131 2989 subscripsimus.
1164 2911 1382 2977 Quibus
1427 2913 1614 2971 verbis
1649 2905 1997 2971 adh'aerentcs
2026 2913 2202 2969 Patres

288 3031 482 3074 omnes
516 3014 819 3073 dixerunt:
846 3013 955 3072 Ista
994 3032 1171 3071 omnes
1213 3015 1509 3072 dicimus...
1548 3014 1790 3074 Alteram
1829 3015 2202 3090 expositionem

289 3133 398 3172 non
423 3115 539 3173 licet
558 3117 677 3189 fieri
708 3114 931 3191 (Labbe,
961 3119 1005 3172 t.
1033 3114 1227 3189 citato,
1263 3114 1370 3172 col.
1413 3115 1568 3191 557).

368 3214 642 3290 Equidem
692 3214 876 3274 adhuc
917 3215 1273 3273 dubitantibus
1306 3215 1630 3291 Illyricianis
1657 3223 1707 3273 et
1735 3214 2049 3288 Palestinis‚
2080 3230 2203 3271 con·

294 3333 520 3375 cessum
554 3319 636 3373 est
661 3320 725 3374 ut
752 3333 884 3374 cum
917 3314 998 3373 eis
1035 3313 1482 3392 disceptaretur3
1526 3314 1624 3373 sed
1666 3335 1697 3372 a
1738 3316 2002 3374 nonnullis
2046 3294 2226 3380 dum}

294 3420 444 3476 taxat
473 3416 737 3481 Patribus
763 3416 834 3476 ad
864 3417 972 3475 hoc
1000 3413 1306 3492 deputatis,
1339 3420 1394 3473 et
1422 3415 1492 3472 ad
1521 3416 1814 3474 docendum
1840 3434 1928 3474 eos
1957 3415 2043 3490 qui
2066 3410 2208 3470 dubi-

299 3521 413 3570 tant
452 3514 676 3587 (Labbe,
702 3515 898 3575 eodem
923 3520 1078 3574 tomo
1099 3513 1184 3588 1v‚
1213 3512 1323 3573 col.
1362 3513 1519 3589 569).
1546 3513 1645 3573 Hic
1677 3514 1904 3572 Patrum
1941 3505 2203 3588 loquendi

298 3617 351 3667 et
381 3615 580 3685 agendi
603 3615 807 3675 modus
837 3621 1030 3695 aperte
1058 3615 1309 3690 denotat,
1337 3632 1430 3674 eos
1456 3632 1816 3692 nequaquam
1853 3612 1963 3672 sibi
1989 3610 2217 3670 licitum.
