2262 3990
840 166 972 216 PARS
1000 161 1243 212 SECUNDA.
1890 157 1982 205 483
2061 180 2065 183 ·

117 299 148 341 a
182 277 394 339 Galilaeo
442 281 505 333 ut
535 275 855 350 probabilem
883 268 1242 349 propugnari.
1273 266 1447 341 Igitur
1482 264 1659 323 Sacrae
1681 265 1985 339 congrega:

118 377 297 436 tiones
327 374 530 431 Indicis
574 379 629 430 et
679 368 1064 445 Inquisitionis
1103 367 1308 426 dictam
1353 362 1666 422 doctrinam
1719 362 1788 419 de
1830 369 1988 421 motu

120 482 284 532 terrae
308 480 362 530 et
401 471 699 529 stabilitate
732 469 888 538 solis,
915 466 1173 525 absolute
1216 469 1270 523 et
1294 463 1354 520 in
1381 481 1441 521 se
1466 467 1747 537 sumptam
1780 462 1990 519 habue-

119 578 252 628 runt
275 587 461 628 revera
505 567 771 639 tanquam
803 565 862 622 in
889 582 948 622 se
982 579 1294 631 erroneam,
1321 566 1378 619 et
1412 560 1580 618 talem
1609 577 1731 617 eam
1756 559 1990 635 apertis·

122 665 261 721 sime
287 660 735 739 pronuntiarunt.

193 761 347 831 Nota,
370 756 729 815 fundamento
754 752 923 810 etiam
947 767 1138 808 carere
1161 750 1310 823 quod
1340 768 1371 806 a
1406 750 1756 823 quibusdum
1781 751 1995 809 dictum

123 865 229 926 cst,
258 855 507 913 videlicet
533 875 546 907 z
575 852 696 908 ideo
721 849 1008 905 dumtaxat
1026 846 1460 902 condemnatum
1494 847 1668 904 fuisse
1708 849 1996 906 Galilaeum

122 952 270 1025 quod
293 951 586 1023 Scripturae
607 947 781 1004 Sacrae
817 948 999 1000 textus
1029 942 1314 1016 systemati
1343 960 1443 998 suo
1479 944 1752 1016 aptandos
1783 953 2001 1004 contor-

123 1052 346 1119 querct;
375 1050 636 1100 caeterum
667 1041 970 1115 ipsummet
1004 1045 1246 1113 systema
1275 1037 1343 1094 de
1371 1043 1527 1094 motu
1548 1043 1709 1095 terrae
1737 1042 1998 1098 condem-

119 1147 315 1198 natum
336 1156 446 1196 non
467 1138 656 1194 fuisse.
691 1136 1040 1192 Contrarium
1068 1141 1284 1192 constat
1311 1153 1376 1192 ex
1409 1135 1530 1210 ipso
1556 1142 1751 1193 tenore
1776 1145 2001 1196 senten·

124 1239 214 1295 tiae
239 1238 296 1293 in
326 1238 511 1312 ipsum
539 1234 931 1311 pronuntiatae.

193 1336 475 1391 Pnoposmo
512 1331 935 1387 VI³.—E1ravit
973 1329 1200 1384 tribunal
1229 1330 1609 1402 InquisitioniS,
1647 1330 1922 1388 Galilaemn
1955 1340 2005 1385 et

120 1442 345 1507 systema
388 1433 800 1505 Copernicanum
841 1429 1292 1484 condemnando:
1329 1430 1422 1484 sed
1468 1429 1587 1484 inde
1630 1446 1734 1483 non
1773 1430 2006 1500 sequitur

118 1549 251 1604 prwt
258 1548 341 1585 am
376 1547 486 1584 esse
521 1529 670 1599 hujus
706 1525 975 1582 tribunalis
1009 1526 1437 1580 ae'nstitutionem:
1481 1528 1606 1580 item
1638 1543 1744 1580 non
1777 1528 2010 1598 sequitur

124 1627 394 1699 fallibilem
433 1643 543 1681 esse
574 1625 866 1680 Romanum
902 1622 1208 1692 Pontificem
1253 1638 1318 1676 ex
1362 1621 1607 1676 cathedra
1648 1623 2006 1693 definientem.

125 1754 194 1763 —
224 1724 277 1779 1.
306 1722 570 1795 Equidem
602 1719 781 1776 adhuc
805 1718 969 1774 hodie
1010 1717 1267 1774 nonnulli
1300 1724 1501 1790 negant
1531 1721 1766 1790 riqorose
1794 1719 2008 1773 clemon-
2079 1755 2086 1761 ·

125 1819 286 1872 strari
328 1815 544 1874 telluris
584 1819 819 1882 motum,
869 1811 1229 1884 quantumvis
1269 1828 1397 1867 cum
1433 1829 1496 1867 ea
1539 1812 1831 1886 hypothesi
1874 1831 2008 1868 con·

125 1913 351 1970 cordent
394 1912 543 1969 varia
591 1928 710 1983 quae
758 1913 1068 1981 noscuntur
1110 1908 1477 1981 phenomena.
1526 1907 1635 1963 Nos
1684 1914 1872 1964 autem
1916 1909 2006 1963 hic

126 2010 405 2065 malumus
433 2009 489 2063 in
520 2024 680 2063 sensu
708 2004 1151 2062 adversariorum
1178 2003 1487 2060 abundare.
1515 2005 1859 2080 Quapropter
1887 2024 2005 2061 om-

128 2107 262 2163 nino
287 2112 498 2162 certum
523 2103 893 2178 supponimus
924 2101 1023 2158 soli
1063 2101 1321 2156 tellurem
1348 2100 1729 2158 circumvolvi.
1768 2104 1883 2166 Quo
1911 2122 2006 2176 po-

124 2202 250 2267 sito,
282 2218 389 2254 non
424 2218 691 2271 negamus
728 2214 946 2254 errasse
987 2197 1210 2251 Sacram
1240 2197 1727 2268 Congregationem
1767 2200 2006 2271 Inquisi-

127 2296 319 2359 tionis;
356 2296 403 2350 si
443 2296 686 2366 quidem,
720 2301 780 2349 ut
822 2311 990 2366 supra
1033 2293 1325 2366 probatum
1360 2299 1464 2361 est,
1506 2311 1696 2350 revera
1726 2296 1917 2366 falsam
1953 2304 2008 2352 et

127 2411 292 2448 sacrae
321 2392 610 2463 Scripturae
632 2393 948 2446 contrariam
977 2389 1353 2462 pronuntiavit
1384 2391 1537 2446 illam
1580 2391 1756 2465 ipsam
1795 2393 1861 2449 de
1895 2396 2008 2451 sole

127 2494 306 2543 stante
332 2495 384 2544 et
412 2494 555 2542 terra
583 2492 813 2560 gyrante
843 2485 1198 2541 sententiam.

198 2585 252 2638 ⁴2.
285 2585 350 2638 At
389 2601 737 2656 nequaquam
769 2582 898 2637 inde
931 2582 1184 2654 sequitur
1211 2600 1436 2658 pravam
1466 2601 1586 2640 6556
1622 2603 1686 2641 ac
1722 2585 1788 2642 de
1820 2588 2002 2643 medio

123 2678 418 2734 tollendam
461 2678 692 2751 hujusce
734 2676 1030 2733 tribunalis
1069 2677 1502 2735 institutionem:
1535 2681 1665 2745 Quis
1711 2682 1860 2737 enim
1892 2683 1999 2739 nisi
2074 2676 2096 2694 ⁸

127 2781 308 2829 mente
342 2782 533 2847 captus
569 2775 884 2842 contendat,
908 2774 1305 2848 supprimenda
1348 2793 1467 2832 esse
1501 2779 1758 2851 quaelibet
1800 2781 2004 2852 magis-

127 2874 373 2922 tratuum
398 2868 720 2937 tribunalia,
761 2886 824 2924 6ο
854 2868 1000 2941 quod
1030 2868 1346 2926 infallibilia
1380 2890 1491 2927 non
1531 2874 1663 2941 sint,
1704 2879 1757 2928 ct
1783 2874 2002 2928 contin-

128 2980 253 3034 gere
285 2963 455 3035 possit
485 2971 547 3019 ut
572 2965 629 3019 in
666 2965 850 3038 aliqua
883 2966 1196 3023 dirimenda
1221 2969 1319 3024 lite
1343 2987 1574 3025 erronee
1602 2970 2003 3044 pronuntient?

126 3059 271 3114 Bona
312 3075 441 3114 sane
482 3059 904 3132 magistratuum
947 3063 1016 3118 ad
1042 3063 1338 3120 redendam
1372 3066 1647 3138 justitiam
1684 3067 2005 3140 praeposito-

130 3173 253 3210 rum
283 3154 574 3224 instituti0,
603 3156 853 3227 quamvis
881 3175 946 3212 ex
978 3174 1186 3227 errore,
1221 3161 1303 3215 vel
1330 3161 1498 3215 ctiam
1523 3179 1589 3217 ex
1621 3179 1784 3234 pravo
1817 3162 2002 3236 aliquo

129 3251 351 3316 affectu,
383 3250 596 3322 injustae
622 3250 918 3307 identidem
956 3252 1023 3307 ab
1061 3253 1196 3325 ipsis
1229 3257 1512 3312 sententiae
1545 3258 1999 3330 pronuntientur.

130 3345 398 3402 Similiter
431 3346 681 3402 Ecclesiae
716 3347 1079 3403 utilissimum
1116 3356 1196 3405 est
1234 3368 1263 3405 a
1297 3351 1540 3415 Romano
1577 3355 1833 3413 Pontifice
1869 3377 1998 3415 con-

132 3441 287 3496 stitui
318 3443 694 3514 magistratuS,
726 3461 966 3516 quorum
1005 3444 1251 3502 osticium
1291 3447 1361 3503 sit
1398 3448 1687 3523 invigilare
1722 3470 1792 3509 ne
1815 3456 1998 3513 catho-

132 3535 235 3594 lica
269 3539 404 3595 tides
445 3540 502 3595 in
529 3540 827 3598 discrimen
853 3541 1184 3615 adducatur,
1219 3561 1436 3604 errores
1475 3566 1539 3605 ac
1574 3549 1804 3610 haereses
1841 3572 1996 3628 pros-
