2262 3990
777 162 900 211 rins
929 160 1169 211 secum.
1639 141 1650 150 ‘
1821 162 1912 210 455

39 276 245 335 dictum
275 271 540 348 Stephani
569 273 727 346 Papae
743 270 1022 345 judicium
1044 275 1099 327 et
1126 268 1433 336 decretum,
1452 267 1729 342 numquid
1754 268 1906 344 prio-

39 373 116 430 ris
167 370 551 428 auctoritatem
586 367 902 443 objecisset,
952 382 1180 441 prorsus
1215 364 1384 421 tacita
1430 362 1756 421 auctoritate
1781 383 1908 439 pos-

39 468 280 536 terioriS,
333 483 475 539 quae,
522 465 676 538 juxta
726 464 1022 539 ipsammet
1070 460 1259 518 Basilii
1295 459 1631 530 doctrinam,
1679 460 1908 518 omnino

43 565 319 641 praecipua
361 563 516 619 erat?
560 560 682 617 Haec
720 561 814 635 qui
868 557 1245 636 perpenderit,
1279 557 1521 614 fateatur
1570 574 1797 615 necesse
1836 562 1918 615 est

44 663 293 735 ignotum
326 676 555 734 prorsus
592 655 791 713 Basilio
816 655 990 711 fuisse
1023 653 1292 727 Stephani
1328 654 1637 726 decretum,
1661 662 1714 712 et
1745 660 1918 712 totam

42 758 292 835 praetensi
341 756 628 813 conflictus
678 751 992 809 historiam.
1028 750 1207 806 Simul
1256 757 1445 807 autem
1492 752 1683 810 edocet
1729 753 1919 811 Basilii

42 854 271 930 epistola
302 852 485 926 qualis
520 848 687 906 fuerit
717 853 901 904 exorta
950 846 1047 901 illa
1099 847 1444 919 Stephanum
1477 848 1626 904 inter
1651 855 1703 906 et
1734 849 1923 906 Orien-

45 951 181 1008 tales
214 950 504 1024 Episcopos
532 942 929 1001 controversia.
958 941 1074 997 Etsi
1106 941 1258 997 enim
1283 959 1390 996 non
1415 944 1730 1001 mediocrem
1755 946 1913 1002 illam

43 1047 219 1102 tradat
247 1043 534 1110 EusebiuS,
576 1047 629 1096 et
652 1039 818 1096 addat
845 1038 1178 1094 intentatam
1215 1056 1245 1093 a
1284 1039 1561 1111 Stephano
1596 1059 1917 1099 excommu-

42 1141 394 1207 nicationem,
440 1136 810 1209 colligendum
841 1141 923 1191 est
956 1134 1099 1190 nihil
1131 1134 1199 1189 ab
1235 1133 1331 1189 illo
1357 1134 1640 1203 Pontifice,
1671 1145 1766 1193 aut
1798 1139 1917 1211 ejus

43 1236 456 1296 successoribus
503 1234 805 1290 decretorie
853 1234 956 1288 hac
982 1232 1135 1287 dere
1165 1230 1452 1287 definitum
1486 1231 1686 1300 fuisse3
1738 1235 1915 1308 siqui-

42 1334 165 1390 dem
187 1333 439 1388 videmus
469 1318 735 1387 Basilium
762 1330 829 1386 de
868 1328 1171 1402 quaestione
1203 1328 1431 1402 perinde
1466 1329 1759 1401 disserere,
1785 1350 1848 1388 ac
1874 1333 1921 1389 si

43 1432 291 1487 nondum
318 1449 347 1485 a
370 1429 504 1486 Sede
540 1427 842 1502 apostolica
878 1426 1060 1482 ullove
1093 1425 1330 1481 concilio
1362 1426 1706 1482 oecumenico
1735 1427 1919 1486 decisa

46 1527 262 1583 fuisset.
313 1526 487 1590 Quam
527 1525 683 1582 Sedis
737 1523 1048 1599 apostolicae
1085 1521 1282 1595 agendi
1332 1523 1605 1578 rationem
1646 1525 1924 1600 praecipue
2009 1508 2015 1513 ’

0 1665 1 1668 ¹
46 1628 394 1697 procuratam
440 1621 749 1678 existimem
795 1639 825 1675 a
871 1624 1063 1674 sancto
1107 1618 1358 1699 Dionysio
1392 1620 1782 1690 Alexandrino,
1827 1623 1925 1694 qui

46 1721 203 1776 enixe
230 1722 374 1794 apud
397 1721 735 1794 Stephanum
762 1725 813 1774 et
845 1717 1057 1773 Xistum
1090 1716 1367 1773 Romanos
1389 1717 1678 1773 Pontifices
1704 1718 1838 1791 egit,
1860 1725 1921 1774 ut

45 1818 278 1873 liberam
321 1819 617 1873 tolerarent
659 1813 1090 1871 controversiam
1131 1820 1183 1870 et
1215 1814 1426 1869 variam
1461 1814 1700 1887 praxim.
1739 1815 1800 1870 Et
1842 1816 1922 1871 sic

44 1914 372 1988 intelligitur
395 1913 667 1988 quomodo
684 1911 924 1987 potuerit
944 1916 1170 1968 sanctus
1197 1911 1234 1964 F
1237 1911 1556 1968 irmilianus
1576 1930 1706 1968 cum
1730 1912 1919 1970 Orien-

44 2013 247 2070 talibus
271 2013 550 2088 Episcopis
575 2011 902 2068 sententiam
926 2028 1084 2066 suam
1104 2011 1171 2066 de
1187 2010 1598 2084 rebaptizandis
1618 2012 1916 2082 haereticiS,

44 2118 253 2167 servata
277 2111 593 2167 omnimoda
626 2127 752 2182 erga
788 2109 983 2165 Sedem
1010 2107 1366 2182 apostolicam
1395 2108 1768 2180 observantia,
1795 2128 1920 2184 pro-

45 2223 306 2278 pugnare.
335 2207 470 2260 Cum
518 2224 714 2278 nempe
746 2205 880 2277 ipsis
912 2204 1228 2276 Stephanus
1258 2205 1403 2276 Papa
1452 2204 1806 2275 significavit,
1834 2224 1919 2261 co·

47 2301 218 2372 gitare
238 2318 292 2356 se
317 2302 382 2355 de
432 2301 810 2373 abrumpenda
840 2317 967 2354 cum
994 2299 1128 2372 ipsis
1161 2299 1230 2354 oh
1266 2316 1386 2354 eam
1418 2318 1645 2355 causam
1672 2318 1920 2357 commu-

48 2397 233 2466 nione,
271 2397 415 2452 haud
458 2396 595 2451 mihi
637 2396 870 2452 dubium
897 2396 1033 2468 quin
1083 2402 1336 2469 prompte
1370 2414 1429 2452 se
1458 2397 1839 2467 obsecutUrOS,
1871 2399 1916 2454 si

47 2494 402 2566 quaestionem
442 2493 712 2561 deliniret,
755 2492 1163 2566 responderint.
1211 2492 1346 2548 Cum
1386 2510 1515 2548 vero
1560 2494 1916 2567 postmodum

46 2591 190 2645 idem
241 2564 486 2645 130ntifex
532 2590 740 2646 eisdem
784 2590 1188 2662 denuntiasset,
1236 2590 1590 2664 supersedere
1628 2610 1686 2648 se
1713 2610 1742 2648 a
1781 2593 1916 2649 diri-

45 2685 238 2742 menda
268 2686 658 2755 controversia,
699 2686 932 2742 innocue
971 2692 1274 2761 potuerunt
1316 2705 1474 2743 suam
1525 2688 1764 2761 quisque
1797 2691 1914 2764 opi-

44 2783 264 2839 nionem
296 2802 356 2839 ac
397 2784 607 2858 praxim
652 2783 891 2840 retinere
931 2801 994 2839 ac
1032 2784 1348 2840 defendere.
1392 2784 1528 2841 Hinc
1575 2785 1722 2842 inter
1759 2805 1915 2843 sanc-

47 2878 287 2934 tissimos
339 2880 503 2935 etiam
534 2881 679 2936 viros
725 2879 987 2954 opinandi
1032 2881 1304 2946 varietas3
1356 2882 1507 2937 verbi
1546 2882 1720 2953 gratia
1771 2882 1915 2937 inter

44 2973 446 3041 Firmilianum,
498 2975 594 3047 qui
627 2994 737 3031 non
787 2977 990 3044 valere,
1030 2984 1083 3032 et
1116 2978 1438 3051 Dionysium
1474 2978 1912 3033 Alexandrinum

59 3068 137 3139 lui
172 3067 350 3122 valere
382 3068 657 3141 baptisma
686 3070 1018 3143 Catafrigum
1056 3088 1152 3127 seu
1174 3072 1614 3145 Pepuzenorum,
1648 3078 1789 3129 teste
1814 3072 1913 3128 Ba-

46 3165 187 3236 silio,
227 3163 580 3219 existimavit.
612 3165 747 3220 Hinc
790 3167 845 3221 in
878 3167 996 3240 ipsa
1018 3167 1203 3223 Basilii
1232 3169 1487 3242 epistola,
1524 3169 1777 3226 instituta
1800 3170 1911 3226 dis-

73 3259 276 3334 eptatio
316 3259 538 3333 perinde
585 3278 647 3316 ac
688 3261 734 3316 si
777 3263 1025 3317 nondum
1053 3281 1118 3318 eo
1157 3270 1406 3338 tempore
1450 3266 1563 3320 ulla
1610 3267 1910 3326 universali

58 3357 319 3412 lecisione
353 3356 583 3428 quaestio
628 3356 812 3412 decisa
841 3357 1056 3414 suisset.

115 3454 284 3526 {gitur
308 3453 535 3527 epistola
575 3454 709 3523 haee,
740 3452 945 3508 nedum
980 3454 1187 3510 factum
1222 3456 1599 3531 Cyprianicum
1653 3467 1900 3536 testetur,

62 3548 179 3605 llud
211 3549 278 3605 ad
312 3549 529 3605 fabulas
567 3548 980 3605 amandandum
1011 3551 1234 3609 evincit.

280 3672 329 3702 ιτ.
1608 3668 1664 3716 28
