<?xml version="1.0" encoding="UTF-8"?>
<!DOCTYPE html PUBLIC "-//W3C//DTD XHTML 1.0 Transitional//EN"
    "http://www.w3.org/TR/xhtml1/DTD/xhtml1-transitional.dtd">
<html xmlns="http://www.w3.org/1999/xhtml" xml:lang="en" lang="en">
 <head>
  <title>
</title>
<meta http-equiv="Content-Type" content="text/html;charset=utf-8" />
  <meta name='ocr-system' content='tesseract 3.04.00' />
  <meta name='ocr-capabilities' content='ocr_page ocr_carea ocr_par ocr_line ocrx_word'/>
</head>
<body>
  <div class='ocr_page' id='page_1' title='image "a548470102bouiuoft_0055.png"; bbox 0 0 2306 4010; ppageno 0'>
   <div class='ocr_carea' id='block_1_1' title="bbox 872 150 2014 201">
    <p class='ocr_par' dir='ltr' id='par_1_1' title="bbox 872 150 2014 201">
     <span class='ocr_line' id='line_1_1' title="bbox 872 150 2014 201; baseline 0 -1"><span class='ocrx_word' id='word_1_1' title='bbox 872 153 1000 200; x_wconf 73' lang='lat' dir='ltr'><strong>PARS</strong></span> <span class='ocrx_word' id='word_1_2' title='bbox 1030 150 1268 201; x_wconf 79' lang='lat' dir='ltr'>SECUNDA.</span> <span class='ocrx_word' id='word_1_3' title='bbox 1957 154 2014 200; x_wconf 72' lang='lat'>47</span> 
     </span>
    </p>
   </div>
   <div class='ocr_carea' id='block_1_2' title="bbox 128 255 2017 528">
    <p class='ocr_par' dir='ltr' id='par_1_2' title="bbox 128 255 2017 528">
     <span class='ocr_line' id='line_1_2' title="bbox 130 255 2017 335; baseline 0.001 -21"><span class='ocrx_word' id='word_1_4' title='bbox 130 259 414 334; x_wconf 87' lang='lat' dir='ltr'>episcopo,</span> <span class='ocrx_word' id='word_1_5' title='bbox 464 264 656 316; x_wconf 90' lang='lat' dir='ltr'>nostro</span> <span class='ocrx_word' id='word_1_6' title='bbox 714 260 1017 331; x_wconf 76' lang='lat' dir='ltr'>diynissimo</span> <span class='ocrx_word' id='word_1_7' title='bbox 1077 256 1330 335; x_wconf 84' lang='lat' dir='ltr'>praeside,</span> <span class='ocrx_word' id='word_1_8' title='bbox 1386 255 1786 314; x_wconf 65' lang='lat' dir='ltr'>invocavimus</span> <span class='ocrx_word' id='word_1_9' title='bbox 1815 278 1844 312; x_wconf 89' lang='lat'>»</span> <span class='ocrx_word' id='word_1_10' title='bbox 1904 258 2017 315; x_wconf 88' lang='lat' dir='ltr'>Hoc</span> 
     </span>
     <span class='ocr_line' id='line_1_3' title="bbox 131 348 2010 430; baseline 0.001 -19"><span class='ocrx_word' id='word_1_11' title='bbox 131 362 278 413; x_wconf 90' lang='lat' dir='ltr'>recte</span> <span class='ocrx_word' id='word_1_12' title='bbox 310 348 546 413; x_wconf 48' lang='lat' dir='ltr'>dictum,</span> <span class='ocrx_word' id='word_1_13' title='bbox 588 355 955 430; x_wconf 85' lang='lat' dir='ltr'>Dignissimus</span> <span class='ocrx_word' id='word_1_14' title='bbox 997 373 1181 413; x_wconf 79' lang='lat' dir='ltr'>revera</span> <span class='ocrx_word' id='word_1_15' title='bbox 1221 353 1350 411; x_wconf 90' lang='lat' dir='ltr'>talis</span> <span class='ocrx_word' id='word_1_16' title='bbox 1389 353 1750 411; x_wconf 87' lang='lat' dir='ltr'>conciliabuli</span> <span class='ocrx_word' id='word_1_17' title='bbox 1773 356 2010 430; x_wconf 85' lang='lat' dir='ltr'>praesesl</span> 
     </span>
     <span class='ocr_line' id='line_1_4' title="bbox 128 451 1390 528; baseline 0 -20"><span class='ocrx_word' id='word_1_18' title='bbox 128 453 522 527; x_wconf 89' lang='lat' dir='ltr'>dignissimum</span> <span class='ocrx_word' id='word_1_19' title='bbox 547 453 644 510; x_wconf 90' lang='lat' dir='ltr'>tali</span> <span class='ocrx_word' id='word_1_20' title='bbox 674 452 905 528; x_wconf 82' lang='lat' dir='ltr'>praeside</span> <span class='ocrx_word' id='word_1_21' title='bbox 929 451 1390 509; x_wconf 77' lang='lat' dir='ltr'>conciliabulum!</span> 
     </span>
    </p>
   </div>
   <div class='ocr_carea' id='block_1_3' title="bbox 825 545 852 559">
    <p class='ocr_par' dir='ltr' id='par_1_3' title="bbox 825 545 852 559">
     <span class='ocr_line' id='line_1_5' title="bbox 825 545 852 559; baseline 0 0"><span class='ocrx_word' id='word_1_22' title='bbox 825 545 852 559; x_wconf 59' lang='lat' dir='ltr'>V</span> 
     </span>
    </p>
   </div>
   <div class='ocr_carea' id='block_1_4' title="bbox 183 698 1960 818">
    <p class='ocr_par' dir='ltr' id='par_1_4' title="bbox 183 698 1960 818">
     <span class='ocr_line' id='line_1_6' title="bbox 183 698 1960 756; baseline 0.001 -15"><span class='ocrx_word' id='word_1_23' title='bbox 183 707 207 756; x_wconf 61' lang='lat'>5·</span> <span class='ocrx_word' id='word_1_24' title='bbox 234 701 273 748; x_wconf 75' lang='lat'>4,</span> <span class='ocrx_word' id='word_1_25' title='bbox 305 725 357 732; x_wconf 96' lang='lat'><strong>—</strong></span> <span class='ocrx_word' id='word_1_26' title='bbox 383 702 430 743; x_wconf 94' lang='lat' dir='ltr'>In</span> <span class='ocrx_word' id='word_1_27' title='bbox 454 702 626 754; x_wconf 83' lang='lat' dir='ltr'>regaliae</span> <span class='ocrx_word' id='word_1_28' title='bbox 649 700 815 754; x_wconf 85' lang='lat' dir='ltr'>negotio</span> <span class='ocrx_word' id='word_1_29' title='bbox 838 698 1024 740; x_wconf 89' lang='lat' dir='ltr'>enormis</span> <span class='ocrx_word' id='word_1_30' title='bbox 1046 710 1094 739; x_wconf 88' lang='lat' dir='ltr'>ac</span> <span class='ocrx_word' id='word_1_31' title='bbox 1118 699 1343 740; x_wconf 81' lang='lat' dir='ltr'>manifesta</span> <span class='ocrx_word' id='word_1_32' title='bbox 1367 699 1450 740; x_wconf 82' lang='lat' dir='ltr'>suit</span> <span class='ocrx_word' id='word_1_33' title='bbox 1472 699 1710 742; x_wconf 83' lang='lat' dir='ltr'>Praesulum</span> <span class='ocrx_word' id='word_1_34' title='bbox 1732 707 1960 743; x_wconf 78' lang='lat' dir='ltr'>conventus</span> 
     </span>
     <span class='ocr_line' id='line_1_7' title="bbox 780 764 1335 818; baseline -0.004 -11"><span class='ocrx_word' id='word_1_35' title='bbox 780 766 877 807; x_wconf 86' lang='lat' dir='ltr'>anni</span> <span class='ocrx_word' id='word_1_36' title='bbox 903 764 1007 806; x_wconf 77' lang='lat'><strong>1682</strong></span> <span class='ocrx_word' id='word_1_37' title='bbox 1031 765 1335 818; x_wconf 85' lang='lat' dir='ltr'>praevaricatio.</span> 
     </span>
    </p>
   </div>
   <div class='ocr_carea' id='block_1_5' title="bbox 111 922 2014 3645">
    <p class='ocr_par' dir='ltr' id='par_1_5' title="bbox 111 922 2014 2182">
     <span class='ocr_line' id='line_1_8' title="bbox 192 922 2012 1007; baseline 0.001 -16"><span class='ocrx_word' id='word_1_38' title='bbox 192 935 406 992; x_wconf 91' lang='lat' dir='ltr'>Decimo</span> <span class='ocrx_word' id='word_1_39' title='bbox 444 932 610 989; x_wconf 80' lang='lat' dir='ltr'>tertio</span> <span class='ocrx_word' id='word_1_40' title='bbox 646 932 847 988; x_wconf 87' lang='lat' dir='ltr'>saeculo</span> <span class='ocrx_word' id='word_1_41' title='bbox 886 931 1093 1006; x_wconf 89' lang='lat' dir='ltr'>passim</span> <span class='ocrx_word' id='word_1_42' title='bbox 1131 922 1473 988; x_wconf 86' lang='lat' dir='ltr'>invalescere</span> <span class='ocrx_word' id='word_1_43' title='bbox 1509 940 1754 1007; x_wconf 85' lang='lat' dir='ltr'>coeperat</span> <span class='ocrx_word' id='word_1_44' title='bbox 1803 936 2012 993; x_wconf 87' lang='lat' dir='ltr'>abusus</span> 
     </span>
     <span class='ocr_line' id='line_1_9' title="bbox 116 1029 2014 1105; baseline 0.002 -18"><span class='ocrx_word' id='word_1_45' title='bbox 116 1032 363 1105; x_wconf 88' lang='lat' dir='ltr'>quidam,</span> <span class='ocrx_word' id='word_1_46' title='bbox 385 1031 598 1102; x_wconf 68' lang='lat' dir='ltr'>reyaliae</span> <span class='ocrx_word' id='word_1_47' title='bbox 618 1029 847 1085; x_wconf 90' lang='lat' dir='ltr'>nomine</span> <span class='ocrx_word' id='word_1_48' title='bbox 873 1030 1189 1086; x_wconf 80' lang='lat' dir='ltr'>decoratus,</span> <span class='ocrx_word' id='word_1_49' title='bbox 1212 1029 1382 1102; x_wconf 80' lang='lat' dir='ltr'>Reges</span> <span class='ocrx_word' id='word_1_50' title='bbox 1407 1047 1612 1105; x_wconf 85' lang='lat' dir='ltr'>nempe</span> <span class='ocrx_word' id='word_1_51' title='bbox 1638 1030 1745 1087; x_wconf 89' lang='lat' dir='ltr'>sibi</span> <span class='ocrx_word' id='word_1_52' title='bbox 1767 1049 2014 1090; x_wconf 88' lang='lat' dir='ltr'>assume-</span> 
     </span>
     <span class='ocr_line' id='line_1_10' title="bbox 113 1128 2007 1204; baseline 0.002 -18"><span class='ocrx_word' id='word_1_53' title='bbox 113 1131 243 1186; x_wconf 88' lang='lat' dir='ltr'>bant</span> <span class='ocrx_word' id='word_1_54' title='bbox 277 1129 594 1202; x_wconf 89' lang='lat' dir='ltr'>aliquarum</span> <span class='ocrx_word' id='word_1_55' title='bbox 631 1128 947 1184; x_wconf 89' lang='lat' dir='ltr'>vacantium</span> <span class='ocrx_word' id='word_1_56' title='bbox 984 1128 1384 1204; x_wconf 87' lang='lat' dir='ltr'>episcopalium</span> <span class='ocrx_word' id='word_1_57' title='bbox 1417 1129 1635 1185; x_wconf 90' lang='lat' dir='ltr'>sedium</span> <span class='ocrx_word' id='word_1_58' title='bbox 1675 1137 2007 1204; x_wconf 88' lang='lat' dir='ltr'>proventus;</span> 
     </span>
     <span class='ocr_line' id='line_1_11' title="bbox 115 1225 2009 1302; baseline 0.002 -20"><span class='ocrx_word' id='word_1_59' title='bbox 115 1228 286 1284; x_wconf 90' lang='lat' dir='ltr'>immo</span> <span class='ocrx_word' id='word_1_60' title='bbox 299 1234 352 1284; x_wconf 89' lang='lat' dir='ltr'>et</span> <span class='ocrx_word' id='word_1_61' title='bbox 365 1227 717 1283; x_wconf 85' lang='lat' dir='ltr'>conferebant</span> <span class='ocrx_word' id='word_1_62' title='bbox 731 1225 997 1282; x_wconf 84' lang='lat' dir='ltr'>beneficia</span> <span class='ocrx_word' id='word_1_63' title='bbox 1013 1226 1312 1301; x_wconf 87' lang='lat' dir='ltr'>simplicia,</span> <span class='ocrx_word' id='word_1_64' title='bbox 1327 1244 1450 1300; x_wconf 78' lang='lat' dir='ltr'>quae</span> <span class='ocrx_word' id='word_1_65' title='bbox 1464 1227 1718 1284; x_wconf 85' lang='lat' dir='ltr'>conferre</span> <span class='ocrx_word' id='word_1_66' title='bbox 1732 1231 2009 1302; x_wconf 84' lang='lat' dir='ltr'>poterant,</span> 
     </span>
     <span class='ocr_line' id='line_1_12' title="bbox 115 1324 2008 1400; baseline 0.002 -18"><span class='ocrx_word' id='word_1_67' title='bbox 115 1327 248 1382; x_wconf 91' lang='lat' dir='ltr'>dum</span> <span class='ocrx_word' id='word_1_68' title='bbox 288 1325 558 1394; x_wconf 80' lang='lat' dir='ltr'>viverent,</span> <span class='ocrx_word' id='word_1_69' title='bbox 598 1324 925 1381; x_wconf 87' lang='lat' dir='ltr'>earumdem</span> <span class='ocrx_word' id='word_1_70' title='bbox 971 1324 1190 1381; x_wconf 89' lang='lat' dir='ltr'>sedium</span> <span class='ocrx_word' id='word_1_71' title='bbox 1238 1325 1513 1400; x_wconf 90' lang='lat' dir='ltr'>Episcopi.</span> <span class='ocrx_word' id='word_1_72' title='bbox 1567 1327 1636 1382; x_wconf 86' lang='lat' dir='ltr'>De</span> <span class='ocrx_word' id='word_1_73' title='bbox 1683 1346 1793 1400; x_wconf 94' lang='lat' dir='ltr'>quo</span> <span class='ocrx_word' id='word_1_74' title='bbox 1828 1329 2008 1386; x_wconf 90' lang='lat' dir='ltr'>abusu</span> 
     </span>
     <span class='ocr_line' id='line_1_13' title="bbox 114 1422 2006 1498; baseline 0.001 -19"><span class='ocrx_word' id='word_1_75' title='bbox 114 1423 441 1498; x_wconf 85' lang='lat' dir='ltr'>extirpando</span> <span class='ocrx_word' id='word_1_76' title='bbox 495 1430 679 1479; x_wconf 90' lang='lat' dir='ltr'>actum</span> <span class='ocrx_word' id='word_1_77' title='bbox 718 1428 799 1477; x_wconf 86' lang='lat' dir='ltr'>est</span> <span class='ocrx_word' id='word_1_78' title='bbox 847 1422 903 1476; x_wconf 92' lang='lat' dir='ltr'>in</span> <span class='ocrx_word' id='word_1_79' title='bbox 947 1423 1183 1478; x_wconf 92' lang='lat' dir='ltr'>concilio</span> <span class='ocrx_word' id='word_1_80' title='bbox 1229 1423 1571 1479; x_wconf 76' lang='lat' dir='ltr'>oecumenico</span> <span class='ocrx_word' id='word_1_81' title='bbox 1616 1425 2006 1498; x_wconf 91' lang='lat' dir='ltr'>Lugdunensi,</span> 
     </span>
     <span class='ocr_line' id='line_1_14' title="bbox 116 1519 2005 1595; baseline 0.002 -19"><span class='ocrx_word' id='word_1_82' title='bbox 116 1540 261 1578; x_wconf 87' lang='lat' dir='ltr'>anno</span> <span class='ocrx_word' id='word_1_83' title='bbox 289 1522 454 1576; x_wconf 80' lang='lat'><strong>1274.</strong></span> <span class='ocrx_word' id='word_1_84' title='bbox 479 1521 668 1576; x_wconf 90' lang='lat' dir='ltr'>Visum</span> <span class='ocrx_word' id='word_1_85' title='bbox 691 1526 877 1576; x_wconf 89' lang='lat' dir='ltr'>autem</span> <span class='ocrx_word' id='word_1_86' title='bbox 899 1519 1172 1590; x_wconf 85' lang='lat' dir='ltr'>PatribuS,</span> <span class='ocrx_word' id='word_1_87' title='bbox 1204 1521 1272 1576; x_wconf 87' lang='lat' dir='ltr'>ob</span> <span class='ocrx_word' id='word_1_88' title='bbox 1291 1527 1607 1595; x_wconf 89' lang='lat' dir='ltr'>temporum</span> <span class='ocrx_word' id='word_1_89' title='bbox 1626 1521 2005 1594; x_wconf 78' lang='lat' dir='ltr'>difficultateS,</span> 
     </span>
     <span class='ocr_line' id='line_1_15' title="bbox 115 1617 2008 1692; baseline 0.001 -19"><span class='ocrx_word' id='word_1_90' title='bbox 115 1619 183 1674; x_wconf 87' lang='lat' dir='ltr'>ad</span> <span class='ocrx_word' id='word_1_91' title='bbox 210 1618 450 1692; x_wconf 90' lang='lat' dir='ltr'>rigorem</span> <span class='ocrx_word' id='word_1_92' title='bbox 477 1636 587 1672; x_wconf 92' lang='lat' dir='ltr'>non</span> <span class='ocrx_word' id='word_1_93' title='bbox 608 1617 927 1692; x_wconf 83' lang='lat' dir='ltr'>procedere,</span> <span class='ocrx_word' id='word_1_94' title='bbox 948 1617 1042 1673; x_wconf 91' lang='lat' dir='ltr'>sed</span> <span class='ocrx_word' id='word_1_95' title='bbox 1065 1617 1252 1691; x_wconf 92' lang='lat' dir='ltr'>potius</span> <span class='ocrx_word' id='word_1_96' title='bbox 1271 1623 1712 1691; x_wconf 89' lang='lat' dir='ltr'>temperamento</span> <span class='ocrx_word' id='word_1_97' title='bbox 1735 1619 1839 1675; x_wconf 89' lang='lat' dir='ltr'>uti.</span> <span class='ocrx_word' id='word_1_98' title='bbox 1867 1620 2008 1684; x_wconf 91' lang='lat' dir='ltr'>Qua-</span> 
     </span>
     <span class='ocr_line' id='line_1_16' title="bbox 114 1714 2006 1790; baseline 0 -19"><span class='ocrx_word' id='word_1_99' title='bbox 114 1722 337 1790; x_wconf 78' lang='lat' dir='ltr'>propter</span> <span class='ocrx_word' id='word_1_100' title='bbox 375 1723 710 1790; x_wconf 83' lang='lat' dir='ltr'>praetensum</span> <span class='ocrx_word' id='word_1_101' title='bbox 758 1714 907 1770; x_wconf 90' lang='lat' dir='ltr'>istud</span> <span class='ocrx_word' id='word_1_102' title='bbox 938 1714 1033 1786; x_wconf 89' lang='lat' dir='ltr'>jus</span> <span class='ocrx_word' id='word_1_103' title='bbox 1075 1714 1299 1787; x_wconf 86' lang='lat' dir='ltr'>regaliae</span> <span class='ocrx_word' id='word_1_104' title='bbox 1346 1720 1743 1770; x_wconf 90' lang='lat' dir='ltr'>concesserunt</span> <span class='ocrx_word' id='word_1_105' title='bbox 1782 1715 2006 1787; x_wconf 88' lang='lat' dir='ltr'>regibus</span> 
     </span>
     <span class='ocr_line' id='line_1_17' title="bbox 113 1811 2006 1886; baseline 0.001 -19"><span class='ocrx_word' id='word_1_106' title='bbox 113 1812 327 1884; x_wconf 87' lang='lat' dir='ltr'>(sicque</span> <span class='ocrx_word' id='word_1_107' title='bbox 360 1813 672 1885; x_wconf 89' lang='lat' dir='ltr'>legitimum</span> <span class='ocrx_word' id='word_1_108' title='bbox 703 1812 760 1867; x_wconf 93' lang='lat' dir='ltr'>in</span> <span class='ocrx_word' id='word_1_109' title='bbox 796 1817 1080 1886; x_wconf 89' lang='lat' dir='ltr'>posterum</span> <span class='ocrx_word' id='word_1_110' title='bbox 1108 1811 1439 1883; x_wconf 82' lang='lat' dir='ltr'>effecerunt)</span> <span class='ocrx_word' id='word_1_111' title='bbox 1473 1812 1657 1885; x_wconf 92' lang='lat' dir='ltr'>quoad</span> <span class='ocrx_word' id='word_1_112' title='bbox 1693 1812 1818 1868; x_wconf 91' lang='lat' dir='ltr'>illas</span> <span class='ocrx_word' id='word_1_113' title='bbox 1846 1814 2006 1869; x_wconf 88' lang='lat' dir='ltr'>dum-</span> 
     </span>
     <span class='ocr_line' id='line_1_18' title="bbox 114 1909 2005 1985; baseline 0.003 -21"><span class='ocrx_word' id='word_1_114' title='bbox 114 1915 260 1965; x_wconf 82' lang='lat' dir='ltr'>taxat</span> <span class='ocrx_word' id='word_1_115' title='bbox 279 1909 540 1966; x_wconf 89' lang='lat' dir='ltr'>dioeceses</span> <span class='ocrx_word' id='word_1_116' title='bbox 561 1909 618 1964; x_wconf 94' lang='lat' dir='ltr'>in</span> <span class='ocrx_word' id='word_1_117' title='bbox 637 1910 843 1982; x_wconf 90' lang='lat' dir='ltr'>quibus</span> <span class='ocrx_word' id='word_1_118' title='bbox 857 1929 1014 1984; x_wconf 85' lang='lat' dir='ltr'>reges</span> <span class='ocrx_word' id='word_1_119' title='bbox 1029 1912 1118 1985; x_wconf 91' lang='lat' dir='ltr'>jus</span> <span class='ocrx_word' id='word_1_120' title='bbox 1144 1910 1292 1966; x_wconf 89' lang='lat' dir='ltr'>istud</span> <span class='ocrx_word' id='word_1_121' title='bbox 1304 1911 1421 1984; x_wconf 89' lang='lat' dir='ltr'>jam</span> <span class='ocrx_word' id='word_1_122' title='bbox 1441 1927 1695 1967; x_wconf 83' lang='lat' dir='ltr'>exercere</span> <span class='ocrx_word' id='word_1_123' title='bbox 1709 1912 2005 1969; x_wconf 88' lang='lat' dir='ltr'>consueve-</span> 
     </span>
     <span class='ocr_line' id='line_1_19' title="bbox 111 2008 2004 2068; baseline 0.003 -5"><span class='ocrx_word' id='word_1_124' title='bbox 111 2014 255 2064; x_wconf 88' lang='lat' dir='ltr'>rant.</span> <span class='ocrx_word' id='word_1_125' title='bbox 275 2008 450 2065; x_wconf 92' lang='lat' dir='ltr'>Simul</span> <span class='ocrx_word' id='word_1_126' title='bbox 468 2027 594 2065; x_wconf 89' lang='lat' dir='ltr'>vero</span> <span class='ocrx_word' id='word_1_127' title='bbox 620 2027 689 2065; x_wconf 92' lang='lat' dir='ltr'>ne</span> <span class='ocrx_word' id='word_1_128' title='bbox 714 2009 781 2065; x_wconf 90' lang='lat' dir='ltr'>ad</span> <span class='ocrx_word' id='word_1_129' title='bbox 799 2017 1023 2066; x_wconf 84' lang='lat' dir='ltr'>caeteras</span> <span class='ocrx_word' id='word_1_130' title='bbox 1050 2009 1316 2065; x_wconf 89' lang='lat' dir='ltr'>dioeceses</span> <span class='ocrx_word' id='word_1_131' title='bbox 1335 2010 1730 2066; x_wconf 84' lang='lat' dir='ltr'>extenderetur</span> <span class='ocrx_word' id='word_1_132' title='bbox 1754 2010 2004 2068; x_wconf 89' lang='lat' dir='ltr'>districte</span> 
     </span>
     <span class='ocr_line' id='line_1_20' title="bbox 112 2105 1999 2182; baseline 0.001 -22"><span class='ocrx_word' id='word_1_133' title='bbox 112 2105 518 2179; x_wconf 89' lang='lat' dir='ltr'>prohibuerunt</span> <span class='ocrx_word' id='word_1_134' title='bbox 547 2108 650 2163; x_wconf 90' lang='lat' dir='ltr'>sub</span> <span class='ocrx_word' id='word_1_135' title='bbox 683 2106 1256 2163; x_wconf 85' lang='lat' dir='ltr'>excommunicatione</span> <span class='ocrx_word' id='word_1_136' title='bbox 1300 2106 1421 2182; x_wconf 89' lang='lat' dir='ltr'>ipso</span> <span class='ocrx_word' id='word_1_137' title='bbox 1456 2108 1597 2163; x_wconf 88' lang='lat' dir='ltr'>facto</span> <span class='ocrx_word' id='word_1_138' title='bbox 1636 2107 1999 2164; x_wconf 89' lang='lat' dir='ltr'>incurrenda.</span> 
     </span>
    </p>

    <p class='ocr_par' dir='ltr' id='par_1_6' title="bbox 112 2205 2007 3430">
     <span class='ocr_line' id='line_1_21' title="bbox 183 2205 2004 2282; baseline 0.002 -23"><span class='ocrx_word' id='word_1_139' title='bbox 183 2205 255 2259; x_wconf 90' lang='lat' dir='ltr'>Ex</span> <span class='ocrx_word' id='word_1_140' title='bbox 283 2212 417 2261; x_wconf 88' lang='lat' dir='ltr'>tunc</span> <span class='ocrx_word' id='word_1_141' title='bbox 441 2225 619 2278; x_wconf 91' lang='lat' dir='ltr'>usque</span> <span class='ocrx_word' id='word_1_142' title='bbox 646 2206 714 2262; x_wconf 93' lang='lat' dir='ltr'>ad</span> <span class='ocrx_word' id='word_1_143' title='bbox 746 2206 1080 2262; x_wconf 83' lang='lat' dir='ltr'>Ludovicum</span> <span class='ocrx_word' id='word_1_144' title='bbox 1107 2206 1232 2279; x_wconf 81' lang='lat' dir='ltr'>XIV,</span> <span class='ocrx_word' id='word_1_145' title='bbox 1265 2225 1352 2262; x_wconf 90' lang='lat' dir='ltr'>res</span> <span class='ocrx_word' id='word_1_146' title='bbox 1381 2206 1695 2264; x_wconf 89' lang='lat' dir='ltr'>indubitata</span> <span class='ocrx_word' id='word_1_147' title='bbox 1722 2207 1829 2264; x_wconf 86' lang='lat' dir='ltr'>fuit</span> <span class='ocrx_word' id='word_1_148' title='bbox 1855 2207 2004 2282; x_wconf 92' lang='lat' dir='ltr'>apud</span> 
     </span>
     <span class='ocr_line' id='line_1_22' title="bbox 113 2290 2003 2378; baseline 0.002 -21"><span class='ocrx_word' id='word_1_149' title='bbox 113 2290 256 2358; x_wconf 86' lang='lat' dir='ltr'>viros</span> <span class='ocrx_word' id='word_1_150' title='bbox 290 2305 693 2360; x_wconf 88' lang='lat' dir='ltr'>ecclesiasticos</span> <span class='ocrx_word' id='word_1_151' title='bbox 728 2324 790 2360; x_wconf 89' lang='lat' dir='ltr'>ac</span> <span class='ocrx_word' id='word_1_152' title='bbox 819 2305 1115 2378; x_wconf 89' lang='lat' dir='ltr'>Episcopos</span> <span class='ocrx_word' id='word_1_153' title='bbox 1147 2306 1315 2360; x_wconf 87' lang='lat' dir='ltr'>etiam</span> <span class='ocrx_word' id='word_1_154' title='bbox 1347 2306 1533 2360; x_wconf 74' lang='lat' dir='ltr'>Galliae</span> <span class='ocrx_word' id='word_1_155' title='bbox 1566 2325 1784 2374; x_wconf 83' lang='lat' dir='ltr'>omneS,</span> <span class='ocrx_word' id='word_1_156' title='bbox 1816 2311 2003 2361; x_wconf 86' lang='lat' dir='ltr'>exten-</span> 
     </span>
     <span class='ocr_line' id='line_1_23' title="bbox 115 2400 2002 2474; baseline 0.001 -19"><span class='ocrx_word' id='word_1_157' title='bbox 115 2400 325 2456; x_wconf 84' lang='lat' dir='ltr'>sionem</span> <span class='ocrx_word' id='word_1_158' title='bbox 352 2401 568 2473; x_wconf 84' lang='lat' dir='ltr'>rcgaliae</span> <span class='ocrx_word' id='word_1_159' title='bbox 592 2402 658 2456; x_wconf 87' lang='lat' dir='ltr'>ad</span> <span class='ocrx_word' id='word_1_160' title='bbox 682 2401 926 2474; x_wconf 84' lang='lat' dir='ltr'>aliquam</span> <span class='ocrx_word' id='word_1_161' title='bbox 950 2401 1115 2456; x_wconf 85' lang='lat' dir='ltr'>aliam</span> <span class='ocrx_word' id='word_1_162' title='bbox 1141 2400 1448 2469; x_wconf 88' lang='lat' dir='ltr'>dioecesim,</span> <span class='ocrx_word' id='word_1_163' title='bbox 1477 2401 2002 2457; x_wconf 87' lang='lat' dir='ltr'>manifestissimum</span> 
     </span>
     <span class='ocr_line' id='line_1_24' title="bbox 112 2499 2005 2573; baseline 0.002 -19"><span class='ocrx_word' id='word_1_164' title='bbox 112 2500 323 2556; x_wconf 87' lang='lat' dir='ltr'>furtum</span> <span class='ocrx_word' id='word_1_165' title='bbox 351 2518 471 2556; x_wconf 87' lang='lat' dir='ltr'>esse</span> <span class='ocrx_word' id='word_1_166' title='bbox 499 2519 562 2555; x_wconf 91' lang='lat' dir='ltr'>ac</span> <span class='ocrx_word' id='word_1_167' title='bbox 585 2501 963 2573; x_wconf 89' lang='lat' dir='ltr'>sacrilegium,</span> <span class='ocrx_word' id='word_1_168' title='bbox 992 2518 1205 2556; x_wconf 88' lang='lat' dir='ltr'>necnon</span> <span class='ocrx_word' id='word_1_169' title='bbox 1232 2502 1586 2556; x_wconf 86' lang='lat' dir='ltr'>anathemate</span> <span class='ocrx_word' id='word_1_170' title='bbox 1616 2499 1813 2572; x_wconf 89' lang='lat' dir='ltr'>attingi</span> <span class='ocrx_word' id='word_1_171' title='bbox 1841 2518 2005 2572; x_wconf 90' lang='lat' dir='ltr'>quos-</span> 
     </span>
     <span class='ocr_line' id='line_1_25' title="bbox 113 2597 2005 2668; baseline 0 -14"><span class='ocrx_word' id='word_1_172' title='bbox 113 2599 248 2654; x_wconf 90' lang='lat' dir='ltr'>libet</span> <span class='ocrx_word' id='word_1_173' title='bbox 289 2597 605 2655; x_wconf 90' lang='lat' dir='ltr'>istiusmodi</span> <span class='ocrx_word' id='word_1_174' title='bbox 644 2599 896 2654; x_wconf 85' lang='lat' dir='ltr'>attentati</span> <span class='ocrx_word' id='word_1_175' title='bbox 936 2605 1187 2654; x_wconf 87' lang='lat' dir='ltr'>auctores</span> <span class='ocrx_word' id='word_1_176' title='bbox 1231 2615 1292 2653; x_wconf 89' lang='lat' dir='ltr'>ac</span> <span class='ocrx_word' id='word_1_177' title='bbox 1324 2597 1592 2654; x_wconf 81' lang='lat' dir='ltr'>fautores,</span> <span class='ocrx_word' id='word_1_178' title='bbox 1628 2597 1896 2668; x_wconf 87' lang='lat' dir='ltr'>Quodque</span> <span class='ocrx_word' id='word_1_179' title='bbox 1932 2599 2005 2654; x_wconf 91' lang='lat' dir='ltr'>ita</span> 
     </span>
     <span class='ocr_line' id='line_1_26' title="bbox 115 2693 2006 2769; baseline 0.001 -19"><span class='ocrx_word' id='word_1_180' title='bbox 115 2696 469 2752; x_wconf 86' lang='lat' dir='ltr'>sentiendum</span> <span class='ocrx_word' id='word_1_181' title='bbox 510 2694 604 2763; x_wconf 90' lang='lat' dir='ltr'>sit,</span> <span class='ocrx_word' id='word_1_182' title='bbox 633 2694 810 2750; x_wconf 87' lang='lat' dir='ltr'>videri</span> <span class='ocrx_word' id='word_1_183' title='bbox 845 2700 1022 2768; x_wconf 89' lang='lat' dir='ltr'>potest</span> <span class='ocrx_word' id='word_1_184' title='bbox 1056 2695 1177 2750; x_wconf 91' lang='lat' dir='ltr'>luce</span> <span class='ocrx_word' id='word_1_185' title='bbox 1217 2693 1526 2750; x_wconf 88' lang='lat' dir='ltr'>meridiana</span> <span class='ocrx_word' id='word_1_186' title='bbox 1563 2693 1772 2751; x_wconf 87' lang='lat' dir='ltr'>clarius</span> <span class='ocrx_word' id='word_1_187' title='bbox 1811 2696 2006 2769; x_wconf 89' lang='lat' dir='ltr'>proba-</span> 
     </span>
     <span class='ocr_line' id='line_1_27' title="bbox 115 2791 2006 2850; baseline 0 -2"><span class='ocrx_word' id='word_1_188' title='bbox 115 2799 234 2849; x_wconf 90' lang='lat' dir='ltr'>tum</span> <span class='ocrx_word' id='word_1_189' title='bbox 280 2813 308 2849; x_wconf 91' lang='lat' dir='ltr'>a</span> <span class='ocrx_word' id='word_1_190' title='bbox 350 2792 637 2848; x_wconf 86' lang='lat' dir='ltr'>Cardinale</span> <span class='ocrx_word' id='word_1_191' title='bbox 673 2791 966 2848; x_wconf 88' lang='lat' dir='ltr'>Sfondrato</span> <span class='ocrx_word' id='word_1_192' title='bbox 1003 2791 1059 2847; x_wconf 95' lang='lat' dir='ltr'>in</span> <span class='ocrx_word' id='word_1_193' title='bbox 1106 2811 1206 2847; x_wconf 91' lang='lat' dir='ltr'>sua</span> <span class='ocrx_word' id='word_1_194' title='bbox 1252 2792 1426 2849; x_wconf 78' lang='lat' dir='ltr'>Gallia</span> <span class='ocrx_word' id='word_1_195' title='bbox 1465 2793 1757 2847; x_wconf 80' lang='lat' dir='ltr'>vindicata.</span> <span class='ocrx_word' id='word_1_196' title='bbox 1804 2793 2006 2850; x_wconf 89' lang='lat' dir='ltr'>Locum</span> 
     </span>
     <span class='ocr_line' id='line_1_28' title="bbox 115 2890 2007 2964; baseline 0 -17"><span class='ocrx_word' id='word_1_197' title='bbox 115 2893 400 2948; x_wconf 88' lang='lat' dir='ltr'>dumtaxat</span> <span class='ocrx_word' id='word_1_198' title='bbox 442 2891 743 2949; x_wconf 88' lang='lat' dir='ltr'>citabimus</span> <span class='ocrx_word' id='word_1_199' title='bbox 781 2891 839 2946; x_wconf 91' lang='lat' dir='ltr'>in</span> <span class='ocrx_word' id='word_1_200' title='bbox 873 2909 984 2964; x_wconf 92' lang='lat' dir='ltr'>quo</span> <span class='ocrx_word' id='word_1_201' title='bbox 1019 2891 1279 2947; x_wconf 89' lang='lat' dir='ltr'>laudatus</span> <span class='ocrx_word' id='word_1_202' title='bbox 1314 2890 1620 2946; x_wconf 89' lang='lat' dir='ltr'>Cardinalis</span> <span class='ocrx_word' id='word_1_203' title='bbox 1657 2891 2007 2948; x_wconf 84' lang='lat' dir='ltr'>documentis</span> 
     </span>
     <span class='ocr_line' id='line_1_29' title="bbox 116 2986 2005 3062; baseline -0.001 -19"><span class='ocrx_word' id='word_1_204' title='bbox 116 2988 458 3045; x_wconf 90' lang='lat' dir='ltr'>demonstrat</span> <span class='ocrx_word' id='word_1_205' title='bbox 490 3007 598 3061; x_wconf 91' lang='lat' dir='ltr'>qua</span> <span class='ocrx_word' id='word_1_206' title='bbox 636 2988 946 3045; x_wconf 88' lang='lat' dir='ltr'>constantia</span> <span class='ocrx_word' id='word_1_207' title='bbox 973 2987 1227 3062; x_wconf 88' lang='lat' dir='ltr'>Episcopi</span> <span class='ocrx_word' id='word_1_208' title='bbox 1262 2986 1451 3043; x_wconf 85' lang='lat' dir='ltr'>Galliae</span> <span class='ocrx_word' id='word_1_209' title='bbox 1473 3005 1717 3062; x_wconf 85' lang='lat' dir='ltr'>semper,</span> <span class='ocrx_word' id='word_1_210' title='bbox 1751 2993 1877 3043; x_wconf 86' lang='lat' dir='ltr'>ante</span> <span class='ocrx_word' id='word_1_211' title='bbox 1901 2988 2005 3042; x_wconf 89' lang='lat' dir='ltr'>Lu·</span> 
     </span>
     <span class='ocr_line' id='line_1_30' title="bbox 117 3082 2001 3157; baseline -0.001 -19"><span class='ocrx_word' id='word_1_212' title='bbox 117 3083 366 3140; x_wconf 81' lang='lat' dir='ltr'>dovicum</span> <span class='ocrx_word' id='word_1_213' title='bbox 385 3085 511 3154; x_wconf 88' lang='lat' dir='ltr'>XIV,</span> <span class='ocrx_word' id='word_1_214' title='bbox 548 3085 871 3142; x_wconf 86' lang='lat' dir='ltr'>obstiterint</span> <span class='ocrx_word' id='word_1_215' title='bbox 895 3083 1215 3141; x_wconf 87' lang='lat' dir='ltr'>istiusmodi</span> <span class='ocrx_word' id='word_1_216' title='bbox 1230 3084 1376 3157; x_wconf 87' lang='lat' dir='ltr'>juris</span> <span class='ocrx_word' id='word_1_217' title='bbox 1407 3083 1633 3155; x_wconf 85' lang='lat' dir='ltr'>regaliae</span> <span class='ocrx_word' id='word_1_218' title='bbox 1672 3082 2001 3152; x_wconf 86' lang='lat' dir='ltr'>extensioni,</span> 
     </span>
     <span class='ocr_line' id='line_1_31' title="bbox 119 3178 2002 3254; baseline 0 -20"><span class='ocrx_word' id='word_1_219' title='bbox 119 3181 185 3235; x_wconf 87' lang='lat' dir='ltr'>ad</span> <span class='ocrx_word' id='word_1_220' title='bbox 214 3199 380 3253; x_wconf 88' lang='lat' dir='ltr'>quam</span> <span class='ocrx_word' id='word_1_221' title='bbox 418 3183 798 3237; x_wconf 87' lang='lat' dir='ltr'>attentandam</span> <span class='ocrx_word' id='word_1_222' title='bbox 824 3182 930 3237; x_wconf 83' lang='lat' dir='ltr'>viri</span> <span class='ocrx_word' id='word_1_223' title='bbox 961 3181 1152 3249; x_wconf 91' lang='lat' dir='ltr'>aulici,</span> <span class='ocrx_word' id='word_1_224' title='bbox 1186 3181 1663 3254; x_wconf 79' lang='lat' dir='ltr'>parlamentorum</span> <span class='ocrx_word' id='word_1_225' title='bbox 1695 3178 2002 3252; x_wconf 88' lang='lat' dir='ltr'>praesertim</span> 
     </span>
     <span class='ocr_line' id='line_1_32' title="bbox 119 3274 2000 3351; baseline -0.001 -19"><span class='ocrx_word' id='word_1_226' title='bbox 119 3277 363 3333; x_wconf 80' lang='lat' dir='ltr'>advocati</span> <span class='ocrx_word' id='word_1_227' title='bbox 399 3278 886 3351; x_wconf 87' lang='lat' dir='ltr'>magistratusque,</span> <span class='ocrx_word' id='word_1_228' title='bbox 927 3296 1114 3351; x_wconf 90' lang='lat' dir='ltr'>regem</span> <span class='ocrx_word' id='word_1_229' title='bbox 1158 3277 1442 3351; x_wconf 88' lang='lat' dir='ltr'>impellere</span> <span class='ocrx_word' id='word_1_230' title='bbox 1486 3274 1785 3330; x_wconf 89' lang='lat' dir='ltr'>identidem</span> <span class='ocrx_word' id='word_1_231' title='bbox 1834 3293 2000 3331; x_wconf 89' lang='lat' dir='ltr'>cona·</span> 
     </span>
     <span class='ocr_line' id='line_1_33' title="bbox 119 3374 340 3430; baseline 0 0"><span class='ocrx_word' id='word_1_232' title='bbox 119 3374 340 3430; x_wconf 85' lang='lat' dir='ltr'>bantur.</span> 
     </span>
    </p>

    <p class='ocr_par' dir='ltr' id='par_1_7' title="bbox 122 3469 2002 3645">
     <span class='ocr_line' id='line_1_34' title="bbox 198 3469 2002 3545; baseline 0.002 -22"><span class='ocrx_word' id='word_1_233' title='bbox 198 3493 225 3524; x_wconf 91' lang='lat'>«</span> <span class='ocrx_word' id='word_1_234' title='bbox 255 3474 407 3529; x_wconf 91' lang='lat' dir='ltr'>Anno</span> <span class='ocrx_word' id='word_1_235' title='bbox 436 3472 605 3540; x_wconf 78' lang='lat'>1274,</span> <span class='ocrx_word' id='word_1_236' title='bbox 633 3471 932 3527; x_wconf 86' lang='lat' dir='ltr'>concilium</span> <span class='ocrx_word' id='word_1_237' title='bbox 958 3470 1337 3542; x_wconf 85' lang='lat' dir='ltr'>Lugdunense‚</span> <span class='ocrx_word' id='word_1_238' title='bbox 1363 3469 1520 3540; x_wconf 87' lang='lat' dir='ltr'>cujus</span> <span class='ocrx_word' id='word_1_239' title='bbox 1543 3469 1729 3526; x_wconf 85' lang='lat' dir='ltr'>Galliae</span> <span class='ocrx_word' id='word_1_240' title='bbox 1749 3470 2002 3545; x_wconf 90' lang='lat' dir='ltr'>Episcopi</span> 
     </span>
     <span class='ocr_line' id='line_1_35' title="bbox 122 3567 2002 3645; baseline 0.001 -20"><span class='ocrx_word' id='word_1_241' title='bbox 122 3588 316 3644; x_wconf 87' lang='lat' dir='ltr'>magna</span> <span class='ocrx_word' id='word_1_242' title='bbox 354 3590 481 3645; x_wconf 89' lang='lat' dir='ltr'>pars</span> <span class='ocrx_word' id='word_1_243' title='bbox 528 3576 704 3640; x_wconf 87' lang='lat' dir='ltr'>erant,</span> <span class='ocrx_word' id='word_1_244' title='bbox 750 3569 1014 3642; x_wconf 85' lang='lat' dir='ltr'>regaliam</span> <span class='ocrx_word' id='word_1_245' title='bbox 1051 3567 1272 3624; x_wconf 86' lang='lat' dir='ltr'>extendi</span> <span class='ocrx_word' id='word_1_246' title='bbox 1313 3567 1506 3626; x_wconf 86' lang='lat' dir='ltr'>vetuit.</span> <span class='ocrx_word' id='word_1_247' title='bbox 1553 3568 1815 3641; x_wconf 90' lang='lat' dir='ltr'>Idemque</span> <span class='ocrx_word' id='word_1_248' title='bbox 1857 3569 2002 3642; x_wconf 82' lang='lat' dir='ltr'>regis</span> 
     </span>
    </p>
   </div>
  </div>
 </body>
</html>
