2262 3990
295 123 382 171 640
968 115 1263 163 TRACTATUS
1292 116 1358 163 DE
1389 117 1531 164 ΡΑΡΑ.

295 231 426 299 tuit,
469 229 545 283 ita
578 230 640 281 ut
669 223 823 296 Papa,
849 223 919 279 iis
946 223 1151 294 subsit,
1185 222 1397 296 quibus
1441 243 1472 280 a
1494 225 1714 286 Christo
1739 233 2012 304 tanquam
2038 219 2210 310 supe-v

297 328 412 383 rior
436 342 565 381 cum
588 322 754 396 plena
774 326 1052 396 potestate
1074 306 1415 398 praepositus
1437 329 1539 381 est.
1569 324 1726 390 Quod
1750 326 1799 383 si
1826 330 2211 405 exceptionem?

295 421 572 498 ejusmodi
597 423 832 496 riyorose
859 423 1083 496 probare
1109 429 1418 498 nequeant,
1457 442 1653 480 eorum
1684 425 1874 501 opinio
1907 428 2206 506 rejiciendas·

293 529 394 580 est.
2108 526 2120 536 ”

365 621 541 677 Immo
566 620 774 678 dictam
803 620 1184 695 exceptionem
1210 620 1286 678 ita
1315 621 1563 695 rigorose
1590 641 1657 679 ac
1684 625 2060 699 peremptorie
2081 645 2202 702 pro·
2227 674 2231 678 ,

292 720 422 777 bare
449 721 677 790 debent,
713 727 774 777 ut
800 720 1102 778 efficaciter
1132 720 1443 797 impediant
1469 741 1540 779 ne
1581 722 1640 778 in
1680 723 1888 780 scholis
1920 720 2218 787 catholicis!

293 819 564 876 subsistat
591 826 644 876 et
672 819 826 876 licite
861 819 1208 895 propugnari
1244 820 1422 894 possit
1449 821 1727 879 sententia
1752 821 2053 878 contraria.
2074 823 2210 883 Nam·

292 919 341 976 si
369 921 455 976 vel
494 920 759 977 notabilis
792 939 920 994 pars
964 921 1257 978 doctorum
1296 917 1702 991 catholicorum
1735 921 1803 977 de
1834 922 1977 978 sacto
2010 921 2205 983 dictam

296 1018 680 1093 exceptionem
723 1018 1004 1092 rejiciant,
1053 1020 1157 1075 hoc
1199 1018 1323 1093 ipso
1349 1018 1601 1094 exceptio
1628 1018 1724 1074 illa
1764 1000 1928 1075 certa*
1954 1036 2066 1075 non
2107 1025 2203 1093 est,

298 1117 392 1173 sed
423 1117 596 1174 dubia
638 1124 890 1174 remanet
928 1124 979 1174 et
1021 1123 1400 1174 controversa.
1441 1118 1611 1173 Porro
1645 1117 1870 1173 nullum
1900 1117 1959 1172 in
1996 1117 2207 1178 casibus

299 1218 468 1275 etiam
489 1218 951 1276 extraordinariis
976 1218 1213 1274 concilio
1235 1222 1553 1293 competere
1566 1218 1660 1291 jus
1680 1217 1738 1272 in
1756 1217 1980 1293 Papam,
2005 1217 2102 1291 qui
2126 1218 2210 1277 hic

299 1327 351 1377 et
376 1339 527 1376 nunc
545 1339 710 1376 verus
730 1321 873 1394 Papa
894 1319 987 1390 sit,
1016 1325 1097 1376 cst
1134 1321 1459 1375 communior
1487 1319 1777 1375 doctorum
1812 1307 2230 1375 catholicorum*

299 1417 597 1474 sententia.
640 1418 700 1472 ln
739 1419 843 1473 hoc
885 1418 1036 1474 enim
1081 1417 1339 1492 plerique
1381 1416 1748 1487 concordant,
1785 1415 2040 1489 quamvis
2075 1415 2218 1475 diffi-.

232 1504 238 1510 ⁶
299 1518 537 1574 cultates
592 1536 658 1573 cx
704 1518 773 1574 iis
818 1517 1285 1574 extraordinariis
1333 1516 1557 1573 casibus
1615 1516 1944 1592 desumptas
1990 1514 2235 1572 diversi-'

301 1620 465 1674 mode
492 1619 734 1677 solvant.
765 1619 900 1675 Cum
938 1637 1068 1692 ergo
1094 1638 1160 1675 ex
1186 1638 1298 1675 una
1331 1623 1488 1693 parte
1515 1619 1661 1693 Papa
1694 1635 2018 1692 supremam
2043 1615 2210 1691 juris-

295 1718 600 1775 dictionem
654 1719 935 1793 acceperit
986 1718 1361 1774 universaliter
1414 1724 1467 1774 et
1521 1718 1731 1790 absque
1783 1734 2045 1791 expressa
2103 1715 2212 1772 ulla

294 1819 871 1874 extraordinariorum
911 1830 1151 1874 casuum
1190 1817 1534 1892 exceptione,
1581 1823 1634 1872 ct
1673 1816 1902 1872 aliunde
1941 1821 2214 1891 praetensa

292 1919 388 1975 illa
412 1920 660 1992 exceptio
697 1919 765 1973 ad
786 1919 979 1974 minus
1009 1920 1164 1974 (lubia
1196 1924 1505 1990 remaneat,
1528 1917 1791 1974 standum
1821 1923 1903 1973 est
1923 1934 2022 1990 pro
2056 1933 2215 1988 supe-

291 2017 545 2073 rioritate
570 2017 727 2090 Papae
753 2034 879 2089 erga
908 2016 1237 2079 concilium,
1270 2016 1437 2071 etiam
1487 2015 1545 2070 in
1575 2016 1800 2071 casibus
1835 2013 2222 2070 extraordina-

290 2113 411 2169 riis.
436 2114 589 2169 Unde
613 2131 726 2168 non
755 2119 976 2168 tantum
1006 2130 1119 2167 non
1143 2117 1408 2168 tenentur
1434 2110 1943 2187 fideles‚-Episcopi
1979 2117 2032 2168 et
2062 2129 2239 2172 sum-·.

291 2231 415 2268 mus
447 2212 700 2267 Pontifex
727 2210 1006 2284 ejusmodi
1041 2211 1422 2286 exceptionem
1456 2229 1780 2285 agnoscere,
1819 2212 1917 2268 sed
1954 2217 2224 2268 tenentur·

291 2330 454 2386 agere
487 2312 718 2387 perinde
748 2331 811 2368 ac
839 2312 884 2368 si
914 2318 1066 2368 certo
1099 2329 1211 2367 non
1239 2311 1527 2368 existeret.

368 2412 538 2467 Plane
580 2411 863 2467 sufficeret
885 2409 1164 2483 generalis
1201 2409 1314 2466 haec
1350 2410 1681 2481 confutatiO,
1717 2411 1786 2467 ad
1825 2410 2210 2485 disjiciendum

297 2516 540 2583 systema
574 2528 684 2583 quo
718 2510 859 2584 Papa
905 2507 1142 2564 concilio
1181 2507 1240 2562 in
1274 2508 1500 2564 casibus
1543 2509 2004 2566 extraordinariis
2043 2507 2210 2583 subji-

297 2609 466 2664 citur.
527 2609 631 2665 Sed
684 2609 1065 2683 expendamus
1113 2608 1367 2682 singulos
1412 2608 1884 2665 extraordinarios
1928 2626 2120 2677 035115,
2161 2610 2210 2664 et

297 2706 513 2762 dictum
553 2714 797 2781 systema
840 2707 898 2762 in
948 2707 1275 2782 particulari
1301 2707 1486 2782 quoad
1523 2725 1994 2781 unumquemque
2023 2721 2207 2763 casum
2240 2704 2242 2706 ’

297 2805 678 2863 confutemus.
2237 2791 2239 2794 ⁸

1073 3118 1324 3180 CAPUT
1373 3120 1436 3180 II

312 3283 398 3318 ma
424 3282 578 3319 αισι]
600 3283 783 3318 Pium:
808 3283 1044 3319 Pnnvls
1069 3284 1358 3319 nonnus
1382 3284 1520 3319 oms
1545 3285 1789 3320 moxm-
1805 3285 2051 3321 nummu
2073 3256 2208 3321 nur-⁴

638 3351 703 3385 m
728 3351 854 3386 noc
879 3351 1032 3388 casu
1057 3344 1274 3387 ι’».ιιωιι
1299 3351 1589 3388 conclu«)
1612 3352 1873 3391 sumum.
2191 3334 2217 3373 -l
2245 3385 2251 3389 .

371 3486 434 3540 In
462 3487 702 3544 decretis
738 3488 1179 3547 Constantiensis
1206 3488 1431 3545 concilii
1466 3494 1582 3547 tres
1615 3496 2021 3548 enumerantur
2047 3502 2211 3555 casus>

299 3585 750 3652 extraordinarii,
793 3587 852 3643 in
884 3588 1093 3662 quibus
1119 3588 1405 3646 Romanus
1443 3589 1691 3647 Pontifex
1719 3589 1930 3665 synodo
1967 3581 2226 3663 generali.
