2306 4010
827 187 955 235 PARS
985 184 1225 233 SECUNDA.
1269 199 1278 205 ”
1880 179 1969 227 185

92 287 414 362 valuissent.
444 299 579 372 Ergo
624 311 980 369 nequaquam
1020 289 1238 348 admitti
1264 292 1440 364 potest
1484 286 1761 344 Romanos
1790 285 1971 342 Ponti-

91 398 219 456 fices
250 396 662 453 infallibitatem
696 393 803 450 sibi
836 391 976 448 falso
1012 381 1396 462 adscripsisse.
1437 384 1675 441 Aliunde
1709 401 1832 441 eam
1862 383 1970 440 sibi

93 495 543 567 adscripserunt:
566 508 694 564 ergo
732 506 854 547 eam
888 504 1077 544 revera
1097 483 1404 560 possident.

171 593 406 662 Objicies.
427 624 497 635 --
511 591 626 646 Non
649 588 839 663 probat
860 585 1007 642 dicta
1022 581 1210 657 praxis
1226 582 1602 637 Romanorum
1615 578 1966 644 Pontificum,

96 692 140 747 si
165 688 400 764 supponi
426 686 599 762 possit
622 683 862 740 Ecclesia
892 682 1020 737 ideo
1045 679 1175 735 huic
1191 678 1343 752 praxi
1368 697 1480 735 non
1506 677 1806 745 obstitisse,
1835 675 1968 750 quia

97 788 216 861 ipsa
248 803 345 859 per
376 781 852 859 supervenientem
874 794 1210 834 consensum
1237 793 1405 830 suum
1437 774 1756 830 infallibilia
1770 773 1969 842 redde-

99 884 190 939 bat
223 882 434 938 decreta
479 878 582 935 ista
612 874 891 931 Pontificia
918 895 930 927 ε
961 890 1128 948 porro
1177 872 1254 928 ita
1303 870 1544 944 supponi
1583 876 1763 944 potest
1803 887 1968 943 :ergo

99 996 207 1035 non
236 976 427 1052 probat
451 976 839 1046 argumentum
876 986 943 1025 ex
976 969 1123 1024 dicta
1156 967 1336 1042 praxi.

169 1072 467 1144 Respondeo
500 1069 555 1124 -10
589 1088 599 1120 :
630 1066 859 1124 Etiamsi
895 1065 1284 1122 admitteretur
1322 1064 1528 1120 absona
1554 1064 1670 1118 haec
1707 1065 1971 1138 hypothe-

94 1169 192 1237 siS‚
235 1167 487 1222 videlicet
521 1165 672 1238 quod
706 1164 951 1221 Ecclesia
979 1163 1356 1220 Romanorum
1384 1160 1715 1218 Pontificum
1765 1160 1967 1216 defini-

92 1264 268 1321 tiones
303 1265 370 1319 de
416 1281 472 1318 se
512 1262 836 1318 infallibiles
888 1279 1000 1317 non
1037 1259 1399 1335 reputaverit,
1428 1259 1524 1316 sed
1556 1264 1746 1314 tamen
1775 1275 1867 1313 eas
1900 1261 1963 1312 ut

91 1359 227 1414 tales
254 1359 393 1414 edici
426 1358 764 1432 permiserit,
814 1375 875 1412 eo
910 1355 1055 1430 quod
1100 1355 1421 1411 infallibiles
1468 1372 1560 1410 eas
1592 1355 1713 1428 ipsa
1764 1354 1971 1409 faceret

94 1474 257 1512 suum
290 1456 778 1530 superadducendo
818 1470 1173 1520 consensum,
1210 1452 1391 1508 adhuc
1429 1459 1759 1523 sequeretur
1786 1450 1969 1506 Eccle-

97 1550 231 1606 siam
268 1552 675 1624 praevaricatam
715 1551 915 1607 fuisse.
952 1551 1086 1606 Nam
1116 1567 1306 1605 verum
1349 1555 1665 1604 remaneret
1691 1548 1975 1603 Romanos

95 1647 379 1711 Pontifices
403 1648 651 1703 omnium
673 1647 1043 1703 obedientiam
1067 1654 1119 1703 et
1149 1663 1483 1702 consensum
1498 1647 1834 1718 praecepisse,
1860 1661 1974 1699 non

95 1751 280 1799 autem
307 1763 514 1816 rogasse
555 1753 650 1802 aut
693 1754 996 1818 eaepectasse
1019 1767 1034 1797 .·
1060 1762 1152 1800 eos
1188 1762 1386 1818 nempe
1413 1744 1676 1815 exegisse·
1698 1742 1803 1797 sub
1847 1758 1977 1798 ana-

36 1898 38 1901 ,
90 1839 350 1907 themate,
374 1848 434 1895 ut
468 1842 872 1914 unusquisque,
908 1842 1094 1896 statim
1134 1847 1186 1897 et
1214 1841 1533 1896 nullatenus
1559 1845 1849 1913 expectato
1880 1856 1972 1912 ge-

90 1935 262 1991 nerali
294 1936 531 1991 alimum
567 1955 863 2006 consensu,
915 1937 1078 1994 dictis
1126 1936 1361 1993 decretis
1396 1936 1699 1992 Pontificiis
1758 1936 1974 1992 sincera

88 2030 191 2087 fide
216 2032 535 2089 adhaereret.
586 2034 752 2090 Porro
796 2036 898 2090 hoc
938 2034 1122 2108 ipsum
1156 2034 1298 2090 foret
1342 2052 1598 2090 summus
1630 2051 1789 2090 error
1829 2033 1975 2089 circa

92 2124 276 2196 fidem,
310 2128 480 2184 immo
529 2130 674 2185 circa
730 2130 1034 2204 ipsummet
1072 2130 1198 2186 fidei
1255 2131 1710 2186 fundamentum.
1759 2130 1974 2186 Funda-

96 2224 395 2278 mentalem
437 2231 620 2280 autem
662 2226 979 2280 istiusmodi
1021 2243 1271 2281 errorem
1318 2226 1560 2281 Ecclesia
1590 2244 1702 2280 non
1735 2226 1973 2299 impedi-

97 2316 288 2383 visset,
338 2320 431 2373 sed
461 2319 622 2391 plane
669 2321 1030 2392 permisisset.
1069 2322 1204 2375 Nam
1249 2320 1724 2394 superaddidisset
1754 2321 1977 2392 quidem

100 2430 263 2467 suum
294 2414 453 2469 dictis
482 2415 784 2471 pontificiis
817 2418 1048 2473 decretis
1093 2434 1431 2472 consensum
1460 2442 1469 2483 ;
1515 2418 1618 2473 sed.
1664 2418 1977 2474 consentire

99 2506 469 2564 Romanorum
500 2511 826 2567 Pontificum
861 2512 1126 2582 decretis,
1161 2530 1271 2568 non
1308 2519 1390 2568 est
1441 2513 1748 2569 reclamare
1780 2519 1973 2568 contra

98 2612 416 2678 usurpatam
439 2623 666 2663 erronee
698 2626 727 2663 a
752 2609 1014 2664 Romanis
1037 2609 1398 2666 Pontificibus
1424 2610 1804 2665 infallibitatis
1831 2628 1970 2683 prae-

92 2703 414 2775 rogativam,
454 2722 564 2759 non
597 2711 680 2761 est
710 2723 955 2762 errorem
990 2708 1160 2763 istum
1213 2708 1606 2780 gravissimum
1644 2709 1711 2764 de
1737 2709 1878 2782 Papa
1911 2709 1968 2765 in

90 2796 390 2853 definienda
418 2799 522 2855 fide
553 2799 833 2856 infallibili
863 2819 1123 2875 respuere
1154 2820 1217 2858 ac
1250 2804 1559 2877 profligare.
1597 2804 1831 2861 Proinde
1849 2823 1971 2878 per-

92 2892 328 2949 misisset
361 2893 596 2951 Ecclesia
633 2897 1021 2969 gravissimum
1071 2898 1314 2955 diffundi
1364 2900 1622 2973 errorem}
1656 2919 1754 2974 per
1798 2907 1971 2956 totam

93 2988 415 3045 saeculorum
450 2992 670 3062 seriem,
705 2999 759 3050 et
805 2994 1028 3067 quidem
1080 2995 1148 3050 ab
1187 2995 1306 3070 ipso
1340 3013 1441 3051 suo
1471 2996 1672 3070 capite,
1720 2997 1969 3051 Romano

90 3083 363 3144 Pontificc.
398 3087 524 3151 Quae
550 3108 678 3147 sane
728 3091 901 3166 ipsius
931 3093 1124 3166 agendi
1158 3093 1304 3149 ratio
1337 3112 1435 3168 pro
1463 3094 1679 3148 enormi
1710 3092 1970 3166 praevari-

91 3185 303 3242 catione
324 3187 568 3244 habenda
597 3189 758 3247 foret.
786 3190 925 3263 Ergo
961 3191 1287 3266 hypothesis
1304 3191 1556 3246 Ecclesiae
1586 3207 1751 3245 suum
1780 3190 1970 3246 decre-

91 3281 161 3336 tis
203 3283 500 3339 Pontificiis
539 3302 828 3343 assensum
869 3288 1320 3361 superaddentis‚
1365 3294 1416 3342 et
1453 3286 1532 3341 sic
1561 3302 1623 3340 ea
1652 3285 1964 3343 infallibilia

90 3377 387 3450 reddentis,
427 3397 774 3454 nequaquam
826 3383 1058 3456 impedit
1097 3383 1234 3455 quin
1278 3387 1668 3453 argumentum
1716 3400 1780 3439 ex
1822 3382 1964 3440 dicta

91 3472 243 3547 praxi
270 3473 568 3531 deductum
598 3477 818 3551 plenam
849 3478 961 3532 vim
992 3479 1213 3533 habeat.

168 3570 466 3644 Respondeo
495 3575 549 3630 2⁰
575 3595 586 3627 :
613 3575 767 3631 Falsa
809 3592 1039 3646 prorsus
1085 3581 1169 3630 est
1206 3579 1258 3629 et
1295 3574 1593 3647 rejicienda
1623 3577 1767 3634 dicta
1792 3578 1963 3655 hypo-
