2262 3990
692 182 698 186 -
794 145 917 194 PARS
945 144 1180 194 SECUNDA.
1840 142 1926 190 401

61 278 227 338 quam
266 257 567 331 genuinum
610 254 900 329 probatur,
934 252 1032 310 sed
1068 248 1406 308 censendum
1434 254 1514 306 est
1545 265 1575 304 a
1598 247 1920 319 DonatistiS,

61 363 221 436 prout
267 355 372 411 alia
408 350 680 427 ejusmodi
715 351 1069 420 documenta,
1116 347 1437 406 confictum.

137 453 266 511 Vlll.
301 452 379 507 De
411 449 630 524 epistola
653 447 909 521 Cypriani
935 447 1004 502 ad
1040 445 1332 518 Maqnum¹.

138 550 376 626 Epistola
407 548 529 616 ista,
557 550 748 620 utpote
771 543 1007 615 Cornelii
1038 543 1194 618 Papae
1218 541 1547 617 martyrium
1586 558 1925 599 commemo-

66 666 218 719 rans,
267 643 502 719 supponi
543 641 705 698 debet
743 645 865 714 post
913 638 1067 694 illius
1112 637 1388 695 Pontificis
1441 637 1657 698 obitum
1701 639 1927 715 scripta.

68 748 238 802 lmmo
261 749 477 801 exarata
502 739 608 795 dici
649 735 866 794 deberet
890 740 1011 809 post
1031 740 1275 791 exortam
1313 734 1655 808 Stephanum
1690 736 1837 793 inter
1868 743 1921 794 et

66 843 395 917 Cyprianum
425 833 852 900 contentionem,
900 836 955 886 et
1003 835 1127 904 post
1167 829 1434 901 rejectum
1469 848 1499 885 a
1524 830 1791 906 Cypriano
1820 833 1933 890 Ste-

67 939 235 1013 phani
272 938 575 994 decretum.
613 930 700 985 Sic
733 929 881 985 enim
919 928 975 982 in
1013 929 1131 1000 ejus
1173 926 1394 982 exordio
1438 928 1645 999 legitur
1676 951 1687 982 :
1725 931 1925 988 Consu-

66 1036 275 1090 luisti...
309 1050 372 1087 au
414 1032 548 1085 inter
576 1034 789 1083 caeteros
821 1026 1090 1080 haereticos
1133 1041 1220 1079 eos
1255 1041 1455 1096 qaoque
1482 1027 1567 1096 qai
1589 1044 1620 1080 a
1643 1026 1933 1086 Novatiano

63 1131 273 1186 veniunt
309 1134 427 1200 post
465 1126 751 1199 profanum
798 1124 907 1195 ejus
938 1122 1220 1192 lavacrum,
1240 1123 1496 1193 baptizari
1526 1129 1577 1177 et
1604 1127 1929 1196 saviolificari

64 1229 117 1282 in
144 1225 371 1281 Ecclesia
406 1223 650 1279 catholica
683 1222 904 1293 Ieyitimo
927 1227 977 1276 et
1001 1237 1119 1275 vero
1143 1226 1193 1274 et
1213 1222 1368 1274 unico
1403 1219 1650 1276 Ecclesiae
1673 1222 1926 1294 baptismo

64 1328 318 1396 oporteat.
354 1321 499 1376 llanc
537 1318 747 1375 scilicet
778 1316 1160 1373 difficultatem
1214 1335 1242 1371 a
1278 1315 1546 1390 Cypriano
1580 1316 1716 1372 solvi
1759 1317 1946 1392 cupie-

65 1419 157 1474 bat
194 1419 418 1490 Magnus
458 1438 468 1469 :
503 1418 586 1473 An
616 1419 749 1471 inter
782 1422 997 1470 caeteros
1023 1414 1292 1469 haereticos
1319 1413 1708 1487 rebaptizandi
1747 1433 1945 1488 quoque

68 1516 243 1571 forent
267 1513 568 1569 Novatiani.
599 1512 726 1576 Quae
752 1511 914 1569 verba
944 1516 1266 1585 supponunt
1293 1510 1558 1583 agitatam
1586 1510 1759 1567 fuisse
1783 1512 1936 1586 prius

65 1611 421 1685 quaestioncm
459 1609 763 1682 generatim
806 1607 985 1682 quoad
1019 1607 1325 1678 haereticos,
1354 1614 1406 1663 et
1431 1607 1627 1663 vicisse
1656 1608 1713 1663 in
1741 1608 1924 1664 Africa

64 1707 311 1782 Cypriani
355 1706 685 1762 sententiam
733 1704 800 1761 de
842 1705 1091 1760 iterando
1133 1704 1269 1778 ipsis
1304 1704 1605 1778 baptismo,
1636 1703 1785 1760 Unde
1831 1722 1944 1760 non

71 1806 247 1879 prima
293 1806 406 1860 haec
446 1803 700 1879 Cypriani
744 1803 845 1858 hac
887 1803 952 1858 de
984 1818 1045 1856 re
1087 1801 1342 1874 epistola,
1403 1808 1466 1857 ut
1505 1807 1776 1875 putarunt
1811 1819 1946 1858 non-

68 1901 245 1970 nulli,
311 1902 405 1956 scd
441 1900 638 1955 ultima
700 1899 885 1974 potius
929 1897 1200 1954 censenda
1252 1896 1419 1952 foret.
1471 1895 1679 1961 Quibus
1735 1917 1946 1972 praeno-

72 2001 199 2056 tatis
248 1999 496 2073 spuriam
561 1997 800 2053 dicimus
857 1995 1011 2051 illam
1057 1994 1352 2069 epistolam
1409 1996 1478 2051 ob
1518 2003 1810 2069 sequentes
1855 2015 1942 2054 ra-

74 2095 280 2151 tiones:

147 2192 202 2245 1.
240 2191 466 2246 Fraudis
510 2190 883 2263 suspicionem
926 2195 1104 2244 movet
1148 2188 1294 2261 quod
1325 2194 1516 2243 auctor
1553 2188 1801 2262 epistolae
1827 2196 1939 2246 tam

77 2284 231 2341 enixe
256 2285 470 2340 studeat
495 2285 875 2340 schismaticos
898 2284 1223 2339 Novatianos
1260 2282 1642 2338 demonstrare
1674 2291 1839 2357 atque
1878 2288 1945 2342 ab

77 2380 315 2437 Ecclesia
347 2381 646 2453 sejunctos,
674 2380 913 2447 Etenim,
935 2386 995 2435 ut
1023 2380 1232 2436 dictum
1259 2387 1363 2447 est,
1387 2380 1754 2453 postCornelii
1780 2383 1936 2457 Papae

78 2477 287 2534 obitum
323 2478 526 2552 scripta
558 2478 788 2551 epistola
825 2476 1185 2550 supponitur,
1205 2494 1289 2532 ·eo
1315 2476 1524 2532 scilicet
1550 2483 1797 2551 tempore
1830 2497 1940 2551 quo

70 2573 186 2646 jam
218 2574 462 2630 damnati
499 2574 720 2630 fucrant
765 2574 1072 2642 Novatiani,
1109 2573 1183 2629 ita
1223 2579 1287 2628 ut
1315 2573 1549 2647 publicae
1596 2575 1944 2633 notorictatis

76 2676 216 2726 esset
239 2687 431 2726 eorum
476 2670 543 2725 ab
573 2669 809 2726 Ecclesia
835 2669 1127 2743 separatio.
1164 2667 1340 2740 Igitur
1368 2668 1516 2740 quod
1542 2668 1825 2725 Novatiani
1853 2690 1939 2728 es-

79 2772 199 2822 sent
239 2767 572 2824 schismatici
603 2773 655 2823 et
695 2773 845 2823 extra
886 2765 1184 2822 Ecclesiam
1227 2765 1414 2840 positi,
1464 2766 1619 2822 nulla
1674 2774 1818 2824 tunc·
1855 2770 1947 2827 de·

83 2864 475 2919 monstratione
520 2864 819 2936 indigebat.
854 2863 1089 2919 Proinde
1136 2863 1407 2938 Cypriano
1433 2863 1799 2920 adscribenda
1831 2884 1943 2920 non

81 2964 161 3014 est
187 2958 439 3030 epistola,
466 2960 733 3032 ejusmodi
760 2979 1216 3034 supervacaneam
1247 2959 1780 3016 demonstrationem
1814 2980 1943 3018 con-

84 3054 563 3110 tinens.Caeterum
579 3055 624 3110 si
645 3057 958 3112 conferatur
980 3075 1107 3111 cum
1131 3057 1352 3129 superio
1364 3056 1519 3110 ribus
1548 3055 1781 3128 epistola
1808 3059 1942 3130 llaec,

84 3150 331 3222 ejusdem
367 3168 591 3223 prorsus
617 3152 866 3224 originis,
898 3159 1063 3224 atque
1096 3160 1158 3208 ut
1188 3154 1263 3208 ita
1292 3154 1500 3221 dicam,
1529 3152 1760 3209 officinae
1784 3155 1946 3215 facile

86 3247 450 3320 reputabitur.
490 3246 638 3303 Idem
677 3248 872 3321 stylus,
907 3257 1231 3321 argumenta
1258 3250 1475 3318 eadem,
1529 3256 1581 3304 et
1623 3250 1830 3325 ubique
1858 3273 1942 3312 re-

86 3360 315 3400 currens
378 3342 686 3415 cxemplum
738 3342 871 3398 Core
894 3386 910 3413 ,
968 3343 1177 3399 Datlian
1232 3350 1286 3399 et
1354 3345 1579 3400 Abiron.
1628 3346 1763 3404 Cum
1814 3369 1943 3428 ergo

142 3539 191 3591 (1)
227 3536 408 3579 liabetur
428 3537 473 3577 in
499 3536 735 3589 Patroloaia
761 3534 912 3588 Miqne,
936 3541 1044 3579 tomo
1067 3538 1138 3587 ΙΙΙ,
1163 3537 1239 3579 col.
1267 3536 1381 3579 1157,

322 3636 364 3665 n.
1650 3625 1705 3674 26
