2306 4010
808 205 930 252 PARS
959 198 1209 257 SECUNDA(
1664 218 1666 220 ’
1864 207 1951 253 265

70 328 283 390 serunt,
316 320 386 375 ita
429 319 683 373 hortante
709 313 953 384 generali
998 312 1285 389 superiore
1319 331 1422 368 suo
1458 312 1684 369 domino
1727 312 1947 392 Emery,

67 421 315 492 regulam
366 418 503 472 sorte
549 410 634 467 bic
673 409 840 465 etiam
900 411 1234 485 applicante,
1282 412 1420 485 quod
1461 409 1594 482 vult,
1638 412 1774 484 quod
1802 412 1950 485 jubet

71 519 375 591 Episcopus.
414 513 474 569 lli
502 511 610 566 duo
641 513 824 563 tamen
854 509 1117 580 praesules
1141 527 1432 583 nunquam
1476 509 1950 566 excommunicati

69 620 220 671 sunt.

141 711 259 775 Quo
298 711 620 784 praenotato,
659 700 1038 775 Sulpitianum
1082 703 1453 776 professorem
1494 707 1561 764 de
1601 725 1701 763 sua
1736 707 1948 780 regula,

68 810 204 883 quod
229 807 336 865 vult
373 812 423 862 et
453 803 592 876 jubet
624 797 931 871 Episcopum,
967 798 1043 854 ita
1064 800 1357 872 postulabo
1386 822 1396 853 :
1441 821 1716 876 ponamus
1743 811 1795 860 te
1826 822 1953 878 pro-

68 908 328 964 fessorem
362 917 517 974 agere
557 896 614 952 in
653 894 950 951 seminario
986 895 1223 968 alicujus
1264 897 1516 972 Episcopi
1559 901 1655 972 qui
1695 902 1855 958 docet
1894 909 1948 958 et
1990 943 1997 949 -

67 1003 247 1061 doceri
283 1020 312 1058 a
357 1006 409 1055 te
435 995 587 1070 jubet
627 993 937 1049 doctrinam
980 1011 1268 1048 erroneam
1313 1000 1366 1049 et
1395 1014 1424 1049 a
1468 995 1605 1050 Sede
1649 984 1980 1070 apostolica*

67 1099 422 1174 reprobatam,
451 1109 730 1166 quamque
762 1098 822 1147 tu
848 1091 965 1166 ipse
993 1092 1162 1148 talem
1188 1093 1334 1149 nosti
1364 1100 1416 1148 et
1442 1094 1752 1150 existimas.
1776 1096 1942 1165 Quid,

59 1210 173 1263 01⁸0,
214 1193 453 1250 facturus
488 1189 579 1245 es‘?
620 1189 920 1263 Episcopus
955 1189 1048 1246 illc
1083 1190 1336 1246 nondum
1370 1197 1452 1246 est
1488 1193 1940 1248 excommunica-

55 1298 179 1348 tus:
214 1291 326 1345 imo
364 1288 676 1362 elapsurum
705 1293 786 1343 est
821 1286 1154 1342 decennium
1188 1294 1284 1344 aut
1324 1288 1491 1358 ultra,
1538 1289 1676 1361 quin
1707 1290 1822 1345 ulla
1850 1309 1939 1346 ex-

56 1371 474 1446 communicatio
516 1385 574 1440 in
603 1403 732 1440 cum
761 1385 1116 1441 fulminetur.
1149 1386 1324 1442 Habes
1363 1386 1572 1443 interea
1602 1388 1931 1463 Episcopum

59 1505 183 1542 cum
212 1486 343 1542 Sede
359 1483 651 1559 apostolica
680 1485 1135 1540 communionem
1167 1485 1523 1541 retinentem.
1550 1487 1628 1547 An
1658 1493 1777 1543 tuta
1805 1507 1935 1545 con-

61 1581 283 1638 scientia
318 1588 368 1637 te
395 1579 548 1652 sequi
591 1584 751 1652 ‘posse
788 1579 1076 1636 existimas
1114 1581 1364 1653 regulam
1401 1588 1575 1651 tuam,
1621 1585 1758 1654 qnod
1786 1586 1933 1655 jubet

59 1678 359 1751 Episcopus?
396 1676 545 1741 Quod
587 1677 631 1730 si
669 1676 916 1748 regulam
961 1684 1115 1732 tuam
1160 1677 1550 1751 interpreteris
1585 1678 1654 1734 dc
1691 1679 1759 1734 iis
1797 1681 1930 1735 solis

56 1760 469 1848 Episcopis‘qui,
506 1793 614 1830 non
655 1782 871 1830 tantum
906 1775 1353 1831 communionem
1406 1776 1610 1831 habent
1647 1787 1775 1832 c'um
1823 1778 1927 1833 Ro-

52 1887 206 1926 mana
235 1869 385 1940 Sede,
421 1872 516 1927 scd
543 1872 772 1947 insuper
807 1891 916 1927 non
951 1872 1113 1928 aliam
1143 1891 1308 1945 quam
1336 1891 1528 1928 sanam
1558 1880 1606 1929 et
1638 1876 1705 1930 ab
1732 1876 1923 1932 cadem

44 1968 341 2042 Apostolica
366 1969 498 2025 Sede
524 1971 814 2044 probatam
846 1971 1155 2027 doctrinam
1188 1971 1414 2027 tradunt
1446 1980 1498 2028 ct
1528 1974 1670 2028 tradi
1699 1974 1921 2047 jubent,

46 2065 143 2121 hoc
165 2066 386 2138 quidem
413 2085 581 2124 sensu
607 2069 752 2124 dicta
783 2069 968 2140 regula
1002 2069 1240 2125 innocua
1267 2078 1371 2143 cst,
1404 2072 1497 2127 scd
1525 2072 1689 2145 plane
1714 2074 1922 2130 lusoria

41 2180 101 2218 ac
140 2163 374 2221 inutilis.
420 2166 632 2222 Recidit
674 2168 822 2223 enim
867 2168 923 2222 in
974 2169 1180 2224 istam:
1244 2168 1392 2235 Quod
1427 2171 1574 2241 jubet
1612 2172 1917 2246 Episcopus,

39 2259 307 2315 ‹lumniodo
337 2280 442 2316 uon
458 2264 633 2333 jubeat
670 2264 808 2317 tradi
848 2264 1143 2317 doctrina-m
1179 2282 1420 2335 pravam,
1464 2283 1761 2336 erroneam,
1803 2278 1853 2323 et
1892 2288 1921 2323 ιι

12 2354 166 2415 'Sede
186 2361 474 2432 apostoliea
515 2363 860 2434 reprobatam.
890 2362 1112 2425 Quoties
1142 2379 1343 2435 nempe
1380 2362 1628 2434 aliquam
1657 2364 1756 2419 tibi
1793 2366 1918 2420 doc-

34 2457 232 2513 trinam
273 2459 591 2514 tradendam
619 2460 866 2533 praecipit
907 2460 1228 2534 Episcopus,
1268 2461 1498 2533 obsequi
1544 2462 1727 2518 licebit
1767 2465 1812 2518 si
1842 2465 1916 2521 sit

37 2552 218 2611 licita:
265 2557 310 2610 si
348 2575 530 2631 prava,
578 2557 998 2617 valedicendum
1046 2565 1156 2613 tuae
1187 2558 1407 2630 regulae.
1445 2555 1496 2614 Si
1536 2562 1787 2633 regulam
1834 2562 1917 2616 in-

56 2649 242 2724 elligas
271 2656 454 2728 (prout
491 2654 644 2709 obvio
678 2672 844 2709 sensu
873 2661 1049 2718 sonat)
1089 2654 1156 2716 de
1186 2655 1431 2728 qualibet
1462 2655 1714 2712 doctrina
1746 2677 1913 2731 quam

55 2748 349 2804 radendam
390 2752 722 2826 praeciperet,
747 2753 1068 2827 Episcopus,
1112 2759 1244 2809 tunc
1287 2754 1529 2828 profecto
1573 2755 1762 2827 regula
1800 2758 1913 2812 haec

41 2844 268 2900 ‘chisma
304 2849 549 2904 recondit
579 2858 631 2906 et
659 2851 935 2906 haeresim.
978 2835 1280 2924 AEquivalet
1315 2853 1463 2908 enim
1498 2853 1630 2908 huic
1657 2855 1911 2927 proposi-

56 2938 199 2992 ioni:
234 2941 392 2997 Licite
414 2945 596 3001 docere
619 2964 830 3018 possum
861 2950 1154 3004 doctrinam
1178 2968 1209 3004 a
1237 2949 1371 3005 Sede
1401 2951 1696 3022 apostoliea
1727 2969 1911 3021 repro-

63 3044 223 3102 atam,
252 3055 538 3109 erroneam,
569 3044 970 3115 schismaticam,
997 3046 1319 3116 haereticam,
1348 3047 1628 3101 dummodo
1655 3048 1710 3100 id
1730 3047 1911 3117 jubeat

76 3135 314 3206 piscopus
339 3137 564 3191 nondum
589 3145 1075 3198 excommunicatus.

106 3229 175 3284 Ex
194 3230 301 3285 alio
332 3230 701 3305 ctiamcapite
731 3237 892 3309 plane
917 3247 1258 3311 perspectam
1293 3242 1496 3295 habere
1522 3246 1676 3313 potes
1700 3241 1906 3313 regulae

54 3342 158 3394 uae,
210 3325 498 3396 posteriori
538 3343 703 3381 sensu
755 3329 1067 3401 intellectae,
1115 3334 1410 3388 salsitatem
1453 3352 1514 3389 ac
1549 3336 1898 3422 pravitatem.

63 3440 293 3478 onamus
334 3431 384 3478 te
418 3423 484 3478 de
528 3423 593 3478 iis
623 3442 742 3479 esse
780 3424 1106 3499 Sulpitianis
1136 3431 1579 3503 professoribus,
1617 3435 1709 3507 qui
1737 3436 1901 3492 Galli-

56 3538 214 3575 anam
240 3521 306 3575 dc
327 3521 658 3576 fallibilitate
682 3522 834 3596 Papae
860 3524 1173 3597 opinionem
1215 3536 1364 3585 certo
1395 3530 1628 3589 illicitam
1665 3539 1716 3590 et
1748 3553 1897 3591 erro-

42 3636 182 3675 ieam
220 3620 557 3682 existimant;
602 3622 798 3694 jubere
838 3629 1019 3677 autem
1069 3624 1395 3701 Episcopum
1439 3635 1496 3685 ut
1537 3648 1659 3689 eam
1703 3635 1893 3692 tradas
