2306 4010
851 189 978 235 PARS
1009 187 1247 235 SECUNDA.
1936 184 1991 230 57

117 304 309 365 turos3
350 313 454 353 nec
480 302 666 372 posset
696 297 848 353 ullus
874 297 1159 374 licentiam
1191 301 1287 352 aut
1321 293 1673 352 doctoratum
1701 290 1992 365 consequi,

118 394 225 451 nisi
256 395 505 452 eamdem
537 396 847 451 doctrinam
883 390 1305 470 propugnasset.

191 493 407 566 Objicies
432 513 562 550 cum
596 494 878 551 Bossuetio
913 499 966 549 et
996 493 1350 565 sequacibus.
1380 526 1455 534 —-
1480 492 1752 548 Errarunt
1799 489 1992 545 subse-

116 589 231 645 cuti
274 590 504 646 Romani
545 590 834 646 Pontifices
881 594 933 643 et
978 589 1221 660 theologi
1270 589 1468 659 exteri,
1505 585 1875 644 existimando
1900 603 1991 640 vo-

113 685 287 743 luisse
308 693 637 742 conventum
665 686 828 741 edere
853 685 1062 739 decreta
1093 701 1191 739 seu
1215 686 1543 756 definitiones
1566 684 1774 758 quibus
1808 682 1992 738 adhae-

115 800 239 840 rere
269 782 511 855 tanquam
538 784 662 854 fidei
697 782 936 837 articulis
971 780 1160 836 fideles
1203 787 1550 837 tenerentur.
1598 783 1706 838 Hoc
1754 800 1866 837 non
1907 798 1998 835 vo-

119 883 223 938 luit
253 886 575 948 conventuS,
607 880 704 935 sed
746 885 964 935 tantum
996 897 1269 953 exponere
1298 879 1612 935 doctrinam
1640 880 1790 953 apud
1816 878 2000 935 Gallos

119 985 412 1053 receptam.
660 1036 664 1042 ,

191 1076 492 1148 Respondeo
522 1097 538 1128 .·
565 1077 619 1132 1⁰
645 1075 865 1131 Falsum
899 1082 982 1132 est
1006 1076 1290 1132 Romanos
1314 1075 1607 1131 Pontifices
1637 1082 1691 1131 et
1724 1075 2009 1147 theologos

117 1180 334 1230 exteros
374 1175 556 1246 quoad
602 1174 970 1230 intentionem
1024 1158 1339 1254 conventus
1397 1191 1637 1229 errasse.
1701 1173 2010 1228 Conventui

116 1291 314 1346 nempe
333 1291 442 1327 non
464 1272 930 1346 exprobraverunt
957 1275 1103 1345 quod
1119 1274 1355 1330 voluerit
1381 1271 1772 1346 fideiarticulos
1799 1272 2004 1345 quibus

118 1370 465 1424 conscientiae
492 1357 799 1443 ligarentur
831 1371 1144 1427 decernere.
1169 1372 1271 1428 Sed
1290 1373 1338 1426 ei
1363 1371 1834 1443 exprobraverunt
1859 1368 2007 1440 quod

118 1485 248 1521 suos
280 1473 520 1538 quatuor
551 1468 814 1523 articulos
849 1469 1085 1523 voluerit
1117 1469 1174 1522 in
1212 1468 1400 1524 Galliis
1437 1468 1512 1523 ita
1555 1467 1742 1522 doceri
1791 1485 1853 1520 ac
1882 1483 2006 1539 pro-

120 1563 351 1634 pugnari
394 1569 457 1617 ut
493 1563 829 1618 contrariam
871 1564 1183 1618 doctrinam
1221 1564 1541 1619 nullatenus
1570 1565 1684 1636 jam
1718 1563 1913 1617 docere
1943 1579 2005 1616 ac

125 1677 477 1733 propugnare
507 1659 718 1716 liceret.
753 1660 916 1715 Porro
947 1661 1002 1715 id
1041 1678 1231 1716 revera
1256 1661 1431 1716 voluit
1459 1666 1783 1714 conventus,
1818 1657 2004 1712 Voluit

122 1755 269 1810 enim
296 1756 444 1826 quod
471 1755 598 1810 fecit
624 1778 634 1808 ε
662 1774 826 1829 porro
859 1756 969 1810 duo
1002 1758 1116 1811 haec
1144 1756 1398 1829 praestitit
1431 1777 1440 1808 ε
1474 1761 1716 1827 quatuor
1740 1754 2003 1809 articulos

122 1868 281 1905 suain
312 1852 607 1907 declaravit
634 1852 965 1922 doctrinam,
996 1859 1049 1908 et
1075 1854 1321 1908 edictum
1353 1853 1574 1925 regium
1602 1852 1904 1926 postulavit
1944 1870 2006 1907 ac

123 1947 384 2016 obtinuit,
414 1967 522 2021 quo
547 1949 893 2022 prohibitum
917 1957 998 2005 est
1027 1968 1095 2005 ne
1123 1950 1227 2006 alia
1259 1950 1317 2004 in
1343 1949 1534 2005 Galliis
1570 1949 1819 2005 doctrina
1848 1949 2007 2004 doce-

122 2052 276 2100 retur
308 2063 368 2101 ac
408 2054 875 2119 propugnaretur.
921 2047 1029 2102 Hoc
1082 2065 1248 2103 sensu
1297 2049 1630 2119 obliqatorios
1663 2047 1832 2102 voluit
1879 2065 2008 2101 suos

125 2149 366 2214 quatuor
395 2145 659 2200 articulos
686 2168 697 2211 ;
732 2153 784 2200 et
819 2146 921 2202 hoc
953 2165 1119 2203 sensu
1146 2154 1415 2219 tanquam
1463 2148 1803 2219 obligatorios
1835 2146 2010 2200 editos

126 2259 155 2295 a
180 2247 449 2295 conventu
478 2242 650 2298 fuisse
676 2250 1007 2316 reputarunt
1024 2245 1255 2300 Romani
1281 2245 1568 2300 Pontifices
1588 2253 1638 2300 et
1667 2245 1838 2299 exteri
1863 2246 2011 2298 theo-

125 2339 256 2409 logi.
296 2337 447 2398 Quod
481 2345 664 2392 autern
694 2341 985 2394 conventui
1013 2340 1381 2395 intentionem
1434 2360 1663 2397 erronee
1702 2343 2006 2415 adscripse-

127 2435 237 2489 rint
285 2435 534 2489 artirnlos
560 2437 680 2505 fidei
712 2437 934 2509 proprie
980 2438 1155 2493 dictos
1185 2438 1480 2507 condendi,
1518 2446 1599 2493 est
1629 2438 1868 2510 gratuita
1908 2439 2007 2493 fal-

127 2550 298 2603 saque
351 2532 602 2601 assertiO,
662 2533 1139 2605 vanissimumque
1164 2534 1479 2605 effugium,
1538 2537 1602 2589 ad
1664 2536 2007 2590 excusandas

126 2628 502 2684 excusationes
542 2628 598 2682 in
643 2629 880 2702 peccatis
927 2630 1321 2702 excogitatum.
1351 2665 1426 2670 —
1451 2634 1505 2687 2⁰
1542 2631 1767 2686 Falsum
1798 2639 1880 2686 est
1921 2650 2007 2686 vo-

124 2725 295 2780 luisse
335 2726 621 2781 dumtaxat
665 2733 1022 2796 conventum,
1066 2728 1212 2801 apud
1256 2728 1438 2783 Gallos
1480 2735 1761 2803 receptam
1802 2729 2006 2784 doctri—

127 2842 255 2877 nam
279 2841 567 2895 exponere.
596 2823 732 2878 Nam
758 2826 860 2878 hac
888 2825 1230 2898 expositione
1255 2833 1551 2881 contentus
1588 2844 1700 2880 non
1735 2826 1839 2881 suit
1865 2850 1873 2891 3
1914 2827 2007 2881 sed

128 2921 425 2992 postulavit
451 2922 600 2992 regio
633 2922 809 2976 edicto
841 2922 1153 2977 doctrinam
1192 2924 1334 2978 hanc
1369 2924 1673 2979 docendam
1699 2930 1750 2978 et
1777 2942 2011 2997 propug-

128 2998 364 3071 nandam
402 3018 637 3090 injungi,
672 3037 733 3073 ac
769 3019 1106 3074 contrariam
1138 3021 1440 3093 prohiberi.
1488 3021 1626 3076 Sane
1661 3021 1708 3075 si
1748 3020 2012 3075 voluisset

129 3120 431 3168 conventus
487 3132 646 3168 suam
704 3115 996 3171 dumtaxat
1042 3117 1363 3190 opinionem
1422 3137 1700 3192 promere,
1750 3118 2013 3172 articulos

126 3209 337 3264 edendo
376 3228 487 3263 non
535 3213 866 3282 postulasset
919 3215 1134 3269 brachii
1167 3216 1449 3271 saecularis
1481 3215 1753 3270 auxilium
1792 3220 1854 3268 ut
1880 3233 2008 3270 con-

125 3307 293 3361 traria
322 3306 570 3362 doctrina
591 3307 777 3363 doceri
805 3329 870 3366 ae
897 3313 1236 3385 propugnari
1262 3313 1366 3367 sub
1386 3312 1563 3385 poenis
1590 3311 1998 3384 prohiberetur.

200 3404 254 3457 2⁰
302 3403 583 3476 Ejusmodi
626 3406 822 3475 agendi
868 3408 1010 3463 ratio
1050 3415 1353 3463 conventus
1395 3408 1528 3462 anni
1566 3409 1708 3464 1682
1751 3410 2005 3483 tyrannis

126 3498 232 3553 fuit
260 3517 322 3553 ac
355 3500 686 3574 persecutio,
718 3533 786 3540 —
811 3502 1024 3557 Etenim
1054 3503 1281 3558 cuilibet
1319 3504 1377 3557 in
1422 3504 1711 3578 Galliajus
1737 3514 2006 3579 compete-

130 3595 221 3650 bat
255 3603 494 3668 quatuor
534 3597 898 3652 articulorum
933 3598 1246 3654 doctrinam
1282 3601 1519 3656 habendi
1549 3620 1649 3675 pro
1688 3620 1918 3658 erronea
1950 3609 2001 3657 et
