2262 3990
1407 44 1422 72 Ι

157 139 214 186 08
313 104 318 113 ’
404 135 408 140 ·
584 134 736 182 mnnx
765 133 934 182 suxrA
964 133 1308 181 marsanam
1336 133 1584 184 onumen.

283 239 586 285 Documentum
624 237 696 279 IX.
733 259 788 283 —‚—
826 236 1043 291 ScriPtum
1080 237 1370 291 procuratoris
1397 237 1614 292 generalis
1649 240 1702 283 de
1738 241 1915 299 Hal-lay,

336 313 496 351 testans
529 306 734 359 ipsosmet
769 305 971 348 Praelatos
1006 306 1082 360 qui
1113 311 1298 360 quatuor
1334 307 1527 349 articulis
1549 308 1905 364 subscripserant,

336 375 605 419 contrarium
630 375 815 418 libenter
837 376 1043 426 dicturos,
1074 376 1111 418 si
1137 376 1217 418 hoc
1241 375 1345 429 ipsis
1363 389 1442 431 per
1458 376 1617 430 Regem
1642 377 1850 423 licuisset.
1891 411 1904 423 .

281 447 587 488 Documentum
613 445 666 487 X.
701 467 757 476 —
787 444 1125 499 Manuscriptum
1150 445 1336 488 Histoire
1356 445 1416 488 du
1438 446 1667 489 seminaire
1687 447 1907 504 d’Anqers,

335 518 500 556 testans
530 513 688 556 multos
713 513 937 567 Episcopos
962 519 1193 556 conventus
1225 514 1327 556 anni
1356 513 1464 556 1682
1483 515 1758 558 vehementer
1780 516 1916 571 paeni·

331 583 484 636 tuisse,
501 583 614 636 quod
637 586 825 636 quatuor
849 581 1042 624 articulis
1060 582 1415 636 subscripsissent
1425 613 1906 632 ..........

279 654 583 696 Documentum
606 653 681 695 XI.
701 675 755 685 —
783 643 1039 705 Excerptum
1065 664 1115 694 ex
1149 663 1280 707 opere
1315 652 1535 694 Memoires
1559 653 1613 694 de
1638 653 1806 704 Ledieu,
1835 655 1913 698 ubi

333 724 524 765 refertur
558 721 764 764 Bossuetii
802 720 1095 764 testimonium
1122 721 1174 763 de
1201 720 1312 763 veris
1351 721 1593 764 auctoribus
1615 723 1912 767 declarationis

332 797 519 846 quatuor
559 791 858 842 articulorum,
892 795 935 833 et
967 791 1019 832 de
1051 790 1292 833 servilismo
1316 789 1630 845 Archiepiscopi
1664 791 1914 836 Parisiensis

333 863 387 905 de
406 863 555 915 Harlay
565 890 1901 909 ..........................

276 936 581 976 Documentum
603 932 700 975 XII.
716 953 771 962 —
795 931 976 984 Epistola
1009 931 1197 973 ministri
1219 932 1274 974 Le
1291 932 1458 980 Tellier‚
1489 935 1648 973 testans
1670 944 1782 974 anno
1811 930 1912 974 1680

329 1015 355 1044 a
380 1003 493 1056 Rege
518 1007 560 1042 et
592 999 803 1042 ministris
839 999 1125 1041 deliberatum
1154 999 1289 1042 fuisse
1323 998 1376 1040 de
1403 997 1604 1040 facienda
1633 998 1688 1039 ad
1712 997 1911 1041 futurum

220 1127 222 1129 ‚
330 1069 561 1113 concilium
590 1068 876 1121 appellatione
887 1100 1902 1113 ....................

275 1143 577 1184 Documentum
595 1139 712 1180 XIII.
728 1159 783 1167 —
802 1137 985 1190 Epistola
1008 1137 1196 1178 ministri
1220 1138 1273 1178 Le
1292 1137 1444 1179 Tellier
1464 1137 1518 1178 ad
1539 1138 1731 1191 prImum
1756 1137 1912 1179 Praesi-

330 1209 427 1250 dem
471 1205 730 1248 Parlamenti
771 1204 974 1254 Tolosam,
1012 1205 1168 1258 Jubens
1202 1209 1252 1245 ut
1288 1205 1608 1246 Parlamentum
1631 1205 1677 1246 in
1699 1204 1909 1246 vicarium

329 1277 610 1330 capitularem
627 1274 921 1327 Apamiensem
940 1274 1082 1316 Cerles
1105 1274 1310 1315 decernat
1330 1285 1500 1326 poenam
1519 1274 1877 1327 quammaximam
1897 1289 1906 1316 ε

331 1348 375 1388 la
397 1346 498 1400 plus
520 1345 684 1399 qrande
710 1348 751 1386 et
770 1343 876 1398 plus
899 1347 1042 1385 severe
1060 1343 1191 1398 peine
1212 1343 1317 1397 qu'z'l
1342 1356 1388 1384 se
1410 1356 1579 1398 pourra
1589 1376 1901 1388 .......

273 1418 577 1458 Documentum
608 1414 713 1458 XIV.
753 1438 807 1446 —
835 1415 1084 1467 Excerptum
1109 1426 1159 1455 ex
1185 1425 1313 1466 opere
1337 1413 1555 1455 Me'moires
1580 1412 1633 1454 de
1654 1412 1903 1468 Couanes,

325 1483 515 1524 reserens
537 1483 761 1524 Alexandri
786 1483 910 1535 Papae
938 1483 1027 1523 VIII
1048 1483 1189 1535 verba,
1217 1483 1267 1524 de
1293 1483 1459 1536 abjecto
1486 1482 1792 1536 Episcoporum
1819 1482 1910 1524 Gal-

326 1552 396 1594 liae
419 1564 519 1604 erga
535 1551 791 1593 Ludovicum
811 1551 896 1592 XIV
914 1552 1151 1593 servilismo
1161 1583 1903 1597 ...............

279 1622 578 1663 Documentum
618 1620 702 1661 XV.
742 1643 795 1650 —
834 1619 1087 1672 Excerptum
1120 1633 1143 1662 e
1173 1620 1331 1674 scripto
1357 1619 1538 1662 Journal
1564 1618 1766 1663 d'Olz'vier
1789 1619 1909 1662 d'Or-

326 1703 514 1742 nausson,
535 1690 726 1731 referens
750 1694 971 1731 tentamen
995 1690 1187 1731 ministri
1215 1690 1383 1732 Colbert
1405 1689 1699 1743 restringendi
1727 1689 1908 1743 religio-

328 1772 474 1802 sorum
506 1765 615 1810 vota,
648 1771 814 1800 necnon
842 1758 922 1799 alIa
956 1758 1235 1801 infensissimi
1263 1758 1309 1799 in
1341 1759 1484 1801 sedem
1511 1759 1746 1800 Romanam
1773 1756 1908 1798 animi
1975 1770 1978 1772 ’

328 1841 449 1881 signa
460 1857 1901 1873 ............................

272 1900 575 1940 Documentum
602 1898 710 1939 XVI.
730 1921 782 1928 -
811 1898 1015 1950 Excerpta
1034 1910 1056 1939 e
1076 1897 1294 1938 nonnullis
1319 1896 1557 1939 Innocentii
1580 1895 1706 1950 Papae
1730 1895 1783 1936 XI
1811 1895 1910 1936 Bre-

328 1965 452 2007 vibus
461 1993 1902 2011 ............................

275 2036 580 2077 Documentum
603 2034 732 2075 XVII.
765 2056 820 2063 ——
848 2034 1038 2085 Analysis
1070 2034 1260 2086 epistolae
1289 2039 1521 2076 conventus
1554 2034 1657 2075 cleri
1690 2032 1904 2085 gallicani,

331 2103 417 2144 diei
439 2102 463 2142 5
484 2103 698 2143 februarii
721 2101 827 2141 1682
837 2131 1903 2147 .....................

272 2174 577 2214 Documentum
601 2170 751 2211 XVIII.
771 2192 824 2199 —
841 2170 973 2210 Breve
992 2171 1192 2212 Paternae
1216 2171 1436 2219 charitati,
1456 2171 1525 2211 die
1546 2170 1597 2211 11
1618 2169 1767 2223 aprilis
1780 2167 1903 2219 1682,

329 2241 381 2282 ad
405 2244 663 2282 conventum
691 2239 798 2280 cleri
824 2238 1038 2290 gallicani,
1059 2239 1110 2279 ab
1128 2238 1374 2280 Innocentio
1400 2239 1508 2291 Papa
1534 2239 1588 2279 XI
1611 2238 1848 2290 directum.
1889 2270 1899 2282 .

273 2312 578 2353 Documentum
609 2309 723 2350 XIX.
747 2331 801 2338 —
828 2309 1007 2362 Epistola
1030 2308 1299 2362 responsoria
1331 2309 1385 2350 ad
1412 2310 1546 2351 Breve
1571 2310 1770 2350 Pater-nte
1790 2308 1907 2348 >cha-

330 2379 467 2431 rituti,
496 2391 581 2431 qua
605 2377 795 2431 Episcopi
822 2377 1095 2418 comitiorum
1130 2377 1232 2418 anni
1266 2376 1369 2418 1682
1399 2376 1716 2418 schismaticam
1744 2374 1909 2417 doctri-

330 2461 429 2490 nam
452 2447 721 2500 profitentur,
752 2457 970 2498 quamque
985 2446 1067 2486 Rex
1089 2445 1227 2486 noluit
1252 2444 1303 2486 ad
1319 2444 1568 2487 Pontificem
1591 2444 1729 2486 mitti.
1746 2480 1755 2489 .
1783 2475 1794 2486 .
1837 2476 1847 2486 .
1889 2474 1899 2484 .

275 2520 579 2562 Documentum
618 2517 708 2557 XX.
749 2538 803 2545 —
853 2513 962 2561 Quid
1003 2514 1198 2564 senserit,
1230 2513 1330 2555 licet
1368 2526 1391 2555 e
1425 2514 1733 2567 protestantica
1775 2516 1905 2564 secta,

332 2583 499 2625 Leibniz
509 2611 1900 2626 ...........................

280 2655 583 2696 Documentum
620 2652 731 2694 XXI.
769 2674 822 2680 —-
849 2649 1154 2691 Testimonium
1181 2649 1397 2691 Fenelonii
1407 2679 1900 2694 ..........

275 2725 578 2765 Documentum
609 2722 743 2762 XXII.
770 2743 822 2750 -
846 2718 1151 2760 Testimonium
1179 2717 1393 2772 Davrigny
1403 2748 1898 2763 ..........

278 2793 580 2834 Documentum
599 2790 756 2832 XXIII.
774 2811 828 2819 -—
847 2788 1016 2830 Testans
1038 2789 1327 2830 servilismum
1348 2787 1557 2830 Bossuetii
1573 2799 1678 2840 erga
1693 2785 1910 2828 Parisien-

334 2873 424 2903 sem
450 2860 679 2913 praesulem
701 2859 752 2900 de
780 2859 948 2910 11ar1ay,
972 2869 1100 2911 quem
1125 2857 1303 2909 dignum
1327 2855 1623 2909 pronuntiavit
1643 2855 1822 2897 Bossuet
1841 2855 1912 2898 cui

330 2931 590 2979 conseratur,
621 2928 731 2970 sicut
749 2928 992 2981 perillustri
1023 2926 1136 2976 Osio,
1158 2926 1355 2968 Praesidis
1372 2925 1649 2969 conciliorum
1669 2925 1844 2968 tituluS.
1889 2960 1900 2970 .

223 3001 248 3054 g
273 3000 312 3042 2.
339 3022 388 3028 —-
414 2998 491 3046 Qui
511 2999 564 3039 ad
587 2996 758 3039 comitia
784 2991 890 3038 cleri
916 3007 1029 3037 anno
1057 2995 1161 3036 1682
1182 3006 1434 3046 convenere,
1454 3006 1542 3036 non
1566 2994 1702 3036 libere
1728 3005 1753 3034 a
1778 2993 1904 3044 clero,

275 3068 347 3109 sed
366 3067 491 3121 jussu
515 3066 640 3119 Regis
666 3065 791 3107 electi
817 3070 938 3115 sunt;
966 3065 1027 3106 ita
1048 3070 1097 3106 ut
1121 3069 1352 3106 conventus
1378 3063 1476 3112 iste,
1501 3062 1660 3105 nedum
1688 3062 1905 3104 nationale

274 3136 502 3179 concilium
526 3134 915 3189 repraesentaverit,
943 3146 998 3174 ne
1028 3146 1152 3175 verus
1176 3133 1351 3186 quidem
1371 3132 1504 3173 fuerit
1520 3131 1625 3173 cleri
1641 3134 1894 3172 conventus.

220 3209 245 3261 g
275 3208 314 3248 5.
343 3230 395 3237 —
418 3206 610 3259 Episcopi
625 3210 667 3247 et
684 3204 753 3246 alii
768 3205 926 3256 quibus
942 3203 1149 3244 conflatus
1175 3206 1238 3243 est
1262 3206 1493 3244 conventus
1515 3201 1616 3242 anni
1643 3199 1764 3248 1682,
1784 3199 1836 3240 ab
1860 3209 1909 3240 eo

274 3275 401 3318 variis
421 3287 471 3316 ex
490 3275 699 3328 capitibus
711 3273 875 3315 excludi
894 3272 1166 3321 debuissent;
1192 3271 1250 3312 ita
1275 3276 1327 3312 ut
1350 3282 1500 3312 eorum
1519 3268 1750 3311 auctoritas
1779 3267 1902 3310 nihili

273 3345 461 3386 facienda
479 3344 534 3385 sit
543 3363 1900 3386 ..........................

272 3411 306 3451 Ι.
335 3410 482 3451 Causae
505 3408 761 3451 exclusionis
780 3408 1002 3462 generales
1019 3420 1096 3450 seu
1115 3407 1311 3449 omnibus
1333 3418 1582 3449 communes
1591 3435 1902 3448 .......

271 3479 325 3519 11.
357 3479 499 3521 Causae
531 3477 786 3520 exclusionis
812 3476 1095 3530 particulares
1105 3505 1898 3522 ................

220 3544 301 3597 ἓ4.
325 3569 379 3576 -
403 3549 452 3589 In
477 3546 659 3600 RegaIIae
686 3546 858 3598 negotio
880 3544 1066 3587 enormis
1096 3556 1145 3586 ac
1174 3544 1400 3587 manifesta
1424 3543 1508 3586 fuit
1536 3543 1776 3585 Praesulum
1805 3552 1905 3583 con-

272 3619 428 3656 ventus
450 3617 550 3657 anni
573 3614 680 3657 1682
699 3613 997 3669 praevaricatio
1001 3640 1895 3659 ..................

1989 380 2038 426 17

1989 587 2070 630 18.

1989 864 2040 907 19

1990 1067 2043 1110 19

1988 1343 2040 1386 19

1989 1821 2038 1864 21

1991 1961 2042 2003 22

1991 2098 2042 2140 25

1987 2234 2041 2277 26

1986 2439 2038 2482 52

1986 2564 2113 2620 56’

1986 2646 2037 2688 57

1986 2715 2038 2759 58

1989 2924 2039 2966 58

1983 3125 2035 3170 59

1984 3310 2117 3375 45”

1986 3399 2116 3442 45·

1985 3468 2038 3510 45

1982 3605 2110 3647 47·
