2262 3990
134 205 175 224 ⁶·
842 185 973 233 PARS
999 183 1198 232 ΤΕΒΤΙΔ.
1868 179 1956 227 665

91 294 319 363 retineri
368 292 710 351 Pontificiam
753 290 1231 365 jurisdictionem,
1283 293 1394 344 non
1442 285 1697 344 obstante
1744 283 1955 359 privata

91 392 268 468 ipsius
307 390 522 447 haeresi.

168 489 366 555 Quanu
397 503 676 543 sermm.
705 518 776 528 —
811 482 1079 544 Generalis
1114 482 1344 556 synodus
1372 479 1517 537 nullo
1556 480 1709 536 modo
1751 480 1958 551 efficere

87 595 259 663 potest
290 593 345 641 ut
370 585 518 657 Papa
538 585 808 639 haereticus
841 583 906 656 (si
934 580 1052 637 talis
1075 580 1189 635 dari
1213 595 1436 651 unquam
1466 578 1652 651 possit)
1683 575 1960 648 Pontificia

88 684 452 757 jurisdictione
483 683 736 755 privetur.
765 712 834 721 —
858 678 1013 734 Hisce
1046 676 1341 733 momentis
1366 675 1597 731 nititur:
1629 674 1683 730 1⁰
1717 673 1961 729 Pontifex

95 798 207 837 non
232 779 526 855 deponitur
551 778 670 852 ipso
698 776 840 833 facto
866 792 963 850 per
988 774 1256 847 privatam
1283 771 1537 828 haeresim
1556 774 1595 842 ¹,
1624 771 1692 827 ob
1721 770 1962 826 rationes

96 894 262 951 supra
294 875 555 931 deductas
581 877 771 930 contra
795 871 1073 927 secundam
1100 868 1449 924 sententiam.
1477 898 1545 909 -—-
1564 868 1620 923 2⁰
1641 867 1839 939 Nequit
1872 883 1962 939 ge-

97 973 302 1029 neralis
331 970 593 1046 synoduS,
636 984 732 1043 per
757 965 1035 1041 propriam
1061 983 1217 1020 suam
1243 963 1626 1020 auctoritatem
1661 981 1758 1019 seu
1792 963 1963 1037 juris-

95 1068 393 1123 dictionem
421 1082 588 1139 supra
610 1064 832 1137 Papam,
862 1062 1022 1117 illum
1050 1062 1337 1135 deponere.
1366 1060 1524 1130 Nam,
1557 1079 1621 1115 ex
1652 1059 1960 1134 hypothesi,

95 1163 221 1220 licet
255 1162 564 1230 haereticus,
603 1160 783 1215 adhuc
815 1165 895 1215 est
934 1177 1191 1215 summus
1225 1157 1487 1222 Pontifex,
1531 1175 1849 1231 supremam
1882 1173 1965 1212 re-

95 1259 276 1315 tinens
312 1258 719 1326 auctoritatem,
763 1257 852 1312 cui
886 1262 997 1313 tota
1036 1255 1292 1322 Ecclesia,
1337 1272 1398 1310 ac
1443 1254 1560 1328 ipsa
1599 1254 1764 1309 etiam
1802 1270 1965 1325 gene-

99 1354 229 1410 ralis
268 1355 526 1429 synoduS,
562 1353 876 1426 subjicitur.
916 1352 1144 1408 Inferior
1181 1357 1363 1406 autem
1403 1350 1593 1422 nequit
1623 1349 1966 1423 superiorem

99 1470 264 1507 suum
289 1452 537 1524 judicare
566 1470 626 1507 ac
655 1451 946 1525 deponere.
971 1483 1038 1491 —
1066 1450 1119 1504 5⁰
1152 1450 1259 1504 Nec
1293 1454 1470 1522 potest
1500 1447 1774 1519 generalis
1808 1465 1967 1521 syno-

100 1546 228 1615 duS,
258 1547 584 1603 declarando
612 1547 812 1621 Papam
843 1565 962 1602 esse
989 1545 1331 1613 haereticum,
1362 1544 1578 1599 efficere
1610 1550 1671 1598 ut
1700 1562 1727 1597 a
1759 1542 1968 1598 Christo

100 1642 218 1714 ipso
251 1643 581 1715 deponatur.
621 1643 757 1698 Nam
790 1647 850 1698 ut
887 1642 997 1698 vim
1042 1642 1262 1697 haberet
1291 1641 1417 1697 talis
1448 1641 1712 1714 depositio
1749 1640 1969 1696 deberet

99 1755 220 1793 esse
250 1745 417 1805 certa;
451 1739 506 1793 id
546 1745 646 1803 est,
686 1745 900 1794 certum
925 1756 1044 1794 esse
1078 1738 1318 1805 deberet,
1357 1737 1533 1810 posita
1572 1736 1715 1792 dicta
1749 1736 1968 1791 concilii

97 1834 485 1900 declaratione,
546 1836 730 1893 statim
785 1836 983 1909 Papam
1029 1835 1306 1890 Pontitieia
1357 1834 1624 1906 dignitate
1687 1852 1716 1888 a
1758 1834 1968 1888 Christo

95 1930 319 2004 privari.
351 1933 516 1987 Porro
539 1932 592 1986 id
623 1951 732 1987 non
763 1939 847 1988 est
877 1933 1086 2004 dogma,
1120 1950 1219 1986 nec
1249 1932 1381 2003 quid
1420 1938 1653 1996 certum,
1695 1933 1787 1987 sed
1817 1951 1968 1988 mera

94 2026 297 2100 opini0.
339 2027 530 2100 Igitur,
573 2046 699 2083 cum
735 2028 982 2084 Pontifex
1019 2034 1143 2084 ante
1174 2028 1327 2083 illam
1369 2028 1686 2101 synodalem
1726 2030 1967 2085 declara-

94 2123 296 2179 tionem
333 2124 512 2180 adhuc
546 2131 816 2198 potestate
846 2144 944 2182 sua
979 2126 1241 2194 potiatur,
1279 2143 1378 2181 nec
1410 2144 1471 2180 ea
1516 2126 1807 2199 spoliatuS,
1845 2133 1969 2199 post

94 2217 514 2275 declarationem
540 2227 684 2276 certo
711 2222 995 2294 probetur,
1025 2221 1082 2274 in
1110 2221 1265 2293 praxi
1293 2220 1520 2293 perinde
1545 2227 1626 2275 est
1657 2239 1718 2275 ac
1746 2221 1791 2275 si
1820 2228 1969 2276 certo

97 2331 217 2369 cam
245 2314 421 2370 adhuc
444 2315 799 2371 retineret.—
821 2317 1009 2371 4⁰I1no
1029 2334 1139 2370 non
1159 2316 1338 2389 potuit
1362 2316 1636 2383 Christus,
1659 2335 1758 2389 pro
1784 2317 1969 2372 divina

98 2409 370 2482 sapientia
413 2427 533 2477 sua,
576 2410 678 2465 hoc
715 2411 876 2466 modo
912 2412 1111 2484 Papam
1150 2411 1470 2466 haereticum
1503 2411 1798 2486 deponere.
1834 2412 1967 2467 Nam

91 2513 154 2561 ut
201 2507 470 2578 generalis
515 2507 753 2581 synodus
795 2515 976 2583 posset
1025 2508 1281 2565 devenire
1330 2510 1395 2564 ad
1441 2510 1772 2565 sententiam
1815 2509 1967 2564 illam

85 2601 324 2673 juridice
382 2603 684 2675 prolatam,
747 2622 853 2676 qua
896 2605 1214 2661 Pontificem
1274 2606 1592 2662 haereticum
1643 2606 1965 2676 declararet,

89 2696 351 2753 deberent
394 2698 648 2773 Episcopi
681 2700 940 2756 resistere
969 2702 1142 2776 Papae,
1183 2703 1308 2758 talis
1340 2703 1559 2758 concilii
1594 2703 1969 2775 congregatio-

87 2811 218 2848 nem
250 2796 584 2866 prohibenti;
628 2797 683 2851 id
711 2804 819 2867 est,
865 2798 1086 2854 deberet
1118 2800 1427 2873 praecedere
1460 2801 1719 2855 schisma.
1751 2800 1791 2853 li
1824 2799 1968 2853 seili-

88 2894 171 2943 cet
192 2888 439 2963 Episcopi
469 2892 585 2965 qui,
616 2892 788 2949 invito
825 2913 886 2949 ac
910 2895 1232 2968 prohibente
1258 2897 1419 2969 Papa,
1448 2896 1813 2950 nihilominus
1839 2894 1965 2950 talis

86 2983 306 3038 concilii
334 2984 756 3043 celebrationem
794 3007 1088 3062 procurare
1122 2997 1419 3060 tentarent,
1461 2990 1830 3045 obedientiam
1857 2991 1960 3045 hoc

89 3077 207 3152 ipso
241 3079 572 3151 denegarent
610 3082 880 3153 Pontifici,
927 3085 1104 3142 adhuc
1142 3087 1360 3160 plenam
1405 3085 1689 3158 regiminis
1727 3091 1962 3159 potesta-

89 3181 199 3229 tem
244 3176 527 3231 retinenti.
571 3178 644 3232 Ex
687 3197 791 3251 qua
833 3179 1149 3237 inferiorem
1187 3184 1241 3237 in
1273 3183 1615 3257 superiorem
1669 3201 1834 3238 suum
1879 3183 1961 3237 in-

89 3272 453 3340 surrectione,
495 3275 687 3346 ingcns
726 3276 965 3332 oriretur
996 3279 1318 3334 scandalum
1363 3298 1424 3334 ac
1470 3280 1825 3353 perturbatio.
1856 3280 1961 3337 Nec

90 3374 330 3423 cessaret
364 3370 598 3441 malum,
630 3372 846 3428 etiamsi
883 3374 1124 3430 deveniri
1158 3382 1340 3449 posset
1374 3377 1440 3439 ad
1476 3376 1679 3431 dictam
1725 3377 1957 3450 synoda·

139 3522 155 3549 ¹
184 3523 238 3564 De
258 3535 339 3576 qua
358 3526 438 3566 sola
455 3526 522 3567 hie
545 3527 685 3579 agitur
707 3541 715 3568 z
740 3539 838 3569 nam
861 3529 1082 3571 haereticus
1106 3543 1196 3573 esse
1220 3533 1362 3585 nequit
1382 3538 1577 3586 tanquam
1600 3533 1797 3584 Pontifex,
1817 3533 1858 3575 id
1876 3539 1953 3583 est,

85 3590 252 3641 quando
269 3591 393 3632 tidem
414 3593 525 3634 docet
548 3599 588 3635 et
610 3595 752 3635 definit
776 3607 822 3636 ex
843 3597 993 3647 officio,
1016 3610 1103 3650 seu,
1126 3604 1170 3640 ut
1194 3599 1361 3649 dicitur,
1387 3614 1438 3640 ex
1462 3600 1676 3645 cathedra.
