2262 3990
826 145 955 195 PARS
985 141 1224 192 SECUNDA.
1874 135 1964 184 599

92 260 492 343 persecutionis
518 257 851 335 perieulum.
887 253 994 310 Ista
1020 268 1152 309 sane
1174 246 1465 306 obstabant
1499 261 1570 302 ne
1614 260 1818 318 magno
1846 243 1958 300 sal-

92 369 203 421 tem
227 376 462 417 numero
501 354 753 431 Episcopi
788 350 1028 409 Africani
1075 346 1454 405 con-venirent.
1501 340 1846 418 supponitur
1883 346 1963 398 ta-

92 476 222 516 men
253 474 447 515 eorum
488 458 661 511 coetus
694 449 984 508 insolitum
1020 444 1298 519 octoginta
1333 446 1543 516 septem
1566 439 1958 514 Episcoporum

93 571 394 612 numerum
428 550 693 624 attigisse.
726 546 827 613 Qui
853 542 1120 621 praesules
1146 560 1176 600 e
1212 540 1349 598 locis
1372 538 1532 596 valde
1561 537 1793 603 dissitis,
1821 542 1874 594 et
1900 555 1967 594 ex

95 651 296 727 triplici
323 648 628 727 provincia,
662 643 976 711 Numidica,
1004 638 1364 697 Mauritanica
1397 644 1451 694 et
1479 636 1842 712 Tripolitana,
1877 652 1965 691 ae-

92 747 408 818 cessissent,
439 744 548 801 -sub
577 742 743 798 finem
775 736 1020 810 augusti,
1049 735 1271 808 quando
1299 734 1507 790 scilicet
1529 732 1755 790 maximi
1782 731 1960 788 solent

92 850 259 900 aestus
287 842 345 898 in
370 839 551 896 Africa
589 834 866 892 desaevire.
895 831 1183 888 Stantibus
1210 847 1376 903 porro
1411 829 1565 884 hisce
1601 829 1967 885 circumstan-

92 940 207 1011 tiis,
234 936 532 996 verisimile
558 950 667 989 non
705 936 786 988 est
817 935 897 986 tot
921 928 1221 1003 Episcopos
1247 926 1579 999 Carthagine
1617 928 1962 984 convenisse.

162 1032 540 1108 Suspicionem
570 1027 737 1085 etiam
774 1032 954 1082 movet
981 1025 1129 1099 quod
1159 1023 1217 1079 in
1249 1023 1386 1079 actis
1411 1022 1594 1079 desint
1624 1024 1851 1080 nomina
1868 1042 1969 1080 no-

89 1149 209 1189 vem
236 1130 632 1203 Episcoporum
658 1123 950 1196 Numidiae,
976 1141 1099 1197 quae
1131 1129 1318 1178 tamen
1346 1121 1707 1195 reperiuntur
1732 1122 1790 1176 in
1818 1123 1964 1196 epis-

85 1227 194 1286 tola
243 1225 501 1302 synodica
544 1242 711 1297 quam
757 1221 949 1297 paucis
1003 1227 1163 1276 antea
1213 1219 1498 1276 mensibus
1544 1218 1613 1275 ad
1670 1219 1965 1293 Episcopos

86 1323 357 1379 Numidiae
397 1321 701 1400 Cyprianus
744 1320 1040 1387 direxerat,
1075 1317 1364 1373 videlicet:
1394 1316 1714 1385 Antoniani,
1754 1317 1964 1387 Ciltini,

86 1419 418 1487 Eutichiani,
466 1417 691 1490 Gargilii
746 1416 973 1490 majoris
1024 1420 1077 1471 et
1112 1414 1366 1481 minoriS,
1414 1413 1673 1483 Modiani,
1715 1414 1962 1485 Maximi,

88 1517 345 1590 Nampuli
386 1524 438 1572 et
464 1515 699 1572 Proculi.
729 1514 926 1570 Nullus
967 1531 1031 1569 ex
1066 1513 1190 1569 istis
1217 1511 1452 1568 coneilio
1484 1511 1762 1583 interfuit,
1801 1519 1854 1569 et
1878 1513 1968 1568 vix

90 1614 324 1688 supponi
349 1619 528 1688 potest
553 1631 644 1669 eos
670 1629 862 1668 omnes
907 1612 1122 1667 tantulo
1159 1610 1453 1667 intervallo
1484 1615 1736 1666 mortuos
1764 1611 1959 1675 fuisse,

91 1717 186 1767 aut
216 1710 411 1766 morbo
433 1715 735 1783 correptos,
1271 1695 1275 1698 ⁴

163 1807 218 1863 5⁰
243 1806 579 1862 Celebrando
602 1805 732 1860 huic
749 1804 980 1860 concilio
1006 1821 1116 1859 non
1139 1803 1244 1859 alia
1262 1808 1438 1877 potest
1465 1801 1738 1874 assignari
1758 1819 1949 1870 eausa,

90 1919 189 1960 nec
217 1903 286 1959 de
310 1903 453 1959 facto
487 1902 803 1975 assignatur
829 1903 896 1957 ab
925 1902 993 1957 iis
1023 1901 1118 1974 qui
1155 1918 1253 1974 pro
1283 1900 1524 1973 genuino
1553 1899 1695 1955 illud
1735 1900 1963 1970 habent,

89 2018 255 2074 quam
284 2006 345 2057 ut
378 2001 700 2076 Cyprianus,
737 2000 956 2056 decreto
990 1999 1252 2074 Stephani
1277 1999 1433 2073 Papae
1470 1998 1728 2054 resistere
1751 1999 1965 2068 volen'S,

88 2096 146 2152 id
173 2104 456 2171 perageret
481 2098 893 2154 obsecundante
931 2097 1330 2152 numerosioris
1379 2096 1573 2169 synodi
1613 2096 1963 2152 auctoritate.

93 2193 227 2248 Nam
259 2195 327 2250 de
355 2194 473 2267 ipsa
515 2196 815 2266 quaestione
859 2194 995 2265 quid
1048 2194 1392 2248 unanimiter
1423 2194 1690 2248 sentirent
1719 2194 1962 2249 Africani

98 2288 370 2362 Episcopi,
399 2292 511 2363 jam
538 2291 710 2345 semel
739 2295 792 2344 et
822 2290 1048 2356 iterum,
1079 2289 1132 2342 id
1165 2295 1268 2356 est,
1303 2290 1360 2343 in
1394 2289 1613 2344 duabus
1652 2291 1965 2362 praeceden-

100 2384 249 2440 tibus
275 2386 517 2459 synodis,
554 2386 948 2459 patefecerant,
994 2404 1055 2440 ac
1094 2385 1162 2441 de
1207 2404 1304 2441 sua
1336 2387 1614 2442 sententia
1646 2388 1848 2444 litteris
1880 2407 1967 2463 sy-

99 2480 312 2536 nodicis
346 2481 634 2536 certiorem
670 2481 788 2537 fieri
818 2483 1128 2537 Romanum
1165 2483 1481 2539 Pontificem
1511 2492 1966 2558 procuraverant.

96 2575 265 2649 Igitur
290 2577 357 2632 ad
394 2578 494 2632 hoe
525 2579 754 2634 tertium
791 2579 1089 2635 concilium
1125 2580 1244 2636 ideo
1274 2582 1450 2637 vocati
1478 2588 1610 2638 sunt
1636 2589 1686 2639 et
1710 2583 1970 2656 frequen-

96 2673 294 2731 tissimi
330 2683 702 2747 accesserunt,
745 2685 804 2734 ut
849 2678 1111 2753 Stephani
1138 2679 1291 2754 Papae
1323 2681 1608 2738 decretum
1631 2682 1848 2739 fortiter
1879 2702 1970 2758 op-

99 2779 426 2842 pugnarent.
457 2773 573 2827 Jam
619 2791 745 2829 vero
785 2775 1014 2848 si-hunc
1053 2775 1109 2830 in
1142 2775 1309 2832 finem
1354 2785 1540 2834 coacta
1571 2785 1652 2835 est
1699 2781 1965 2854 synoduS,

100 2865 287 2920 debuit
326 2873 437 2923 tota
479 2871 595 2940 ejus
620 2870 943 2946 disceptatio
974 2873 1119 2928 circa
1144 2873 1293 2930 istud
1318 2876 1550 2930 Romani
1576 2877 1855 2930 Pontifieis
1884 2876 1972 2931 de-

97 2965 309 3015 cretum
342 2964 564 3017 versari.
605 2965 869 3022 Deberent
915 2968 1150 3040 proinde
1175 2977 1315 3038 acta,
1344 2971 1580 3042 singulis
1623 2971 1735 3025 sere
1781 2970 1966 3039 lineiS,

98 3054 300 3111 decreti
340 3056 581 3128 ejusdem
630 3062 987 3132 mentionem,
1016 3064 1492 3138 impugnationem
1530 3085 1601 3121 ac¹
1640 3066 1970 3121 confutatio·

102 3170 227 3209 nem
262 3153 538 3210 exhibere.
573 3156 736 3212 Porro
773 3177 843 3214 ne
870 3160 1077 3234 syllaba
1110 3162 1335 3233 quidem
1369 3169 1739 3219 memoratum
1778 3163 1857 3218 ibi
1884 3182 1967 3220 re-

98 3248 273 3322 peries
314 3249 652 3323 Stephanum
680 3252 877 3326 Papam
904 3254 1085 3326 ejusve
1107 3255 1414 3327 deeretum,
1438 3259 1694 3330 quamvis
1716 3261 1782 3315 87
1811 3260 1965 3336 Epis-

98 3344 221 3419 copi
259 3363 416 3399 suam
450 3346 680 3401 seorsim
711 3347 914 3420 singuli
955 3353 1285 3408 sententiam
1311 3360 1594 3428 promant.
1629 3356 1966 3415 Exhibentur

100 3438 230 3495 dicti
264 3441 480 3496 concilii
521 3443 704 3498 Patres
739 3444 899 3515 quasi
926 3446 1107 3501 adhuc
1134 3450 1492 3519 quaestionem
1520 3452 1587 3508 de
1628 3454 1960 3529 baptismate

99 3538 470 3612 expenderent
497 3539 778 3613 :Superest
819 3549 876 3597 ut
910 3543 973 3598 de
1006 3542 1099 3600 hac
1132 3547 1244 3618 ipsa
1282 3565 1341 3603 re
1381 3549 1603 3625 (nempe
1628 3570 1697 3608 an
1722 3554 1963 3630 rebapti-
