2306 4010
502 266 507 272 ,
765 202 892 248 tuns
923 199 1158 249 SECUNDA.
1810 194 1896 242 517

30 324 169 391 fuse,
219 316 453 375 indivise
496 318 659 387 atque
711 307 1212 366 inconvertibiliter
1255 304 1550 362 nobiscum
1599 301 1902 378 praedicare

30 421 251 495 propria
282 420 570 492 operantes,
603 429 631 462 »
657 406 716 461 ln
743 404 918 479 priori
951 412 1137 461 autem
1162 404 1394 480 epistola
1419 402 1633 459 dixerat
1662 422 1673 454 :
1709 423 1735 454 «
1767 401 1903 457 Con-

37 517 249 573 fitentes
305 509 588 569 Dominum
627 503 816 559 Jesum
861 501 1219 559 Christum...
1262 506 1548 577 operatum
1607 499 1904 569 divina...;

38 612 407 684 eumdemque
433 606 715 680 operatum
743 597 1084 668 humana...,
1113 598 1370 668 discrete,
1405 597 1716 668 inconfuse,
1743 602 1909 670 atque

43 701 547 766 inconvertibiliter.
579 717 606 749 »
633 695 754 750 Jam
780 711 930 763 vero,
959 694 1033 749 ita
1063 693 1366 765 loquend0,
1388 694 1536 751 clare
1561 694 1789 751 omnino
1814 693 1910 749 do·

42 808 156 864 euit
186 800 448 862 Honorius
494 795 742 868 duplicem
768 792 827 847 in
868 791 1084 847 Christo
1114 808 1236 847 esse
1270 795 1654 864 operationem3
1700 792 1908 869 duplici

44 908 252 959 naturae
289 887 828 964 correspondentem.
865 886 1144 951 Quomodo
1179 886 1330 942 enim
1370 905 1482 942 non
1522 896 1668 944 esset
1706 889 1909 963 duplex

43 995 299 1074 operatio,
334 991 379 1048 si
414 994 612 1045 natura
648 985 830 1041 divina
870 990 1133 1058 operetur
1154 986 1375 1058 propria
1407 1004 1470 1041 ae
1503 986 1709 1057 divina,
1736 995 1787 1043 et
1811 1006 1906 1061 pa-

42 1097 174 1153 riter
190 1095 383 1148 natura
416 1088 660 1142 humana
692 1090 952 1157 operetur
972 1085 1192 1157 propria
1219 1090 1272 1139 et
1298 1101 1360 1138 ea
1389 1102 1511 1157 quae
1533 1085 1718 1141 carnis
1752 1093 1903 1155 sunt,

37 1193 196 1264 idque
230 1187 513 1244 inconfuse
557 1191 611 1241 et
650 1183 1184 1242 inconvertibiliter?
1221 1184 1413 1240 Docuit
1463 1202 1590 1258 ergo
1634 1185 1905 1242 Honorius

35 1284 351 1343 clarissimis
371 1283 625 1340 terminis
646 1283 984 1339 catholicum
1009 1282 1206 1355 dogma
1237 1282 1302 1338 de
1328 1281 1539 1356 duplici
1564 1283 1900 1356 operatione.

107 1383 252 1447 Quod
288 1388 349 1438 ut
372 1380 546 1453 magis
569 1387 771 1455 pateat,
798 1380 1151 1436 conferamus
1179 1380 1356 1453 ipsius
1390 1380 1656 1452 loquendi
1678 1381 1907 1437 modum

41 1498 160 1537 cum
185 1478 362 1535 verbis
402 1478 576 1534 sancti
603 1477 814 1547 LeoniS,
843 1477 901 1532 in
940 1495 1039 1534 sua
1082 1478 1148 1532 ad
1175 1477 1495 1533 Flavianum
1521 1478 1751 1552 epistola
1784 1479 1911 1552 dog·

44 1576 250 1634 metica.
275 1575 490 1631 Dixerat
512 1581 733 1631 sanctus
758 1575 858 1630 Leo
888 1597 896 1629 :
925 1597 951 1627 «
976 1575 1098 1648 Agit
1123 1575 1271 1631 enim
1298 1582 1534 1649 utraque
1553 1576 1755 1647 forma,
1780 1595 1907 1632 cum

43 1671 259 1729 alterius
284 1671 697 1743 communione,
726 1671 872 1745 quod
894 1671 1183 1746 proprium
1213 1678 1320 1739 est3
1351 1671 1525 1728 Verbo
1551 1672 1761 1729 scilicet
1786 1691 1910 1746 ope-

41 1774 191 1827 rante
213 1770 356 1844 quod
395 1768 558 1826 Verbi
586 1776 691 1839 est,
720 1776 771 1825 et
814 1787 978 1824 earne
1017 1777 1324 1843 exequente
1358 1770 1505 1844 quod
1533 1770 1718 1826 carnis
1745 1777 1846 1826 est.
1882 1792 1907 1821 »

39 1863 270 1922 Recitata
307 1873 435 1923 sunt
463 1867 579 1921 haec
607 1865 798 1921 Leonis
831 1865 999 1921 verba
1037 1865 1092 1920 in
1128 1871 1280 1922 sexta
1317 1865 1563 1939 generali
1593 1865 1830 1939 synodo;
1859 1871 1912 1921 et

38 1961 194 2035 legati
234 1963 484 2020 Romanae
518 1963 672 2018 Sedis
702 1963 959 2019 dixerunt
990 1985 1000 2017 :
1039 1985 1065 2016 «
1109 1964 1247 2020 Eece
1274 1967 1549 2036 manifeste
1574 1965 1712 2020 duas
1750 1970 1909 2020 natu-

41 2061 177 2118 rales
201 2063 540 2138 operationes
572 2063 858 2120 inconfuse
886 2070 938 2119 et
971 2063 1204 2120 indivise
1231 2064 1289 2119 in
1307 2063 1539 2120 Domino
1569 2071 1756 2121 nostro
1779 2067 1909 2121 Jesu

41 2158 243 2216 Christo
275 2180 513 2236 praesens
536 2158 925 2218 sanctissimus
951 2162 1214 2236 praedicat
1233 2168 1407 2236 pater.
1434 2185 1459 2215 »
1479 2163 1575 2218 Cui
1600 2164 1909 2236 legatorum

46 2254 183 2312 dicto
209 2259 438 2316 assensit
483 2260 746 2334 synodus,
794 2259 1071 2331 siquidem
1103 2260 1295 2315 nullus
1335 2261 1664 2316 contradixit
1714 2269 1914 2335 praeter

50 2351 526 2415 obcaecatissimum
581 2357 1005 2414 monothelitam
1038 2358 1360 2414 Macarium.
1419 2359 1586 2415 Porro
1640 2359 1911 2417 Honorius

52 2447 191 2506 idem
239 2451 443 2512 dixerat
470 2457 617 2530 quod
660 2463 881 2512 sanetus
913 2455 1045 2521 Leo;
1090 2455 1201 2510 imo
1232 2455 1554 2512 fortioribus
1581 2475 1643 2513 ac
1664 2457 1849 2514 clariox
1869 2459 1909 2513 i·

50 2546 150 2603 bus
183 2551 444 2609 terminis.
487 2554 541 2608 Si
583 2572 710 2627 ergo
759 2553 969 2609 dictum
1000 2553 1192 2610 Leonis
1224 2553 1423 2628 dogma
1475 2556 1807 2613 catholicum
1846 2559 1911 2614 do

46 2643 246 2720 duplici
283 2633 599 2724 operatione
630 2653 905 2724 manifeste
944 2652 1208 2722 continet,
1246 2670 1275 2707 a
1306 2652 1524 2709 fortiori
1554 2661 1604 2710 et
1644 2653 1784 2711 illud
1815 2673 1907 2712 ex-

44 2741 287 2813 primunt
310 2749 472 2803 verba
496 2749 739 2805 Honorii.

114 2838 176 2892 ΙΙ.
206 2841 426 2897 Phrases
452 2862 577 2916 quas
605 2848 841 2919 objiciunt
882 2849 1190 2918 adversarii,
1223 2866 1542 2921 nequaquam
1569 2860 1690 2905 sun-t
1724 2853 1907 2923 desini·

48 2933 116 2986 tio
138 2934 422 3004 doqmatica
450 2944 895 2999 monothelismum
924 2947 1210 3000 continente.
1240 2978 1307 2986 —
1338 2946 1391 3001 1⁰
1418 2946 1742 3018 OhJecerunt
1768 2949 1909 3003 hanc

49 3029 293 3099 phrasim
335 3033 531 3104 prioris
575 3023 815 3110 epistolae
844 3060 856 3093 z
882 3042 1083 3097 «Unde
1115 3049 1167 3097 et
1203 3060 1360 3098 tutam
1404 3043 1746 3099 voluntatem
1777 3045 1910 3099 fate-

45 3143 170 3180 mur
195 3127 404 3183 Domini
429 3133 605 3186 nostri
648 3135 774 3191 Jesu
825 3138 1045 3194 Christi.
1078 3162 1105 3192 »
1139 3140 1241 3194 Sed
1276 3141 1494 3212 legatur
1519 3147 1831 3212 contextus,
1857 3150 1909 3199 ct

48 3226 167 3279 luce
205 3224 507 3280 meridiana
534 3227 737 3294 elarius
775 3232 1046 3288 videbitur
1082 3235 1157 3289 ibi
1185 3254 1348 3306 agere
1384 3236 1683 3292 Honorium
1710 3238 1777 3294 de
1796 3240 1910 3296 sola

47 3321 321 3376 voluntate
368 3322 608 3376 humana.
658 3325 919 3397 Expendit
960 3346 1159 3402 nempe
1198 3332 1553 3402 quaestionem
1610 3341 1798 3393 utrum
1849 3338 1905 3394 in

45 3418 256 3473 Christo
287 3418 419 3485 sint,
451 3418 593 3474 sieut
633 3418 685 3473 in
717 3420 899 3488 nobiS,
939 3422 1060 3478 duae
1101 3424 1208 3479 illae
1262 3429 1553 3486 contrariae
1578 3433 1904 3511 voluntates,

46 3516 113 3570 ab
140 3516 384 3590 apostolo
404 3516 570 3571 Paulo
597 3523 934 3586 memoratae,
958 3534 1096 3589 quas
1123 3539 1379 3579 vocamus
1402 3528 1614 3599 spiritus
1636 3537 1688 3587 et
1711 3537 1902 3591 curtii-3.

47 3612 198 3674 Quod
232 3619 415 3670 autem
450 3612 504 3667 in
546 3613 704 3670 nobis
730 3613 867 3670 adsit
909 3614 995 3671 lex
1037 3633 1134 3673 seu
1171 3618 1418 3679 voluntas
1450 3628 1826 3689 membrorum
1853 3642 1905 3692 et
