2262 3990
285 160 375 208 652
960 154 1260 203 TRACTATUS
1291 154 1357 202 DE
1387 155 1536 203 PAPA.

283 268 654 323 detrimentum
686 281 795 318 non
831 262 1039 319 subeat.
1072 294 1142 302 —
1175 262 1230 318 1⁰
1275 262 1458 318 Etiam
1506 264 1610 319 hoc
1643 282 1812 322 sensu
1853 273 2197 332 necessarium

280 364 390 421 dici
432 362 626 436 nequit
666 361 818 436 quod
851 368 939 418 est
977 361 1351 437 impossibile.
1394 362 1450 418 2⁰
1483 361 1640 427 Quod
1677 381 1792 420 non
1833 371 1916 422 est
1957 384 2200 428 necessa-

277 462 434 517 rium
471 459 583 516 nisi
622 465 686 516 ut
727 459 973 517 Ecclesia
1010 478 1174 534 grave
1218 459 1444 535 aliquod
1486 460 1893 519 detrimentum
1926 482 2041 521 non
2073 468 2198 526 suh,
2255 480 2262 525 ἰ

278 566 388 625 eat,
418 579 530 617 non
559 566 644 617 est
682 560 908 636 proprie
949 579 1013 616 ac
1056 561 1252 618 stricto
1284 579 1456 618 sensu
1486 564 1862 619 necessarium.
1895 563 2003 621 Nec
2030 567 2199 627 voluit
2254 571 2262 629 Ι

278 658 534 715 Christus
553 666 616 716 ut
639 658 700 714 in
726 658 969 715 Ecclesia
991 676 1094 715 sua
1121 677 1234 714 non
1264 659 1550 716 orirentur
1574 664 1934 734 tempestates
1963 667 2014 719 et
2045 681 2197 724 scan-

278 757 426 826 dala;
458 775 584 831 quae
617 757 749 814 licet
783 756 1079 814 nonnullis
1109 757 1167 813 in
1202 757 1514 833 perniciem
1551 758 1776 829 cedant,
1812 759 2009 817 multis
2037 761 2198 823 simul
2257 765 2262 822 1

277 856 440 914 utilia
466 863 624 927 sunt,
652 875 851 914 eorum
877 856 1216 915 fidelitatem
1236 857 1524 932 probando
1551 863 1605 914 et
1635 858 1902 915 meritum
1931 861 2196 934 augendo.'
2260 911 2262 915 ,

280 955 336 1011 5⁰
370 956 573 1012 Praesto
606 962 690 1013 est
724 955 1016 1032 Episcopis
1052 956 1370 1013 remedium
1394 955 1571 1028 aliud,
1596 956 1855 1013 videlicet
1881 957 2201 1020 charitativa
2260 984 2262 1014 ι

279 1059 334 1110 et
356 1055 742 1111 reverentialis
769 1054 1063 1124 eorrecti03
1096 1053 1385 1128 simulque
1417 1055 1466 1112 si
1495 1055 1697 1130 majori
1736 1055 2055 1128 sanctitate,
2082 1057 2200 1116 vitae

278 1155 611 1213 austeritate
635 1174 700 1212 ac
729 1155 1063 1229 evangelicis
1102 1155 1409 1212 virtutibus
1436 1155 1494 1211 in
1528 1156 1647 1212 suis
1674 1157 1979 1231 respective
2006 1156 2200 1216 dioece-

278 1255 435 1312 sibus
463 1256 774 1326 reluceant,
810 1255 1217 1313 detrimentum
1253 1274 1317 1312 ex
1355 1274 1523 1330 pravo
1555 1255 1754 1331 capitis
1794 1256 2050 1332 exemplo
2081 1275 2200 1332 pro-

276 1356 509 1412 veniens
540 1357 1010 1431 compensabunt.
1043 1357 1098 1412 4⁰
1123 1356 1279 1421 Quod
1303 1356 1623 1413 remedium
1650 1363 1850 1414 vocant
1879 1357 2198 1431 adversarii,

276 1455 503 1530 gravius
539 1455 942 1512 detrimentum
981 1456 1262 1529 ingereret
1298 1475 1468 1530 quam
1511 1457 1666 1531 pravi
1702 1475 1887 1513 mores
1925 1455 2199 1515 Pontificis

280 1573 467 1628 usque
493 1555 561 1611 ad
588 1557 709 1630 ejus
738 1556 957 1612 obitum
987 1555 1384 1631 perdurantes,
1416 1556 1584 1613 Facili
1618 1556 1767 1613 enim
1795 1556 2020 1630 negotio
2052 1573 2200 1613 exco-

276 1652 593 1727 gitarentur
624 1654 783 1730 Papae
831 1654 1090 1725 crimina,
1142 1655 1212 1711 ob
1255 1672 1379 1728 quae
1426 1655 1876 1730 praetenderetur
1918 1673 2050 1712 eum
2090 1673 2202 1713 esse

277 1753 695 1828 deponendum.
714 1734 975 1829 ”uinoque
1003 1755 1291 1812 orirentur
1314 1755 1772 1829 perturbationes
1802 1763 1855 1813 et
1880 1755 2199 1813 schismata.

279 1853 613 1910 Remedium
642 1855 854 1911 seilicet
886 1855 1048 1929 pejus
1076 1855 1226 1911 malo
1254 1854 1420 1911 foret.

352 1952 635 2008 Pnorosmo
673 1954 871 2008 1v³.-
906 1955 1111 2026 Papam
1139 1973 1245 2010 non
1276 1973 1431 2027 posse
1473 1956 1533 2010 ob
1568 1973 1760 2027 pravos
1795 1974 1967 2011 mores
2008 1973 2129 2011 suos
2173 1973 2204 2011 a

276 2051 493 2106 concilio
527 2052 762 2124 judicari
795 2070 856 2107 ac
898 2053 1112 2124 deponi,
1154 2060 1233 2108 est
1276 2056 1564 2108 communis
1607 2054 1988 2109 catholicorum
2030 2055 2206 2110 docto·

275 2167 393 2204 rum
428 2151 710 2204 sententia.
731 2182 797 2189 —
822 2149 880 2204 Id
914 2150 1264 2206 sufficienter
1291 2151 1490 2225 probat
1515 2150 1762 2207 Suaresii
1790 2151 2198 2207 testimonium.

278 2250 498 2305 «Extra
532 2267 726 2306 casum
763 2249 1014 2317 haeresis,
1052 2249 1261 2323 inquit,
1301 2267 1416 2305 non
1457 2254 1643 2324 potest
1685 2266 1852 2306 verus
1891 2255 1943 2305 et
1982 2249 2204 2317 indubi-

270 2353 423 2405 tatus
462 2349 740 2419 Pontifex,
782 2347 1006 2404 etiamsi
1055 2348 1456 2421 iniquissimus
1501 2348 1593 2414 sit,
1637 2348 1908 2422 dignitate
1947 2367 2046 2405 sua
2095 2348 2200 2424 pri-

276 2450 418 2505 vari.
456 2450 550 2507 Est
580 2458 725 2506 certa
761 2455 813 2506 et
850 2452 1140 2506 communis
1188 2448 1528 2506 conclusio»
1577 2450 1679 2525 (De
1717 2452 1844 2523 fide,
1890 2449 2103 2525 disput.
2147 2469 2196 2520 x,

281 2555 415 2605 sect.
445 2548 530 2619 VI,
566 2568 624 2606 n.
657 2549 775 2622 15).
816 2549 993 2605 Citata
1028 2549 1367 2606 auctoritate
1394 2549 1575 2606 sancti
1599 2550 1827 2605 Thornae.
1861 2549 1939 2623 (in
1983 2554 2196 2623 quarte,

275 2645 528 2704 distinct.
565 2647 989 2722 decimanona,
1029 2653 1229 2722 quaest.
1258 2668 1312 2719 11,
1341 2654 1449 2705 art.
1482 2649 1538 2722 2,
1573 2648 1986 2721 quaestiuncula
2014 2647 2195 2718 tertia,

273 2743 345 2800 ad
372 2744 424 2816 2)
457 2750 511 2801 et
541 2745 797 2820 plurium
841 2747 1113 2818 aliorum,
1145 2746 1571 2803 conclusionem
1605 2747 1804 2820 probat
1845 2746 2050 2803 Suarez
2082 2744 2215 2820 plu-·

272 2844 434 2901 ribus
462 2846 804 2919 rationibUS,
830 2865 1076 2920 quarum
1101 2847 1287 2922 prima
1313 2849 1430 2904 haec
1456 2853 1538 2904 est
1568 2868 1578 2900 :
1614 2868 1641 2900 «
1664 2847 1801 2912 Quia
1827 2847 1991 2922 Papa,
2027 2862 2195 2920 quan·

272 2943 487 3002 tumvis
519 2944 774 3020 iniquuS,
804 2963 973 3002 verus
996 2951 1079 3002 est
1108 2945 1274 3020 Papa3
1304 2963 1436 3019 ergo
1471 2946 1638 3003 habet
1666 2963 1990 3022 supremam
2017 2950 2194 3021 potes·
2223 2977 2226 2982 -

273 3051 472 3114 tatem;
506 3063 636 3120 ergo
668 3046 751 3102 illi
791 3051 875 3103 est
914 3045 1312 3115 obediendum;
1347 3046 1503 3120 juxta
1539 3045 1598 3102 id
1633 3045 1818 3103 sancti
1856 3044 2042 3102 Petri:
2081 3043 2192 3102 Non

276 3149 480 3199 tantum
495 3145 643 3199 bonis
667 3151 717 3199 et
737 3145 1011 3210 modestiS,
1042 3145 1135 3200 sed
1157 3147 1313 3201 ctiam
1334 3144 1586 3217 clyscolz‘s3
1614 3149 1668 3202 et
1701 3143 1983 3219 (Matthaei,
2010 3139 2146 3214 xxm)
2177 3157 2189 3192 ε

275 3241 446 3319 Super
472 3244 776 3301 cathedram
809 3243 1027 3319 Moysis,
1053 3267 1080 3297 »
1128 3250 1234 3302 etc.
