2262 3990
802 163 930 214 PARS
961 159 1199 210 SECUNDA.
1851 153 1943 202 405

72 277 163 337 tiae
191 292 314 332 reos
347 291 467 331 sese
498 272 727 330 faciunt.
769 270 1104 346 Cyprianum
1150 279 1317 341 porro
1361 278 1543 336 usque
1573 277 1649 319 'eo
1693 259 1942 336 stipitem

70 372 244 432 fuisse
274 369 570 426 dicendum
597 375 701 438 est,
729 367 776 424 si
804 368 918 423 haec
943 365 1014 423 ad
1041 364 1298 437 Magnum
1313 358 1547 435 epistola
1571 376 1670 435 pro
1696 357 1941 433 genuina

72 469 364 526 habeatur.

0 573 1 630 1
151 566 203 621 5.
249 562 465 620 Accedit
503 561 771 639 Cypriane
814 558 988 616 tribui
1034 574 1145 614 non
1187 572 1349 631 posse
1390 551 1787 626 arrogantiam,
1838 569 1950 626 qua

78 661 405 719 sententiam
453 659 784 716 contrariam
815 674 943 712 cum
984 655 1261 727 Stephano
1300 654 1441 727 Papa
1472 650 1827 707 defendentes
1857 649 1956 707 ibi-

78 758 204 815 dem
231 762 497 814 vocantur
525 754 956 811 Antichristorum
997 749 1268 818 tautoreS,
1295 749 1419 819 fidei
1443 749 1871 820 praevaricatores
1897 751 1954 804 et

78 854 316 912 Ecclesiae
345 853 659 926 proditores.
700 848 786 904 Sic
819 846 969 902 enim
1009 845 1214 917 legitur
1244 861 1480 899 numero
1507 843 1720 900 decimo
1745 845 1955 916 (Patro-

74 950 208 1022 loyia
221 949 406 1020 Miyne,
432 954 580 1002 tomo
601 943 686 1014 ΙΙΙ,
707 943 811 999 col.
842 940 1008 1013 1146)
1030 959 1043 992 ε
1070 941 1209 996 Illud
1232 941 1532 1021 mirandum
1553 947 1651 1007 cst,
1676 942 1832 996 immo
1871 943 1957 996 in-

80 1045 389 1118 dignandum
404 1045 577 1115 potius
597 1048 644 1098 et
669 1040 967 1108 dolendum,
992 1039 1302 1094 christianos
1334 1036 1668 1092 Antichristis
1687 1039 1955 1108 assistere,

77 1148 130 1196 et
153 1142 577 1213 praevaricatores
615 1139 739 1212 fidei
777 1143 930 1208 atque
968 1135 1210 1191 Ecclesiae
1243 1134 1542 1209 proditores
1570 1134 1710 1188 intus
1750 1136 1807 1187 in
1846 1136 1994 1204 ipsa'

78 1237 327 1307 Ecclesia,
378 1244 553 1293 contra
590 1219 878 1292 Ecclesiam
924 1241 1087 1288 stare.
1142 1231 1262 1302 Qui,
1318 1248 1626 1304 quamquam
1659 1232 1960 1304 pertinaces

78 1336 207 1392 alias
234 1343 282 1389 et
310 1334 579 1402 indociles,
609 1339 712 1388 etc.

153 1432 233 1486 IX.
268 1431 504 1502 Epistola
542 1429 835 1485 Firmiliani
875 1428 941 1482 acl
978 1426 1318 1498 Cyprianum.

154 1528 395 1582 lIabetur
422 1527 477 1581 in
504 1526 807 1597 Patroloyia
827 1526 994 1596 Miqne
1020 1527 1188 1596 (tomo
1218 1523 1303 1591 III,
1325 1522 1430 1579 col.
1457 1522 1624 1594 1155)
1653 1545 1662 1587 3
1695 1528 1748 1578 et
1773 1527 1858 1578 est
1877 1522 1968 1579 75⁸

86 1624 148 1679 in
170 1623 509 1679 editionibus
543 1621 765 1679 Pamelii
796 1627 847 1676 et
875 1619 1102 1675 Baluzii.
1128 1619 1366 1693 Epistola
1393 1620 1531 1688 haec,
1557 1624 1697 1674 teste
1720 1617 1961 1686 Baluzi0,

86 1720 306 1776 inventa
346 1727 426 1775 est
470 1720 526 1773 in
576 1718 768 1791 viginti
807 1735 905 1781 «sex
941 1716 1341 1790 manuscriptis
1396 1715 1680 1770 codicibus
1719 1713 1963 1787 Operum

90 1818 268 1874 sancti
297 1816 569 1893 Cypriani.
599 1816 753 1870 Illam
779 1814 996 1889 primus
1025 1813 1200 1868 edidit
1218 1812 1403 1868 Morel.
1426 1812 1616 1884 Ignota
1646 1828 1760 1866 non
1784 1811 1972 1867 suerat·

90 1914 159 1971 iis
176 1914 269 1986 qui
288 1914 472 1969 Romae
492 1913 830 1987 praefuerunt
846 1910 1076 1967 editioni
1096 1907 1521 1974 PauliManutii;
1550 1913 1634 1963 ast
1656 1925 1778 1964 eam
1804 1908 1968 1965 edere

87 2010 419 2075 noluerunt3
464 2008 610 2081 quod
650 2007 915 2064 suadente
955 2024 1012 2062 se
1057 2006 1264 2061 factum
1298 2010 1532 2060 testatur
1569 2003 1795 2059 Latinus
1829 2004 1970 2060 Lati-

91 2108 238 2163 niuS.
273 2107 322 2162 Is
349 2126 512 2181 porro
543 2108 618 2162 ita
649 2124 707 2162 se
731 2106 975 2162 suasisse
1003 2104 1159 2174 dicit,
1188 2110 1308 2159 tum
1332 2109 1394 2158 ut
1414 2104 1666 2176 exempla
1686 2105 1966 2176 majorum

97 2210 441 2274 sequeretur,
472 2210 593 2257 tum
631 2203 699 2257 ob
724 2202 1105 2257 detestandam
1133 2200 1377 2255 auctoris
1406 2199 1561 2253 illius
1595 2198 1848 2271 epistolae
1878 2217 1966 2255 ar-

94 2298 424 2368 rogantiam.
450 2298 736 2368 Indignam
767 2315 890 2369 quae
930 2296 987 2350 in
1018 2297 1201 2351 lucem
1240 2282 1488 2368 prodiret
1515 2294 1846 2350 existimavit
1870 2294 1969 2351 Pa-

102 2393 300 2450 melius
326 2394 574 2449 eamdem
603 2393 752 2448 illam
790 2393 1080 2466 epistolam
1107 2416 1117 2458 3
1147 2397 1199 2447 et
1225 2391 1347 2446 ideo
1378 2396 1597 2448 tantum
1627 2409 1657 2446 a
1681 2409 1740 2447 se
1761 2392 1967 2448 editam

96 2497 417 2564 piaemonet,
443 2490 571 2562 quia
593 2491 706 2562 jam
733 2489 977 2545 ediderat
1002 2489 1298 2544 Morellius.

165 2586 424 2641 Erasmus
455 2592 660 2653 autem,
691 2585 784 2659 qui
824 2585 1073 2661 Cypriani
1104 2585 1171 2639 ad
1205 2584 1540 2641 Jubaianum
1565 2590 1618 2640 ct
1640 2584 1966 2659 Pompeium

95 2682 354 2757 epistolas
380 2683 570 2750 edidit,
609 2682 1161 2755 antiquissimosque,
1191 2688 1253 2737 ut
1281 2682 1398 2756 ipse
1438 2687 1694 2753 testatur,
1723 2682 1966 2757 Operum

99 2778 350 2851 Cypriani
394 2779 609 2836 codices
645 2797 756 2854 prae
797 2779 1054 2835 manibus
1102 2779 1319 2847 habuit,
1366 2796 1436 2833 ne
1483 2779 1693 2856 syllaba
1737 2781 1966 2852 quidem

100 2873 402 2929 Firmiliani
437 2877 504 2931 ad
544 2877 872 2954 Cyprianum
916 2877 1208 2950 epistolam
1239 2883 1664 2932 commemorat.
1696 2878 1840 2933 Bene
1875 2896 1974 2933 no-

100 2974 251 3024 verat
296 2970 543 3026 eruditus
580 2971 682 3041 vir,
715 2972 773 3027 in
808 2972 1083 3046 ejusmodi
1121 2973 1360 3046 Operum
1400 2972 1652 3044 Cypriani
1681 2972 1968 3029 codicibus

101 3064 258 3137 plura
301 3082 583 3121 occurrere
611 3084 837 3139 prorsus
876 3069 1218 3142 apocrypha3
1265 3067 1414 3122 unde
1449 3066 1505 3120 in
1542 3066 1865 3138 praefatione
1899 3067 1967 3124 ad

98 3160 432 3216 cardinalem
458 3161 616 3216 Pucci
644 3161 868 3230 directa,
901 3162 1148 3233 adnotat,
1184 3164 1236 3217 icl
1274 3165 1435 3234 fuisse
1458 3162 1710 3234 Cypriani
1743 3181 1855 3218 cum
1875 3182 1970 3220 cae-

103 3261 226 3315 teris
266 3259 596 3330 scriptoribus
631 3276 912 3328 commune,
951 3261 1086 3330 quod
1120 3261 1285 3331 ipsius
1323 3260 1762 3315 lucubrationibus
1800 3263 1968 3319 multa

96 3358 201 3411 sint
245 3356 462 3410 aliorum
492 3355 743 3409 admixta.
775 3354 846 3408 Ex
875 3372 984 3426 qua
1010 3352 1222 3409 Erasmi
1257 3354 1454 3427 agendi
1479 3355 1691 3412 ratione
1710 3358 1971 3433 colligen—

101 3450 235 3505 dum
255 3449 423 3517 veuit,
454 3455 548 3504 aut
574 3450 641 3503 ab
667 3448 784 3522 ipso
810 3454 1085 3521 repertam
1116 3466 1225 3502 non
1249 3447 1424 3504 fuisse
1446 3449 1650 3506 dictam
1681 3453 1968 3528 epistolam

103 3545 160 3602 in
200 3546 311 3603 ullo
341 3564 406 3602 ex
440 3545 683 3619 antiquis
730 3544 887 3619 queis
927 3563 1064 3601 usus
1105 3551 1188 3601 est
1227 3545 1535 3620 codicibuS,
1578 3555 1674 3607 aut
1719 3553 1970 3627 spuriam
