2262 3990
818 182 953 230 PARS
981 180 1224 231 samum.
1868 178 1959 225 475

0 273 3 345 l
86 287 218 348 solis
240 287 580 346 contrariam
612 303 735 343 esse
763 286 947 343 Sacris
971 284 1297 361 Scripturis.
1315 306 1344 339 ι
1363 283 1540 357 Igitur
1566 282 1959 353 condemnatio

0 407 4 459 ς
85 385 442 461 Copernicani
469 383 784 462 systemetis
811 400 933 457 quae
963 382 1297 458 exprimitur
1335 380 1395 437 in
1438 381 1659 438 decreto
1701 382 1741 439 5
1773 380 1962 439 martii

0 492 3 538 ἶ
87 483 256 552 1616,
290 483 430 554 facta
462 483 563 554 suit
590 482 659 538 ab
685 481 922 556 ipsomet
936 481 1165 536 Summo
1190 480 1472 536 Pontifice.

0 562 2 566 ’
164 581 467 655 Respondeo
487 602 501 632 .-
519 578 679 635 Faeta
702 585 790 635 est
812 578 881 635 ab
907 578 1031 653 ipso
1053 578 1338 650 pontifice,
1363 584 1446 635 ast
1467 576 1682 634 edenda
1705 582 1758 633 et
1783 575 1965 651 puhli-

0 700 3 725 τ
89 677 264 734 canda
294 678 415 734 solo
445 676 672 733 nomine
704 674 1100 744 Cardinalium,
1124 679 1179 730 et
1198 675 1334 747 quin
1370 674 1662 731 accesserit
1686 673 1967 730 Pontifieis

89 773 435 831 confirmatio
486 777 580 827 aut
621 769 856 845 speciale
905 769 1254 838 mandatum,
1302 768 1563 825 concedo,
1606 770 1767 826 Facta
1811 775 1896 826 est
1934 787 1965 825 a

86 870 364 942 Pontifice,
387 868 443 924 id
469 874 573 938 est,
593 866 739 923 edita
771 864 878 921 fuit
902 870 956 920 et
984 863 1267 938 publicata
1286 864 1514 920 nomine
1545 866 1847 938 PontifieiS,
1876 867 1964 923 vel

84 967 135 1022 ei
162 965 394 1023 accessit
421 962 701 1020 attestatio
740 960 809 1017 de
846 960 1067 1035 publiea
1097 960 1372 1016 Pontitieis
1405 960 1833 1020 confirmatione
1866 970 1963 1020 aut

83 1061 308 1137 speciali
334 1059 617 1129 mandato,
644 1075 802 1130 nego.
830 1058 1050 1114 Decreta
1079 1057 1290 1114 scilieet
1314 1075 1438 1131 quae
1457 1059 1573 1113 solo
1591 1060 1816 1116 nomine
1838 1062 1963 1116 Car—

79 1157 354 1214 dinalium
381 1156 646 1223 eduntur,
681 1172 790 1210 non
814 1154 956 1210 fiunt
983 1155 1336 1229 plerumque,
1361 1155 1672 1236 praesertim
1703 1156 1750 1211 si
1775 1157 1963 1230 magni

83 1252 353 1309 momenti
377 1252 509 1323 sint,
546 1251 653 1307 nisi
677 1256 972 1325 postquam
1007 1251 1125 1326 ipse
1152 1252 1419 1308 Summus
1444 1252 1694 1308 Pontifex
1717 1251 1970 1325 quaestio·

82 1367 207 1407 nem
233 1350 512 1424 expendit,
540 1355 592 1404 et
633 1349 850 1405 decreta
879 1351 997 1404 haee
1018 1350 1132 1422 jam
1164 1351 1486 1425 approbavit
1521 1369 1584 1406 ac
1615 1351 1703 1407 edi
1739 1350 1967 1406 manda-

77 1448 175 1503 vit.
214 1448 364 1503 Unde
398 1447 455 1502 in
495 1465 561 1502 eo
603 1465 772 1503 sensu
806 1447 915 1503 diei
950 1456 1183 1522 possunt
1226 1450 1294 1505 ab
1326 1449 1447 1524 ipso
1475 1449 1640 1506 facta.
1685 1449 1790 1504 Sed
1821 1449 1970 1522 ejus-

83 1546 233 1602 modi
269 1546 590 1620 approbatio
636 1553 690 1602 et
732 1546 1058 1602 mandatum
1099 1547 1398 1617 pontificis,
1443 1549 1510 1603 de
1560 1547 1767 1620 quibus
1815 1547 1969 1602 nulla

83 1644 144 1699 fit
192 1644 471 1699 attestatio
503 1643 750 1716 publiea,
786 1651 1080 1700 remanent
1117 1651 1274 1701 aetus
1315 1647 1512 1718 privati
1527 1667 1545 1710 ;
1589 1651 1722 1700 sunt
1768 1662 1970 1718 nempe

81 1741 358 1798 Pontifieis
379 1742 649 1816 privatam
674 1761 970 1824 personam
1000 1743 1235 1816 agentiS‚
1263 1761 1375 1799 non
1407 1748 1594 1799 autem
1616 1741 1967 1798 decernentis

81 1844 143 1895 ut
175 1839 453 1895 Pontificis
482 1847 535 1896 et
576 1858 640 1896 ex
682 1841 964 1898 cathedra.
1002 1841 1236 1906 Quaestio
1276 1847 1356 1897 est
1385 1860 1519 1896 num
1564 1841 1764 1896 Galilaei
1790 1848 1842 1897 et
1873 1841 1967 1896 Co-

80 1934 366 2008 pernieani
397 1936 711 2008 systematis
738 1936 1263 1991 condemnationem
1308 1953 1469 1991 suam
1519 1935 1713 1991 fecerit
1758 1935 1965 2007 aliquis

81 2029 356 2086 Romanus
398 2031 647 2087 Pontifex
686 2049 783 2106 per
817 2032 1035 2089 litteras
1083 2032 1435 2107 apostolicas,
1476 2032 1563 2088 vel
1602 2049 1700 2106 per
1745 2033 1967 2087 solitam

81 2123 394 2180 clausulam
428 2134 480 2182 et
507 2128 787 2200 publicam
815 2129 1224 2184 attestationem
1258 2129 1328 2184 de
1354 2128 1529 2202 ipsius
1547 2129 1968 2184 confirmatione

89 2224 183 2273 aut
210 2219 432 2290 speciali
455 2222 732 2276 mandate.
759 2222 819 2276 ld
846 2240 876 2277 a
907 2223 1062 2278 nullo
1087 2223 1229 2296 Papa
1255 2229 1540 2297 peractum
1563 2223 1834 2290 dicimus3
1867 2242 1967 2279 nee

90 2315 429 2372 contrarium
456 2317 689 2390 probant
726 2318 939 2390 objecta
967 2319 1154 2374 verba.

164 2411 378 2483 objicies
403 2413 478 2468 2⁰.
496 2412 714 2469 —Dieit
732 2414 923 2470 Amort
949 2414 1217 2471 :Urbanus
1233 2416 1357 2473 VIII
1369 2418 1633 2491 prohibuit
1656 2418 1748 2473 sub
1766 2437 1971 2475 eoecom·

88 2510 433 2563 murticmione
457 2519 683 2581 systema
716 2512 1121 2584 Copemt'cauum
1150 2521 1398 2585 tanquam
1423 2518 1756 2570 temerarium
1787 2524 1840 2571 et
1871 2517 1967 2572 Sa-

87 2619 191 2658 crae
214 2603 497 2676 Scripturae
520 2608 859 2661 contrariu-m.
886 2607 1021 2663 Item
1051 2607 1302 2680 loquitur
1324 2609 1390 2665 de
1415 2611 1554 2666 bulla
1567 2613 1839 2684 pontificia
1857 2630 1966 2684 qua

89 2697 162 2753 ita
192 2697 478 2756 decretum
516 2700 685 2757 fuerit
718 2701 866 2775 (vide
901 2709 1116 2759 textum
1159 2704 1456 2776 allegatum
1494 2706 1715 2762 Eusebii
1750 2709 1942 2763 Amort

89 2810 278 2867 supra,
305 2798 331 2865 ἓ
360 2798 418 2865 1,
437 2798 838 2856 documentum
872 2800 1020 2874 VIII).
1048 2801 1189 2875 Ergo
1212 2803 1499 2862 Romanus
1524 2806 1771 2862 Pontifex
1801 2825 1961 2862 suam

86 2888 215 2943 feeit
239 2889 392 2945 illam
417 2894 953 2970 condemnationem,
981 2916 1083 2973 per
1103 2899 1317 2957 litteras
1364 2886 1717 2976 apostolicam,
1755 2914 1850 2957 seu
1877 2902 1959 2957 lo-

90 2984 308 3056 quendo
336 3004 396 3042 ex
424 2990 705 3047 cathedra.

162 3080 464 3155 Respondeo
477 3105 493 3136 .·
506 3084 857 3160 Deceptusest
870 3092 1085 3163 Amort,
1099 3094 1234 3149 dum
1249 3094 1540 3169 supposuit
1555 3094 1802 3165 aliquam
1814 3093 1962 3167 ejus-

84 3176 235 3232 modi
260 3177 492 3236 bullam.
512 3179 566 3235 Si
584 3183 712 3238 talis
735 3184 887 3242 bulla
913 3189 1056 3244 edita
1081 3189 1303 3259 fuisset,
1325 3208 1448 3246 eam
1481 3191 1802 3263 frequenter
1822 3191 1961 3249 eita-

86 3279 199 3329 tam
223 3276 619 3350 reperiremus.
644 3278 809 3337 Porro
845 3282 915 3339 de
939 3284 1107 3342 hocce
1126 3286 1462 3343 documento
1485 3288 1640 3344 nulla
1658 3289 1952 3361 particula,

85 3371 305 3427 nullum
332 3374 623 3446 vestigium
654 3378 952 3450 reperitur.
979 3380 1176 3437 Mirum
1199 3400 1311 3438 non
1336 3388 1420 3440 est
1442 3383 1543 3440 hac
1569 3384 1627 3439 in
1655 3403 1717 3442 re
1740 3385 1951 3443 dietum

81 3467 406 3541 scriptorem
437 3488 671 3543 errasse,
698 3487 828 3530 cum
855 3478 1259 3536 recentioribus
1284 3482 1624 3554 temporibus
1649 3483 1948 3560 scripserit.

82 3560 218 3620 Cum
261 3584 461 3642 nempe
502 3569 558 3624 id
597 3570 745 3642 quod
779 3574 1170 3647 pronuntiarat
1203 3577 1369 3637 Sacra
1399 3579 1771 3640 Cardinalium
1814 3581 1950 3640 Con-
