2306 4010
372 172 458 219 552
1046 163 1340 212 TRACTATUS
1371 162 1440 208 DE
1466 162 1613 208 PAPA.

369 280 485 335 sive
506 277 750 351 duplicis
781 271 1121 347 operationis
1145 270 1505 329 vocabulum.
1526 268 1664 327 Vero
1687 270 1837 327 enim
1869 289 2039 330 sensu
2066 273 2282 336 alienus

366 383 449 433 est
467 376 535 432 ab
553 372 874 448 apostolicis
892 371 1251 445 dogmatibus
1275 370 1370 446 qui
1390 369 1634 428 abstinet
1650 370 1720 426 ab
1741 377 1935 446 aperta
1953 389 2148 430 eorum
2165 370 2298 449 pro-‚⁷

363 471 628 540 sessione,
654 469 882 543 quando
910 468 1228 526 necessaria
1259 474 1406 526 esset
1426 469 1543 526 haec
1565 467 1862 544 professio,
1887 469 2141 543 Itemque
2156 445 2301 539 vero}

362 567 554 642 aliquo
582 586 755 626 sensu
787 569 1182 626 haereticorum
1222 567 1510 626 doctrinas
1537 567 1816 643 sequitur,
1850 568 1947 644 qui
1988 587 2186 626 earum
2223 549 2302 709 se}

360 666 640 726 fautorem
672 668 917 740 exhibet,
956 669 1212 745 quamvis
1244 687 1338 726 eas
1380 667 1501 746 ipse
1534 686 1647 725 non
1684 667 2037 745 profiteatur.
2076 668 2182 726 Neo
2206 662 2306 746 di-,z'

358 773 522 824 eatur
545 769 715 826 verba
743 770 859 826 haec
884 769 1106 845 synodi,
1135 787 1266 826 eum
1291 768 1465 825 simul
1487 768 1848 844 proferantur
1865 767 1934 824 de
1949 768 2160 842 SergiO,
2184 787 2255 844 qu
2271 839 2276 842 θ

356 875 473 925 erat.
496 868 792 927 haeretious
811 870 1041 946 proprie
1057 869 1264 938 dietus,
1278 867 1643 942 intelligenda
1664 885 1790 925 esse
1806 867 1871 923 de
1887 867 2114 943 proprie
2132 868 2243 927 diet

358 969 575 1025 haeresi.
595 970 730 1026 Nam
754 970 1122 1046 proferuntur
1139 969 1369 1044 quidem
1395 968 1559 1026 verba
1589 969 1705 1025 haec
1726 967 1794 1024 de
1819 966 2008 1042 Sergio
2037 968 2209 1025 simul
2226 966 2276 1026 θ’»

354 1066 631 1135 Honorio;
665 1076 721 1126 at
749 1070 815 1126 de
841 1075 1105 1145 utroque,
1135 1076 1302 1146 prout
1341 1068 1422 1125 eis
1460 1067 1828 1138 conveniunt,
1860 1067 2075 1142 prolata
2103 1067 2246 1126 fuiss

354 1184 383 1224 a
410 1168 621 1245 synodo
650 1170 925 1227 censenda
947 1176 1100 1226 sunt,
1131 1168 1366 1226 Proinde
1390 1168 1576 1243 quoad
1599 1167 1908 1224 llonorium
1939 1184 2141 1224 sensus
2168 1174 2272 1244 est,

352 1284 482 1323 eum
513 1268 794 1325 haereticis
822 1269 1045 1325 favisse.

427 1366 484 1422 5⁰
514 1367 796 1441 Objioiunt
829 1368 939 1425 ista
973 1368 1171 1443 synodi
1202 1367 1270 1424 de
1300 1367 1545 1424 Honorio
1574 1350 1750 1424 verba
1776 1388 1785 1421 ε
1814 1367 1871 1423 In
1902 1367 2139 1422 omnibus
2168 1369 2231 1440 eja

348 1465 564 1539 (Sergii)
595 1476 821 1524 mentem
856 1477 1066 1524 secutus
1094 1477 1194 1540 est,
1221 1477 1270 1524 et
1294 1471 1459 1543 impia
1484 1469 1731 1541 doqmata
1763 1467 2098 1538 confirmavit
2129 1465 2272 1539 (vide

349 1582 544 1640 supra,
578 1569 602 1639 ἓ
635 1568 690 1639 2,
742 1567 1083 1625 documento
1133 1567 1280 1639 VIlI).
1323 1567 1476 1623 Unde
1514 1566 1594 1623 sie
1646 1571 1936 1639 arguunt:
1978 1564 2271 1627 haereticus

347 1667 575 1741 proprie
605 1667 790 1725 distus
827 1676 929 1741 est,
977 1669 1077 1743 qui
1112 1668 1352 1741 alicujus
1384 1667 1632 1723 haeretici
1677 1671 1925 1722 mentem
1952 1665 2006 1720 in
2041 1665 2258 1721 omnibu
2301 1718 2306 1737 ,ι

348 1767 627 1842 sequitui,
657 1774 710 1825 et
737 1769 834 1842 qui
865 1769 1038 1845 impia
1064 1769 1186 1844 ejus
1219 1769 1483 1842 dogmata
1512 1769 1812 1840 confirmat.
2268 1774 2270 1777 '

423 1866 835 1941 Respondetw:
869 1870 1143 1943 Equidem
1178 1869 1490 1926 Honorium
1518 1874 1777 1926 secutum
1810 1873 2058 1924 mentem
2094 1854 2306 1940 Sergii

348 1967 401 2020 in
430 1968 666 2023 omnibus
698 1987 817 2041 quae
838 1969 1183 2042 postulabat
1171 1988 1229 2024 1n
1261 1969 1498 2044 epistola
1538 1987 1640 2024 sua
1670 1968 1818 2024 idem
1859 1966 2122 2040 Sergius3
2156 1947 2306 2024 noni.

344 2068 530 2120 autem
565 2068 617 2121 in
660 2067 900 2123 amitibus
943 2087 1059 2141 quae
1094 2069 1398 2124 intendebat
1442 2076 1492 2123 et
1514 2068 1770 2122 sentiebat
1810 2066 2111 2122 haereticus
2150 2065 2261 2122 ille.

342 2161 661 2221 Postulabat
691 2164 939 2240 Sergius,
968 2174 1030 2223 ut
1064 2166 1345 2223 Honorius
1369 2166 1726 2234 rescriberet,
1754 2163 2126 2220 omittendam
2148 2181 2235 2220 ess

340 2263 455 2320 sive
490 2265 664 2322 unius
696 2266 813 2323 sive
850 2267 1094 2342 duplicis
1138 2266 1483 2342 operationis
1520 2265 1898 2331 locutionem,
1939 2282 2002 2320 ao
2030 2264 2264 2339 insuper

341 2368 401 2418 ut
444 2363 820 2439 Sophronium
851 2373 902 2422 et
929 2366 1071 2422 alios
1104 2365 1172 2421 ad
1198 2365 1348 2421 idem
1383 2364 1708 2420 adduceret.
1741 2362 1804 2419 Et
1836 2363 1894 2418 in
1920 2361 2007 2418 his
2035 2360 2285 2440 quideml'f

339 2466 575 2521 omnibus
617 2465 793 2540 Sergii
830 2472 1077 2523 mentem
1119 2471 1347 2522 secutus
1393 2472 1475 2522 est
1531 2463 1833 2520 Honorius.
1875 2462 2027 2527 Quod
2075 2443 2270 2520 autem³

338 2571 567 2622 secutus
594 2584 723 2622 eum
761 2568 831 2623 sit
857 2568 1043 2642 quoad
1070 2565 1498 2623 monothelismi
1531 2563 1814 2633 haeresim,
1845 2581 1957 2619 non
1995 2562 2133 2619 dicit
2168 2581 2266 2638 sy.»

337 2664 545 2735 nodus,
572 2672 624 2722 et
651 2667 880 2724 omnino
918 2667 1128 2724 falsum
1156 2674 1259 2724 est.
1289 2668 1362 2722 De
1398 2683 1532 2722 voce
1568 2667 1871 2737 confirmat,
1902 2682 2014 2720 non
2043 2669 2124 2719 est
2157 2661 2267 2719 dis-i

335 2764 590 2833 ficultas;
624 2766 733 2822 dici
765 2768 915 2823 enim
946 2773 1127 2842 potest
1161 2766 1490 2823 confirmari
1512 2765 1771 2822 haeresim
1802 2765 1871 2820 ab
1902 2765 2001 2820 illo
2027 2764 2125 2839 qui
2149 2759 2263 2839 ipsi-⁵

334 2862 499 2933 favet,
527 2870 579 2919 et
615 2882 784 2920 causa
819 2871 902 2921 est
929 2882 1031 2921 cur
1064 2865 1363 2920 roboretur
1390 2882 1453 2919 ao
1491 2862 1662 2918 latius
1692 2869 2059 2938 propagetur.
2086 2861 2256 2918 ‘Porro

331 2961 610 3019 Honorius
644 2963 981 3037 negligentia
1006 2981 1130 3030 sua,
1154 2969 1206 3020 et
1227 2963 1406 3037 magis
1436 2968 1823 3038 opportunum
1855 2959 2243 3028 existimanda,

329 3061 376 3116 si
403 3080 502 3137 pro
549 3069 806 3138 tempore
847 3063 1256 3137 dissimularet,
1294 3070 1346 3119 et
1387 3062 1682 3119 silentium
1725 3061 1907 3136 quoad
1951 3068 2245 3133 utramque

331 3160 675 3219 locutionem
708 3162 1021 3239 imponeret
1052 3169 1221 3237 atque
1259 3163 1334 3220 ita
1359 3163 1805 3221 controversiam
1848 3161 2078 3237 sopiret,
2105 3159 2243 3216 dioto

332 3260 497 3317 modo
523 3280 654 3319 vere
689 3262 871 3320 extitit
898 3264 1174 3320 haereseos
1207 3264 1576 3335 confirmator.

407 3362 464 3416 4⁰
503 3361 786 3437 Objiciunt
809 3363 1000 3434 verba,
1030 3363 1238 3437 quibus
1265 3361 1612 3419 anathemati
1644 3379 1774 3416 cum
1817 3359 2032 3416 caeteris
2074 3359 2238 3414 haere·

332 3459 456 3514 tiois
483 3461 773 3535 subjectus
806 3462 912 3519 fuit
960 3463 1270 3519 Honorius:
1302 3461 1512 3518 Etcum
1541 3463 1614 3518 eis
1657 3458 1975 3527 Honorium,
2016 3459 2104 3530 qui
2141 3453 2261 3536 suit*

332 3556 511 3613 Romae
548 3562 764 3634 praesul,
804 3571 987 3637 utpote
1026 3565 1113 3636 qni
1144 3581 1232 3618 eos
1272 3564 1327 3617 in
1377 3562 1453 3616 eis
1480 3568 1688 3617 secutus
1730 3565 1809 3613 est
1850 3555 1997 3630 (vide
2047 3567 2234 3628 supra,

331 3653 440 3725 ΞΞ,
482 3655 818 3716 documento
864 3662 1016 3732 Vlll).
