2262 3990
294 151 383 200 594
972 142 1270 192 TRACTATUS
1298 142 1366 191 DE
1396 143 1540 192 PAPA.

369 258 587 331 objicies
641 255 714 310 1⁰.
755 283 833 293 -
867 249 1184 326 Epistolam
1239 249 1501 328 Cypriani
1537 251 1610 310 ad
1650 252 1980 331 Pompeium
2027 257 2250 323 citavit.

298 361 528 414 sanctus
561 350 936 425 Augustinus3
978 369 1108 426 ergo
1143 351 1389 426 genuina
1419 359 1524 411 est.
2255 371 2259 374 ·

361 449 685 524 'Respondeo
707 469 723 502 :
754 448 1033 523 Equidem
1059 449 1127 506 de
1148 449 1243 507 illa
1269 450 1507 526 epistola
1530 452 1879 513 mentionem
1906 452 2040 512 fecit
2060 447 2252 539 saum}

289 557 384 608 tus
420 548 798 623 Augustinus,
846 548 993 606 libro
1026 548 1071 604 V
1109 556 1296 606 contra
1336 550 1661 621 Donatistas‚
1716 551 1899 628 capite
1941 573 2082 628 xxm,
2127 555 2249 627 hisj.

292 649 480 707 verbis
519 670 531 703 z
582 649 664 706 Ad
707 650 1021 724 Pompeium
1066 652 1225 708 etiam
1262 653 1441 708 scribit
1471 652 1767 726 Cyprianus
1803 654 1867 709 de
1900 654 2000 710 hac
2035 639 2247 732 eadems's

284 769 364 817 re;
401 751 488 806 ubi
511 757 699 825 aperte
727 750 927 806 indicat
963 749 1314 825 Stephanum,
1344 769 1495 824 quem
1516 751 1773 809 Romanae
1792 753 2044 810 Ecclesiae
2064 753 2245 847 Epis·.·;¹

285 867 478 923 copum
518 856 640 906 tunc
679 851 847 924 fuisse
895 852 1193 922 didicimus,
1231 870 1338 908 non
1373 853 1543 909 solum
1578 854 1675 909 sibi
1709 854 1778 909 ad
1806 854 1912 909 ista
1941 871 2050 910 non
2095 848 2254 939 conl}

289 950 544 1019 sensisse,
575 967 755 1006 verum
777 952 935 1006 etiam
969 958 1155 1007 contra
1179 953 1451 1025 scripsisse
1486 960 1643 1026 atque
1666 956 2007 1027 praecepisse.
2037 942 2246 1034 Atque?1

292 1047 527 1119 ibidem,
559 1050 743 1126 capite
762 1069 864 1105 xxv
891 1072 901 1104 :
937 1051 1062 1108 Jam
1086 1051 1179 1108 illa
1206 1055 1406 1125 quaein
1439 1051 1770 1126 Stephanum
1805 1056 1975 1110 iratus
2001 1038 2246 1127 effudisti*

293 1155 591 1205 retractare
620 1150 767 1221 noI0,
806 1151 930 1222 quia
970 1158 1021 1205 et
1059 1168 1189 1222 opus
1222 1167 1328 1205 non
1360 1158 1456 1206 est.
1496 1150 1699 1207 Eadem
1737 1154 1928 1226 quippe
1972 1154 2093 1225 ipsa
2135 1140 2262 1238 cli-ff

291 1255 500 1318 cuntur,
530 1266 645 1321 quae
662 1253 776 1321 jam
802 1250 934 1303 satis
975 1247 1214 1303 discussa
1241 1255 1473 1311 sunt‚·'et
1509 1267 1574 1304 ea
1598 1251 1880 1323 praeterire
1902 1250 2090 1306 metius
2115 1257 2212 1323 est,
2239 1246 2262 1324 ξ

247 1364 408 1419 ‚quae
459 1347 760 1419 periculum
807 1347 1119 1420 perniciosae
1164 1347 1511 1402 dissensionis
1553 1347 1870 1403 habuerunt.
1921 1347 2253 1422 Stephanus

288 1453 467 1500 autem
519 1452 570 1501 et
614 1447 954 1502 abstinendos
995 1454 1280 1520 putaverat
1322 1448 1409 1520 qui
1455 1447 1519 1503 de
1563 1447 1912 1521 suscipiendis
1955 1449 2213 1507 haereticis

279 1546 513 1618 priscam
545 1546 976 1603 consuetudinem
1010 1546 1303 1603 convellere
1329 1554 1671 1603 conarentur.
1709 1546 1813 1603 Iste
1839 1555 2015 1603 autem
2046 1566 2212 1621 quaes-
2231 1547 2247 1610 J

282 1648 442 1701 tionis
465 1648 633 1720 ipsius
666 1647 983 1720 difficultate
1003 1655 1300 1723 permotus,
1334 1655 1385 1704 et
1408 1650 1606 1704 sanctis
1635 1649 1907 1704 charitatis
1932 1625 2251 1734 visceribus}

295 1745 591 1818 Iarqissiine
624 1749 904 1821 praeditus,
954 1751 1009 1805 in
1041 1750 1247 1804 unitate
1286 1750 1361 1804 eis
1385 1749 1705 1804 manendum
1736 1750 1822 1821 qui
1852 1749 2064 1804 diversa
2094 1746 2246 1820 sen-*J

294 1846 475 1900 tirent.
527 1845 628 1915 Ita,
668 1850 904 1919 quamvis
936 1850 1244 1904 commotius
1277 1848 1372 1903 sed
1410 1855 1585 1902 tamen
1615 1847 1857 1917 fraterne
1889 1849 2206 1922 indiqnetur,
2228 1902 2243 1930 ³

286 1943 407 1997 vicit
446 1950 619 1999 tamen
649 1963 762 2018 pax
791 1946 987 2001 Christi
1022 1948 1078 2000 in
1109 1947 1354 2001 cordibus
1389 1965 1590 2012 eorum,
1637 1954 1695 2002 ut
1724 1950 1778 2003 in
1815 1948 1909 2003 tali
1946 1948 2209 2021 discrepa-
2231 1943 2246 1995 -ἶ

288 2041 430 2096 tione
471 2042 672 2097 nullum
712 2046 851 2099 inter
891 2062 979 2099 eos
1015 2043 1213 2098 malum
1256 2044 1555 2100 schismatis
1592 2049 1844 2100 oriretur.
1889 2046 2057 2102 Porro
2098 2046 2249 2103 haec„

283 2138 587 2211 Augustini
636 2141 783 2197 dicta
835 2161 948 2198 non
1000 2143 1243 2218 probant
1291 2142 1598 2215 genuinam
1654 2161 1778 2200 esse
1829 2143 2088 2220 Cypriani
2143 2141 2255 2223 ads,¹

278 2235 610 2312 Pompeium
659 2240 977 2315 epistolam.
1015 2240 1151 2295 Nam
1207 2241 1562 2298 documentis
1613 2241 1892 2316 ejusmodi
1943 2223 2240 2317 Cypriane⁴v

280 2336 593 2409 attributis,
641 2346 693 2395 et
745 2358 871 2414 quae
926 2359 956 2397 a
1004 2340 1310 2397 Donatistis
1354 2340 1794 2414 objiciebantur,
1839 2340 2234 2418 respondebat

282 2444 514 2494 sanctus
564 2439 914 2515 Augustinus
958 2443 1311 2516 hypothetice,
1361 2441 1417 2496 id
1461 2447 1565 2513 cst,
1614 2440 1672 2496 in
1722 2442 2013 2516 hypothesi
2060 2421 2245 2515 quod¹⁴

281 2536 528 2606 genuina
551 2547 760 2597 essent.
800 2542 957 2606 Quod
985 2545 1174 2597 autem
1214 2559 1406 2597 revera
1437 2539 1574 2598 talia
1610 2540 1815 2607 forent,
1857 2559 1968 2597 non
2006 2540 2205 2598 admit-

276 2633 433 2691 tebat
464 2642 527 2691 ut
556 2646 798 2710 eertum,
832 2642 929 2698 sed
964 2646 1190 2698 econtra
1227 2659 1390 2697 suam
1430 2639 1498 2696 de
1537 2640 1643 2696 hoc
1669 2639 2083 2696 dubitationem
2114 2627 2228 2718 θὶς-ζ

277 2752 477 2809 presse
511 2736 833 2794 declaravit.
872 2740 1190 2796 Generatim
1230 2740 1439 2814 quippe
1474 2739 1661 2813 quoad
1696 2739 1887 2796 omnia
1927 2737 2219 2813 ejusmodi,

280 2833 643 2907 documenta,
677 2836 850 2892 dixit:
891 2838 1222 2911 Quamquam
1249 2857 1355 2893 non
1389 2840 1579 2908 desint,
1623 2840 1711 2910 qui
1751 2839 1845 2894 hoc
1888 2839 2228 2912 Cyprianum.

273 2953 498 3008 prorsus
528 2955 633 2993 non
674 2941 900 2994 sensisse
938 2942 1278 3009 contendant,
1316 2940 1410 2995 sed
1450 2942 1543 2995 sub
1586 2940 1696 3012 ejus
1740 2944 1950 2995 nomine
1997 2960 2028 2996 a
2063 2952 2199 3014 prae'-

280 3039 634 3110 smnptoribus
666 3045 830 3112 atque,
847 3041 1181 3096 mendacibus
1213 3041 1379 3112 fuisse
1419 3042 1719 3113 confictum.
1763 3040 1943 3113 Neque
1972 3043 2108 3096 enim
2130 3034 2220 3094 sic'

275 3141 455 3210 potuit
495 3141 773 3212 inteqritas
810 3146 968 3212 atque
1003 3142 1196 3195 notitia
1228 3139 1524 3195 litterarum
1554 3141 1705 3195 unius
1749 3140 2032 3212 quamlibet
2057 3130 2199 3193 illus·

281 3239 380 3292 tris
417 3238 665 3312 Episcopi
694 3239 1024 3296 custodiri...
1061 3238 1325 3314 (Epistola
1361 3238 1428 3294 ad
1445 3237 1803 3294 Vincentium
1834 3237 2194 3310 Rogatistam*‚

283 3355 521 3410 operum
560 3344 716 3394 tomo
746 3338 816 3411 ll,
853 3339 958 3396 col.
997 3338 1130 3410 246,
1167 3337 1433 3395 editionis
1467 3336 2004 3408 Benedictinorum).
2048 3335 2109 3389 Et
2134 3331 2196 3387 de

282 3433 538 3509 Cypriani
568 3437 637 3494 ad
663 3438 1009 3495 Jubaianum
1046 3438 1280 3513 epistola
1312 3438 1454 3495 dixit
1481 3459 1492 3492 :
1529 3438 1619 3496 Vel
1643 3443 1857 3493 sanctus
1887 3435 2216 3508 Cyprianus,

281 3531 359 3584 vel
402 3536 711 3609 quicumque
755 3538 901 3595 illam
943 3541 1159 3614 scripsit
1203 3538 1484 3612 epistolam
1533 3536 1699 3610 (libro
1733 3535 1778 3590 ΙΙ
1818 3542 2003 3590 contra
2046 3531 2195 3588 Cres-

283 3628 508 3694 conium,
544 3633 726 3707 capite
758 3635 937 3709 xxxii).
976 3635 1043 3694 Et
1073 3636 1257 3711 capite
1289 3633 1626 3711 praecedenti
1664 3632 1921 3688 dixerat:
1962 3625 2196 3696 Quandiu
