2262 3990
783 172 911 220 PARS
939 168 1141 218 TERTIA.
1816 158 1905 206 609

41 299 169 341 cum
191 298 355 337 nemo
379 278 590 337 nesciat
619 296 734 351 eas,
762 279 832 336 ob
856 277 989 346 vim,
1010 278 1224 332 metum
1247 276 1299 329 et
1323 268 1570 338 fraudes,
1590 265 1905 325 necessaria

41 377 290 435 libertate
323 376 601 447 caruisse;
642 395 811 450 quam
859 376 928 433 ob
971 390 1218 442 causam,
1245 387 1355 426 non
1385 364 1634 425 conciliis
1672 382 1908 423 oecume-

43 472 200 543 niciS,
239 472 334 531 sed
357 472 743 529 conciliabulis
774 471 1241 528 adnumerantur.

118 569 252 626 2⁰<1d
282 587 566 643 nunquam
597 568 913 641 contingere
938 571 1138 641 potest.
1159 564 1293 619 Nam
1313 561 1381 619 ad
1399 561 1644 618 divinam
1661 559 1915 618 Ecclesiae

46 665 491 723 constitutionem
514 665 747 740 pertinet
778 669 838 720 ut
875 663 945 719 sit
991 679 1190 736 corpus
1221 660 1453 728 morale,
1493 666 1756 716 constans
1796 659 1918 734 plu·

47 761 198 818 ribus
225 761 493 819 membris
515 767 571 818 et
610 760 806 835 capite.
839 757 993 823 Quod
1026 757 1100 814 sit
1142 774 1327 828 corpus
1348 757 1566 828 morale,
1587 755 1654 811 .id
1675 762 1779 824 est,
1802 774 1919 812 om·-

48 858 205 915 niun·
229 859 428 916 Christi
457 858 705 915 fidelium
732 856 984 926 societaS,
1010 854 1095 910 vel
1116 853 1238 927 ipsa
1263 853 1516 910 Ecolesiae
1544 853 1919 911 denominatio

48 957 184 1014 etin
230 956 578 1014 catechismis
633 961 850 1030 recepta
892 952 1138 1010 definitio
1178 951 1538 1007 manifestum
1595 952 1746 1010 facit.
1784 953 1922 1035 ltem

50 1053 196 1128 quod
222 1054 499 1110 Romanus
522 1052 768 1109 Pontifex
794 1052 885 1116 sit,
916 1069 983 1107 ex
1010 1049 1365 1106 institutione
1386 1049 1608 1114 Christi,
1639 1050 1923 1107 universa-

49 1151 119 1208 lis
146 1150 398 1207 Ecclesiae
428 1158 597 1224 caput,
625 1156 779 1223 pater
808 1154 861 1204 et
888 1148 1096 1219 doctor,
1135 1147 1298 1222 plena
1329 1154 1381 1202 et
1409 1165 1670 1220 suprema
1710 1147 1925 1221 pollens

54 1254 315 1323 potestate
341 1265 462 1303 eam
489 1247 714 1320 regendi
744 1266 805 1303 ac
827 1245 1191 1319 gubernandi,
1227 1244 1424 1318 dogma
1451 1251 1532 1300 est
1572 1245 1717 1319 apud
1745 1244 1928 1300 catho-

56 1344 190 1401 licos
236 1352 386 1401 extra
435 1362 653 1400 omnem
699 1342 1126 1399 controversiam
1168 1341 1434 1415 positum.
1470 1341 1540 1396 Ea
1586 1341 1811 1413 quidem
1846 1347 1931 1397 est

59 1443 285 1516 corporis
311 1444 521 1498 moralis
555 1459 651 1498 seu
681 1440 953 1498 societatis
979 1446 1198 1510 natura,
1231 1447 1294 1495 ut
1327 1440 1558 1495 deficere
1584 1440 1756 1513 possit
1777 1446 1930 1511 caput

61 1559 156 1597 seu
193 1546 373 1597 rector
405 1540 473 1595 ad
519 1546 735 1614 tempus
781 1539 950 1613 (verbi
980 1539 1178 1612 gratia,
1232 1556 1295 1594 eo
1350 1538 1635 1593 intervallo
1671 1538 1815 1611 quod
1848 1537 1931 1591 in-

60 1635 285 1692 tercedit
314 1634 455 1690 inter
502 1642 735 1690 mortem
766 1633 933 1689 unius
975 1640 1028 1688 et
1056 1633 1392 1689 successoris
1427 1632 1772 1703 electionem)
1795 1633 1930 1705 quin

61 1750 262 1807 corpus
292 1732 571 1804 reliquum
592 1732 775 1788 vivere
801 1732 1046 1798 desinat;
1084 1731 1151 1788 ad
1173 1731 1545 1787 differentiam
1575 1731 1788 1786 scilicet
1809 1750 1931 1787 cor-

60 1829 207 1901 poris
235 1829 465 1903 physici,
495 1848 523 1884 a
551 1847 660 1901 quo
689 1829 734 1885 si
786 1829 1144 1884 abscindatur
1182 1835 1365 1902 caput,
1397 1833 1575 1883 totum
1598 1828 1759 1901 perit.
1791 1829 1928 1883 Nam

60 1945 123 1982 eo
152 1926 438 1983 intervallo
471 1932 704 2001 pergunt
729 1928 896 1999 legeS,
925 1933 1045 1981 tum
1068 1943 1133 1980 ex
1164 1925 1350 1982 divino
1377 1927 1526 1999 jure,
1566 1933 1682 1982 tum
1713 1945 1776 1981 ex
1803 1945 1930 1982 auc-

62 2025 277 2082 toritate
321 2025 564 2082 defuncti
615 2024 844 2081 rectoris
895 2030 1208 2094 manantes,
1241 2025 1352 2081 vim
1381 2044 1541 2080 suam
1584 2026 1642 2080 in
1675 2025 1929 2082 Ecclesiae

63 2121 309 2178 membra
342 2121 678 2178 sufficienter
702 2140 978 2190 exercere,
1007 2129 1068 2178 ut
1102 2122 1158 2176 in
1184 2123 1396 2178 unitate
1428 2122 1616 2178 sociali
1651 2123 1930 2179 retinean-

51 2223 163 2288 tur,
211 2236 310 2274 nec
351 2218 605 2274 desinant
645 2224 911 2290 tanquam
955 2218 1187 2274 societas
1225 2219 1423 2275 vivere.
1470 2220 1534 2274 At
1562 2237 1688 2274 vero
1714 2219 1780 2287 si,
1814 2220 1933 2274 vivo

51 2315 302 2372 Ecclesiae
332 2322 543 2372 rectore
587 2333 683 2371 scu
708 2315 908 2388 capite,
948 2314 1002 2369 id
1029 2321 1134 2382 est,
1165 2315 1409 2371 Romano
1439 2315 1716 2381 pontifice,
1749 2315 1931 2388 ipsum

53 2413 196 2469 inter
223 2419 274 2468 et
299 2412 576 2485 reliquum
603 2430 803 2486 corpus
847 2411 1039 2468 scissio
1064 2412 1236 2484 fieret,
1271 2414 1454 2468 statim
1497 2415 1599 2469 hoc
1639 2413 1757 2487 ipso
1785 2415 1931 2487 peri-

0 2534 1 2539 *
55 2517 134 2567 ret
153 2516 205 2566 et
233 2510 464 2567 existere
489 2510 762 2566 desineret
778 2527 840 2565 ea
862 2509 1102 2565 Ecclesia
1132 2528 1301 2582 quam
1327 2530 1469 2566 snam
1492 2510 1628 2566 dixit
1654 2510 1925 2567 Christus,

0 2629 1 2660 τ
52 2607 220 2681 Hujus
250 2608 398 2665 enim
417 2608 590 2663 forma
614 2606 971 2664 constitutiva
998 2612 1100 2674 cst,
1133 2612 1195 2663 ut
1223 2608 1489 2665 existente
1521 2611 1767 2666 Romano
1794 2611 1929 2666 Pon-

0 2731 2 2738 >
57 2703 220 2774 tifice‚
272 2705 319 2761 ei
341 2712 614 2777 tanquam
641 2703 806 2778 capiti
834 2709 1030 2760 caetera
1067 2706 1318 2761 membra
1364 2706 1420 2762 in
1450 2707 1722 2763 unitatem
1752 2727 1850 2765 seu
1873 2709 1930 2764 in

58 2819 232 2856 unum
252 2820 451 2876 corpus
488 2803 795 2861 cohaereant
822 2827 832 2869 3
881 2803 1171 2860 deficiente
1200 2812 1386 2862 autem
1429 2807 1565 2877 (sive
1596 2826 1692 2882 per
1718 2808 1929 2865 obitum

61 2897 171 2952 sive
195 2914 289 2970 per
317 2897 732 2972 demissionem)
764 2901 1009 2957 Romano
1058 2903 1315 2967 Praesule‚
1365 2903 1510 2959 alius
1560 2905 1608 2960 ei
1635 2905 1931 2961 succedere

60 2990 272 3046 debeat.
322 2991 471 3046 Unde
510 2993 747 3050 Ecclesia
788 2996 990 3052 Christi
1029 3016 1148 3054 esse
1194 2999 1386 3071 nequit
1429 3018 1547 3071 quae
1573 3000 1724 3056 aliud
1769 3007 1934 3075 caput.

62 3103 227 3160 quarn
252 3086 559 3143 Romanum
600 3089 915 3146 Pontificem
953 3091 1173 3149 habeat.
1212 3094 1317 3150 Nec
1359 3094 1548 3151 minus
1587 3101 1802 3151 certum
1827 3104 1931 3168 est,

0 3206 8 3229 ι
62 3203 126 3242 ex
176 3184 283 3240 fine
319 3185 387 3240 ob
424 3203 590 3257 quem
626 3186 919 3244 Ecclesiam
950 3206 1108 3244 suam
1147 3189 1390 3249 instituit
1421 3192 1692 3263 ChristuS,
1727 3193 1931 3252 dictam

0 3290 11 3336 ³
64 3281 330 3338 unitatem
354 3288 519 3355 caput
546 3281 690 3338 inter
714 3288 768 3339 et
796 3301 997 3358 corpus
1030 3282 1336 3358 reliquum,
1371 3289 1424 3343 in
1456 3289 1559 3360 fide
1584 3290 1931 3365 potissimum

0 3375 14 3426 l
63 3377 381 3435 consistere.

5 3468 14 3477 ’
135 3476 252 3531 Jam
286 3491 436 3543 vero,
467 3475 513 3531 si
558 3476 900 3550 contingeret
947 3477 1003 3533 in
1045 3478 1280 3538 concilio
1327 3483 1666 3544 oecumenico
1699 3484 1860 3547 aliter
1901 3508 1929 3546 a

64 3568 205 3645 Papa
231 3575 283 3626 et
331 3569 489 3628 aliter
523 3589 554 3629 a
578 3577 691 3630 tota
728 3570 940 3647 reliqua
975 3574 1185 3650 synodo
1217 3576 1379 3635 fidem
1406 3579 1644 3651 definiri,
1678 3583 1781 3642 hoc
1809 3584 1931 3662 ipso

303 3690 350 3724 ιι.
1668 3689 1726 3740 59
1752 3689 1775 3710 ’
