2306 4010
791 211 920 259 PARS
950 210 1195 258 SECUNDA.
1292 270 1296 274 ᾗ
1650 228 1653 230 ·
1858 206 1944 254 177

66 334 170 396 tus,
200 341 308 380 non
351 323 521 378 solum
563 320 800 390 Petrum,
833 320 925 375 sed
971 321 1129 375 etiam
1170 319 1280 390 ejus
1326 332 1647 386 successores
1682 313 1947 371 Romanos

62 424 366 494 Pontifices.
396 453 465 462 —
486 419 623 476 Nam
655 418 887 493 apostoli
908 419 1010 474 hac
1035 414 1453 474 confirmatione
1475 413 1620 470 Petri
1654 430 1769 470 non
1802 411 1949 469 indi-

64 521 289 596 gebant3
333 518 464 591 quia
510 517 566 572 in
605 516 692 572 die
721 516 1064 572 Pentecostes
1101 531 1200 589 per
1231 512 1502 588 Spiritum
1551 510 1820 567 Sanctum
1859 526 1950 565 ac-

66 616 281 693 cepturi
300 621 457 673 erant
485 613 796 689 (personale
819 619 1006 669 tamen
1038 616 1092 666 et
1124 628 1253 666 cum
1282 609 1420 684 ipsis
1442 606 1757 679 finiturum)
1792 606 1950 663 inde-

67 712 327 770 fectibilis
374 710 500 767 fidei
549 707 921 784 privilegium.
961 706 1134 778 Igitur
1182 705 1358 760 voluit
1408 705 1684 775 Christus,
1726 704 1950 760 Petrum

71 809 514 866 confirmatorem
534 805 772 861 fratrum
792 801 1204 871 constituendO,
1225 801 1515 876 providere
1539 800 1798 857 Ecclesiae
1814 817 1953 872 suae,

69 923 182 962 non
212 910 429 962 tantum
461 901 644 976 quoad
690 900 894 956 viveret
926 899 1143 966 PetruS‚
1174 898 1270 954 sed
1313 903 1438 971 post
1477 898 1596 971 ejus
1636 898 1803 954 etiam
1837 897 1990 954 obi-'

70 1008 212 1073 tum,
239 1019 416 1074 usque
439 1001 509 1056 ad
533 996 1074 1055 consummationem
1103 994 1314 1051 saeculi.
1344 994 1477 1066 Ergo
1503 994 1559 1048 in
1589 1012 1825 1068 persona
1865 996 1960 1051 Pe-

75 1101 148 1159 tri
178 1099 440 1172 legitimis
475 1097 654 1173 ipsius
694 1089 1112 1154 successoribus
1150 1093 1321 1150 simul
1350 1091 1632 1149 commisit
1666 1092 1868 1148 fratres
1902 1092 1960 1146 in

74 1197 181 1254 fide
227 1195 591 1253 confirmandi
627 1193 893 1251 officium.
919 1193 1076 1258 Quod
1127 1190 1354 1247 aliunde
1395 1189 1679 1262 colligitur
1720 1207 1787 1245 ex
1838 1206 1962 1262 per-

78 1302 241 1370 petua
281 1294 575 1350 traditione
610 1293 856 1359 Patrum‚
906 1291 1108 1364 quibus
1147 1289 1226 1344 nil
1266 1288 1612 1362 frequentius
1665 1293 1748 1343 est
1792 1304 1961 1359 quam

82 1391 196 1447 haee
232 1392 396 1447 verba
439 1390 640 1446 Christi
687 1389 948 1460 allegare,
1002 1394 1065 1442 ut
1098 1386 1333 1441 Romani
1368 1384 1646 1441 Pontificis
1689 1384 1878 1440 fideles
1911 1391 1964 1440 et

82 1484 326 1550 fidelium
360 1493 604 1560 pastores
647 1485 704 1538 in
746 1483 853 1539 fide
884 1481 1247 1538 confirmandi
1275 1480 1627 1555 privilegium
1659 1480 1962 1536 auctorita·

88 1587 307 1655 temque
351 1580 761 1639 commendent.

158 1680 436 1735 Paorosmo
475 1681 576 1734 ΙΨ.
603 1711 671 1718 -
700 1678 937 1735 Christus
970 1679 1046 1732 sic
1080 1676 1438 1732 constituendo
1481 1676 1773 1731 Romanum
1819 1675 1961 1730 Pon-

86 1778 273 1846 tificem
293 1779 517 1847 fratrum
546 1777 976 1846 confirmatorem,
1007 1775 1101 1828 hoc
1132 1776 1243 1846 ipso
1272 1790 1388 1827 eam
1410 1773 1676 1827 constituit
1701 1773 1754 1824 in
1781 1771 1963 1826 decer-

81 1872 252 1926 nenda
278 1873 382 1942 sicle
403 1873 743 1943 infallibilem.
762 1904 830 1912 —
855 1871 990 1925 Nam
1016 1888 1081 1926 ex
1110 1869 1492 1944 propositione
1524 1869 1590 1937 II,
1644 1869 1764 1924 ideo
1791 1869 1969 1925 Chris-

79 1974 171 2023 tus
194 1966 411 2022 Petrum
441 1967 728 2022 constituit
751 1967 990 2022 fratrum
1011 1967 1483 2036 confirmatorem,
1511 1971 1571 2021 ut
1601 1967 1804 2021 horum
1828 1965 1966 2022 fides

82 2063 249 2120 illaesa
282 2071 334 2119 et
367 2063 594 2120 immota
620 2064 961 2138 persisteret.
994 2065 1134 2137 Ergo
1179 2064 1353 2120 voluit
1397 2070 1458 2119 ut
1500 2064 1557 2118 in
1588 2064 1833 2120 Ecclesia
1865 2082 1965 2120 sua

79 2150 205 2218 fidei
227 2161 512 2232 integritas
542 2161 836 2218 efficaciter
859 2162 1199 2218 retineretur
1233 2167 1282 2216 et
1321 2161 1644 2217 indeficiens
1672 2180 1962 2235 permane-

81 2262 166 2310 ret
185 2273 281 2327 per
314 2242 731 2311 confirmantem
766 2257 990 2312 Petrum
1026 2275 1123 2312 seu
1147 2257 1459 2311 Romanum
1490 2258 1826 2312 Pontificem.
1861 2259 1965 2314 Sed

86 2348 212 2404 fidei
239 2349 521 2419 integritas
576 2367 685 2404 non
726 2357 904 2423 potest
932 2344 1255 2407 indeficiens
1299 2353 1616 2408 conservari
1645 2371 1743 2425 per
1770 2353 1968 2408 confir-

89 2449 330 2499 mantem
360 2443 667 2500 Romanum
689 2446 1030 2518 Pontificem,
1059 2448 1165 2503 nisi
1191 2448 1476 2504 Romanus
1506 2449 1748 2504 Pontifex
1777 2468 1963 2506 veram

90 2540 252 2596 fidem
292 2546 440 2595 certo
474 2547 526 2594 et
574 2558 792 2616 semper
820 2545 1128 2610 confirmet,
1159 2563 1257 2601 seu
1292 2545 1399 2600 nisi
1446 2545 1518 2600 sit
1552 2546 1609 2600 in
1632 2545 1965 2603 dirimendis

90 2636 215 2693 fidei
239 2638 627 2694 controversiis
677 2639 1009 2696 infallibilis.
1041 2642 1330 2716 Repugnat
1354 2644 1502 2698 enim
1532 2645 1848 2700 conservari
1878 2646 1964 2701 in-

88 2733 399 2807 tegritatem
427 2734 552 2791 fidei
575 2752 674 2808 per
700 2754 991 2794 erroneam
1016 2747 1112 2796 aut
1134 2740 1450 2797 haereticam
1479 2741 1844 2798 decisionem.

159 2831 432 2887 Pnoeosmo
454 2832 867 2905 V³.—Systema
889 2835 1233 2906 Gallicanum,
1267 2838 1697 2910 infallibilitatem
1727 2839 1963 2894 Romano

90 2924 330 2997 Pontifici
354 2928 610 3002 deneqans
651 2937 696 2985 et
731 2948 845 2986 eam
878 2936 1028 2987 coetui
1056 2933 1430 3006 Episcoporum
1458 2936 1710 3005 tribuens,
1739 2937 1964 2990 adversa

90 3022 263 3092 fronte
286 3032 477 3095 puynat
512 3043 623 3081 cum
648 3027 818 3083 divino
860 3028 1053 3086 Christi
1092 3031 1339 3095 oraculo;
1380 3040 1556 3103 estque
1593 3032 1820 3104 proinde
1864 3049 1962 3103 pro

90 3115 226 3187 salso
253 3135 468 3190 prorsus
515 3123 802 3180 habendum
841 3135 891 3181 et
933 3145 1258 3201 summopere
1304 3114 1707 3183 abhorrendum.
1737 3128 1961 3183 —Nam
2036 3161 2042 3165 -

84 3212 242 3285 juxta
275 3214 378 3270 hoc
407 3222 663 3291 systema,
693 3220 970 3280 Romanus
996 3224 1267 3294 Pontifex,
1304 3230 1498 3297 utpote
1521 3223 1797 3293 fallihilis,
1831 3242 1961 3280 con-

87 3306 393 3367 firmandus
411 3320 462 3369 et
492 3315 846 3389 corrigendus
877 3327 1020 3376 esset
1053 3338 1151 3394 per
1175 3328 1380 3376 coetum
1410 3319 1836 3392 Episcoporum,
1865 3327 1954 3378 ut-

89 3409 215 3478 pote
258 3405 626 3469 infallibilem.
677 3415 744 3471 At
788 3417 1062 3490 numquid
1108 3417 1248 3471 dixit
1290 3415 1540 3471 Christus
1575 3437 1584 3469 :
1628 3417 1819 3490 Roqavi
1860 3439 1959 3494 pro

88 3502 228 3558 vobis
255 3505 523 3577 fratribu&
566 3519 623 3566 ut
666 3530 771 3566 non
807 3514 1015 3582 deficiat
1039 3513 1169 3583 fides
1187 3520 1396 3575 vestra,-
1420 3529 1509 3567 vos
1540 3513 1751 3570 Petrum
1777 3520 1963 3589 confir-

90 3600 261 3654 mate?
291 3600 399 3657 Hoc
437 3621 571 3659 sane
595 3622 708 3661 non
740 3606 942 3662 effatus
981 3612 1062 3662 est
1109 3605 1407 3672 D01ninus;
1439 3607 1531 3665 sed
1558 3608 1722 3683 plane
1746 3620 1961 3671 contra-

325 3724 376 3756 1¹.
1662 3724 1720 3772 12
