2262 3990
222 144 311 193 550
435 185 440 189 .
898 135 1187 185 TRACTATUS
1216 136 1282 185 DE
1311 137 1457 188 PAPA.

219 251 376 309 tibus
402 248 645 312 Socrate,
674 242 982 300 Sozomeno
1013 249 1066 302 et
1101 243 1435 322 NicephorO,
1469 246 1539 305 ad
1569 247 1882 310 Orientales
1911 253 2135 330 Episco-

218 364 321 422 pos
363 341 587 416 scripsit
635 339 688 396 S.
729 340 915 398 Julius
953 343 1123 419 Papa,
1172 343 1335 401 irrita
1378 362 1502 404 esse
1535 353 1656 406 acta
1699 349 1893 425 synodi
1932 350 1993 407 in
2025 370 2134 427 qua
2195 332 2213 386 s

219 446 479 498 sanctum
503 438 877 496 Athanasium
909 439 1311 518 deposuerant,
1331 460 1395 502 eo
1418 446 1570 520 quod
1595 445 1716 523 ipse
1740 447 1809 504 ad
1835 466 1957 506 eam
1975 467 2137 530 syno-

217 538 354 594 dum
381 543 608 596 vocatus
635 557 748 595 non
775 539 998 610 fuisset;
1023 548 1074 599 et
1099 542 1318 600 addidit
1342 565 1352 598 :
1385 543 1521 613 Quin
1543 547 1698 603 irrita
1723 554 1846 604 suut
1875 565 2131 622 quaecum·-
2175 533 2222 601 ’ᾗ

215 655 313 710 que
340 646 539 712 praeter
563 641 878 696 sententiam
903 639 1130 698 Romani
1153 642 1427 716 Pontifici-s
1454 645 1778 719 efficiuntur.
1809 647 1948 722 Ergo
1978 648 2132 710 irrita

133 758 137 762 ⁴
214 744 346 813 sunt
374 739 544 797 etiam
575 739 798 798 decreta
829 740 1054 798 concilii
1085 744 1385 818 generalis,
1428 746 1475 803 si
1516 745 1650 804 fiant
1690 756 1893 823 praeter
1928 756 2230 818 senten-'v'-

205 840 359 911 tiam,
403 839 461 896 id
487 846 593 912 est,
624 840 744 898 sine
785 860 1063 900 consensu
1099 843 1338 902 Romani
1363 845 1666 905 Pontificis.
1697 881 1766 890 —
1795 848 1920 906 Jam
1967 867 2133 926 supra
2163 909 2166 911 ,
2203 923 2206 926 ¹

213 939 513 997 citavimus
547 940 813 998 Marciani
854 942 1214 1018 imperatoris
1258 944 1577 1020 epistolam,
1611 947 1761 1004 circa
1793 947 2033 1006 dubium
2065 967 2131 1009 an
2203 929 2208 1001 s

213 1038 335 1099 act'a
376 1041 851 1100 Chalcedonensis
894 1042 1119 1100 concilii
1165 1062 1196 1100 a
1240 1043 1417 1102 Leone
1471 1046 1614 1123 Papa
1654 1047 1897 1104 fuissent
1938 1065 2131 1125 appro-
2213 1103 2217 1108 .

211 1142 360 1210 bata;
397 1159 508 1216 quo
542 1146 724 1199 stante
757 1141 950 1212 duhi0‚
986 1142 1298 1215 negabatur
1325 1161 1356 1200 a
1383 1146 1677 1203 nonnullis
1717 1163 1913 1204 eorum
1941 1154 2132 1206 aucto-

212 1242 371 1298 ritas.
429 1241 492 1297 Et
539 1241 664 1297 ideo
711 1241 871 1299 enixe
916 1241 1238 1317 postulabat
1287 1244 1599 1319 imperator
1655 1246 1874 1305 litteras
1927 1248 2132 1322 quibus

213 1343 513 1399 manifesta
547 1341 703 1399 fieret
747 1343 944 1400 Leonis
983 1344 1334 1419 approbatio.
1367 1345 1432 1402 Et
1474 1345 1532 1402 in
1568 1346 1803 1421 epistola
1839 1347 2028 1420 CXVII,
2068 1349 2133 1407 ad

212 1441 386 1498 totius
429 1441 625 1517 synodi
660 1442 851 1499 Patres
893 1442 1129 1515 directa,
1177 1443 1310 1500 dicit
1354 1450 1584 1500 sanctus
1626 1445 1728 1502 Leo
1764 1464 1823 1502 se
1864 1446 2129 1521 scribere,

210 1560 280 1598 nc
319 1543 661 1600 haberentur
707 1546 923 1617 infirma
977 1553 1065 1600 aut
1106 1545 1283 1616 (lubia,
1333 1563 1448 1618 quae
1491 1543 1644 1602 nullu
1685 1554 1811 1602 suut
1853 1562 2130 1606 consensus

211 1646 314 1699 mei
365 1646 630 1700 sententia
683 1645 956 1700 roborata.
985 1676 1061 1686 ——-
1101 1643 1239 1700 Item
1286 1644 1585 1701 citavimus
1636 1644 1943 1721 septimum
2003 1636 2132 1704 con-

211 1742 409 1799 cilium
449 1745 886 1817 oecumenicum,
932 1764 962 1801 a
1010 1763 1119 1820 quo
1153 1751 1424 1819 tanquam
1468 1745 1763 1819 illegitima
1808 1746 2011 1821 rejecta
2049 1753 2130 1807 est

213 1844 472 1916 quaedam
515 1846 784 1919 synodus,
817 1864 882 1902 ex
926 1864 989 1902 ea
1021 1846 1261 1919 ratione,
1303 1845 1454 1920 quod
1491 1865 1598 1904 uon
1627 1847 1881 1905 habuerat
1925 1833 2127 1923 adjuto-

211 1961 323 1998 rem
372 1941 516 1998 *illius
566 1946 814 2016 temporis
869 1946 1164 2001 Romanum
1214 1946 1519 2018 Papam...,
1569 1949 2006 2020 quemadmodum
2048 1949 2131 2005 lex

215 2043 380 2098 dictat
414 2043 775 2100 conciliorum.
810 2044 951 2118 Ergo
989 2045 1073 2125 lea}
1099 2052 1176 2102 est
1220 2047 1582 2118 conciliorum,
1622 2054 1686 2104 ut
1712 2047 1892 2104 valida
1918 2055 1970 2105 et
1996 2047 2133 2122 legi³
2215 2066 2221 2070 ·

215 2142 355 2198 tima
402 2160 523 2199 esse
563 2150 805 2216 nequeat
844 2144 962 2200 ulla
998 2145 1276 2218 generalis
1312 2145 1590 2220 synoduS‚
1636 2145 1748 2203 nisi
1782 2146 1891 2203 sibi
1936 2146 2138 2205 habeat
2210 2198 2211 2201 ,

172 2229 175 2231 ’
217 2242 539 2315 adjutorem,
569 2241 626 2299 id
658 2247 762 2315 est,
793 2243 1247 2300 consentientem
1272 2244 1501 2319 Papam.
2207 2322 2210 2323 7

291 2339 559 2396 Probatur
596 2341 684 2399 VI.
721 2374 796 2382 -
825 2342 903 2398 Ex
941 2342 1183 2418 ipsomet
1227 2341 1510 2399 Gallicano
1550 2347 1872 2422 systemate.
1899 2375 1976 2384 --
2003 2342 2137 2399 Nam
2212 2364 2218 2422 j

216 2440 486 2498 Gallicani
530 2441 805 2515 theologi,
853 2441 1102 2499 infauste
1145 2441 1371 2516 quidem
1414 2442 1754 2500 contendere
1800 2442 2008 2500 audent
2050 2456 2140 2501 ue·

218 2542 505 2596 cessariam
544 2560 657 2598 non
699 2561 822 2599 esse
865 2542 1022 2598 illam
1063 2543 1219 2619 Papae
1265 2542 1750 2600 confirmationem
1793 2560 1893 2599 seu
1944 2556 2139 2618 appro-
2208 2526 2213 2599 Ἴ,

217 2638 528 2711 bationem,
562 2647 626 2697 ut
675 2642 938 2715 generale
979 2642 1285 2699 concilium
1332 2642 1551 2716 plenum
1591 2642 1753 2697 robur
1797 2641 2025 2700 habeat.
2064 2639 2140 2696 Ad
2215 2714 2220 2715 ⁷

218 2758 390 2814 quam
432 2741 855 2798 conclusionem
895 2761 989 2800 eos
1033 2743 1206 2817 adigit
1248 2761 1548 2800 erroneum
1579 2744 1647 2799 ab
1686 2741 1824 2817 ipsis
1857 2747 2138 2818 receptum

219 2837 591 2914 principium,
633 2857 835 2915 nempe
876 2842 1183 2898 concilium
1219 2861 1340 2899 esse
1372 2861 1542 2918 supra
1585 2843 1811 2918 Papam.
1843 2842 1908 2900 At
1942 2840 2140 2897 nihilo·
2189 2901 2194 2907 ,

222 2938 440 3008 minus,
477 2946 633 2996 extra
653 2958 849 2996 casum
886 2941 1402 2999 extraordinarium
1420 2943 1579 3019 Papae
1602 2942 1901 3014 dubii‚seu
1922 2939 2139 3017 quando

215 3037 350 3094 vivit
389 3038 532 3114 Papa
572 3045 760 3097 certus
796 3046 849 3097 et
895 3041 1272 3113 indubitatuS‚
1317 3042 1567 3100 fatentur
1610 3042 1988 3099 necessariam
2024 3054 2141 3098 esse

217 3136 402 3211 ipsius
435 3138 925 3196 confirmationem
964 3147 1027 3198 ut
1066 3141 1369 3198 concilium
1408 3141 1482 3199 sit
1525 3149 1666 3198 certo
1705 3140 2136 3210 oecumenicum,

216 3241 269 3291 ct
298 3237 365 3291 de
398 3237 505 3308 fide
538 3237 662 3295 sint
689 3238 812 3312 ejus
854 3239 1231 3298 definitiones¹
1264 3242 1424 3315 Ergo,
1470 3241 1610 3317 ipsis
1642 3241 1974 3310 fatentibuS‚
2015 3238 2137 3294 abs·-
2191 3253 2194 3257 ·

219 3351 329 3405 que
364 3337 768 3411 approbatione
792 3339 974 3415 Papae,
1005 3340 1245 3397 concilia
1271 3340 1556 3415 generalia
1586 3347 1718 3398 sunt
1755 3341 1953 3398 saltem
1988 3337 2136 3394 dubie

219 3438 557 3491 oecumenica.
587 3437 759 3494 Porro
802 3440 1108 3496 concilium
1152 3442 1307 3498 dubie
1342 3444 1712 3499 oecumeuicum
1760 3444 1863 3498 hoc
1898 3440 2018 3515 ipso
2040 3452 2135 3492 ne·
2180 3511 2185 3516 .

219 3527 341 3596 quit
372 3531 642 3606 obligare,
674 3553 738 3593 ac
759 3538 998 3613 proinde
1022 3539 1239 3596 nullius
1275 3545 1358 3597 est
1387 3541 1631 3610 roboris;
1663 3546 1716 3598 et
1742 3538 1885 3596 illud
1919 3536 2134 3611 plenum

214 3623 373 3677 robur
399 3630 548 3697 quod
576 3631 848 3692 Gallicani
876 3638 1139 3696 tribuunt
1165 3639 1407 3696 concilio
1438 3658 1470 3696 a
1495 3640 1638 3714 Papa
1662 3654 1776 3694 non
1807 3634 2136 3710 approbato,-
