2306 4010
811 210 939 259 PARS
969 207 1209 256 SECUNDA.
1866 203 1949 250 161

76 362 149 376 -
180 328 332 395 Quod
376 326 624 383 Christus
668 322 746 379 ibi
799 320 1053 393 designat
1101 313 1326 396 nomine
1361 318 1525 387 petrae
1561 315 1644 368 est
1699 309 1943 386 idipsum

76 426 224 502 quod
268 422 557 482 constituit
592 427 646 478 et
697 435 817 476 esse
845 394 1019 474 voluit
1062 410 1315 469 Ecclesiae
1351 427 1464 467 suae
1494 406 1943 465 fundamentum.

76 527 213 583 Nam
247 538 501 597 expresse
525 518 659 575 dicit
699 537 710 570 ε
747 514 1044 573 Ecclesiam
1093 527 1275 568 meam
1311 509 1578 581 aedilicabo
1613 525 1770 582 super
1816 508 1949 562 hanc

77 631 302 697 petram.
355 619 495 674 Sane
526 615 622 691 qui
663 611 958 670 aediflcium
1005 606 1211 663 extruit
1247 623 1403 680 super
1446 606 1672 678 aliquam
1714 613 1944 679 petram,

85 719 188 773 hoc
210 716 330 790 ipso
367 719 578 789 petram
599 709 765 764 istam
797 701 1010 762 aedificii
1042 701 1131 757 sui
1163 700 1591 757 fundamentum
1615 699 1744 756 facit
1768 717 1832 755 ac
1855 717 1951 773 po-

87 815 189 871 nit.
218 812 368 870 Unde
393 807 535 883 quod
571 811 719 879 petra
755 802 823 858 de
850 818 961 874 qua
994 799 1074 855 ibi
1100 797 1284 872 agitur
1322 798 1575 854 Ecclesiae
1599 798 1800 854 Christi
1827 797 1956 853 sun-

87 912 408 968 damentum
432 900 728 961 constituta
763 898 856 968 sit,
906 896 1098 952 nullus
1144 911 1349 968 negare
1377 900 1556 968 potest
1607 901 1702 950 aut
1735 894 1953 968 negavit

89 1023 352 1081 unquam.
371 1003 488 1058 Jam
506 1015 631 1055 vero
659 995 794 1069 quid
816 995 886 1050 sit
905 994 1002 1049 illa
1024 1000 1183 1066 petra
1198 991 1266 1047 de
1282 1009 1392 1064 qua
1410 991 1662 1063 loquitur
1679 991 1952 1060 Christus,

89 1100 475 1178 expendamus,
508 1101 559 1151 et
582 1111 690 1149 non
717 1111 781 1149 ex
808 1091 1020 1167 privata
1046 1096 1235 1147 nostra
1259 1087 1740 1162 interpretatione,
1772 1088 1869 1143 sed
1896 1105 1962 1143 ex

86 1198 301 1254 Petrum
334 1185 674 1249 auctoritate'
709 1187 1168 1245 determinemus,

157 1290 396 1346 Dicimus
424 1293 632 1363 petram
666 1286 820 1342 illam
852 1303 968 1342 esse
1006 1285 1219 1340 Petrum
1242 1286 1436 1356 ipsum,
1463 1288 1739 1355 quatenus
1776 1297 1962 1336 veram

86 1386 286 1446 Christi
302 1386 464 1442 tidem
486 1386 810 1456 confitentem
828 1384 877 1438 et
898 1382 1293 1454 praedicantem.
1317 1379 1371 1434 Si
1389 1378 1781 1452 pervolvantur
1804 1393 1963 1432 sanc-

87 1492 271 1543 torum
306 1484 526 1539 Patrum
562 1482 788 1554 scripta,
819 1480 1083 1552 frequens
1116 1484 1365 1535 occurret
1407 1475 1815 1550 interpretatiO,
1847 1493 1956 1547 qua

89 1600 242 1639 voces
267 1582 399 1636 istas
424 1597 580 1652 super
605 1580 734 1634 hanc
761 1585 968 1651 petram
991 1575 1311 1648 intelligunt
1333 1574 1402 1629 de
1423 1579 1611 1630 sancto
1632 1574 1788 1628 Petro
1807 1589 1965 1647 apos-

89 1679 218 1736 tolo,
238 1678 301 1733 Et
323 1677 412 1733 hic
425 1683 508 1732 est
525 1693 711 1732 revera
727 1673 987 1748 proprius
1000 1679 1054 1730 et
1067 1671 1326 1728 litteralis
1342 1688 1561 1727 sensuS.
1579 1669 1707 1734 Quae
1730 1670 1958 1725 Patrum

92 1774 402 1832 testimonia
447 1773 661 1829 notiora
699 1777 830 1828 sunt
866 1776 926 1826 ut
964 1787 1025 1826 ea
1056 1770 1263 1825 referre
1296 1786 1520 1824 necesse
1548 1767 1640 1822 sit.
1671 1767 1760 1822 Ast
1787 1771 1841 1821 et
1871 1783 1964 1820 sae-

95 1872 317 1947 pissime
341 1871 514 1928 sancti
546 1871 730 1926 Patres
759 1867 952 1925 eadem
975 1868 1140 1924 verba
1163 1867 1600 1941 interpretantur
1623 1866 1686 1920 cle
1713 1863 1840 1920 Fide
1863 1863 1963 1918 Pe-

96 1971 191 2033 tri.‚·
225 1968 372 2042 quod
407 1968 537 2041 quia
578 1967 795 2023 facilius
829 1972 1014 2041 posset
1050 1983 1161 2021 non
1204 1964 1436 2035 adverti,
1472 1964 1722 2020 textibus
1774 1961 1967 2018 lectori

96 2065 450 2139 pandendum
482 2064 767 2120 duximus.

169 2161 377 2216 Samus
416 2161 664 2215 lhuuuus.
694 2193 763 2200 —
788 2159 955 2232 Super
1002 2161 1130 2215 hanc
1167 2162 1322 2232 iyitur
1378 2161 1716 2231 confessionis
1757 2166 1972 2231 petram

105 2255 341 2311 Ecclesiae
384 2257 658 2325 aedificatio
699 2264 774 2310 est
803 2255 966 2326 (libro
992 2255 1054 2309 VI
1080 2255 1147 2308 de
1177 2255 1403 2322 Trinit.,
1442 2272 1500 2308 n.
1533 2255 1650 2324 56).
1679 2253 1826 2309 Felix
1849 2255 1973 2324 fidei.

0 2353 1 2379 ³
105 2355 273 2418 petra,
308 2347 450 2402 Petri
479 2365 564 2400 ore
595 2350 832 2418 consessa
862 2345 1068 2420 (librol
1102 2348 1170 2402 de
1201 2347 1426 2414 Trinit.,
1458 2365 1514 2401 n.
1554 2349 1665 2417 28).

179 2443 393 2497 SANCTUS
438 2442 705 2497 Gar-:comus
739 2441 1003 2510 NYSSENUS.
1040 2474 1108 2481 —
1138 2442 1198 2499 Ut
1216 2450 1372 2516 petra
1404 2445 1525 2498 vitae
1552 2442 1790 2498 Christus
1819 2446 1871 2498 in
1897 2446 1974 2499 cli-

106 2541 234 2596 vinis
261 2538 541 2609 Scripturis
569 2539 908 2611 praedicatur,
929 2547 1081 2611 petra
1107 2557 1227 2594 vero
1248 2540 1371 2609 fidei
1397 2547 1642 2610 tanquam
1663 2540 1974 2610 funda-men-

106 2643 231 2705 tum,
256 2639 376 2708 quia
402 2639 511 2708 ipse
537 2637 786 2692 Dominus
824 2638 901 2692 ait
931 2637 999 2690 ad
1026 2639 1324 2709 principem
1364 2637 1730 2708 Apostolorum
1762 2659 1778 2690 .·
1809 2639 1884 2693 Tu
1919 2657 1975 2695 es

103 2732 289 2788 Petrus
320 2739 372 2788 et
398 2750 562 2806 super
591 2734 733 2788 hanc
768 2733 980 2807 petram
1012 2732 1292 2788 aedificabo
1321 2732 1621 2790 Ecclesiam
1662 2753 1866 2806 meam,
1892 2755 1977 2792 su-

101 2846 194 2903 per
218 2832 588 2901 confessionem
612 2829 849 2885 videlicet
877 2829 1089 2899 Christi,
1111 2832 1234 2901 quia
1260 2831 1471 2886 dioeerat
1498 2852 1512 2883 .·
1534 2831 1612 2887 Tu
1637 2849 1695 2888 es
1726 2833 1973 2890 Christus

109 2923 254 2980 filius
268 2926 363 2982 Dei
391 2926 495 2982 vivi
523 2927 620 2999 (de-
641 2926 927 2997 Trinitate,
958 2926 1138 3000 capite
1163 2925 1405 2998 ultimo).

186 3023 394 3106 Sanctus
422 3024 705 3080 Anonosms.
746 3038 822 3065 —‘-
843 3023 995 3080 Fides
1019 3042 1139 3098 erqo
1166 3032 1245 3080 est
1280 3025 1528 3080 Ecclesiae
1556 3026 1974 3095 fiaislamentum.

111 3116 229 3174 Non
265 3122 396 3174 enim
420 3121 483 3175 de
523 3139 673 3177 carne
702 3122 871 3192 Petri,
900 3123 993 3177 sed
1036 3123 1099 3184 de
1131 3124 1236 3194 fide
1272 3124 1464 3178 dictum
1514 3131 1612 3191 est,
1658 3125 1776 3192 quia
1807 3130 1979 3195 portae

112 3216 292 3269 mort-is
326 3217 374 3271 ei
398 3234 500 3271 non
523 3219 873 3290 praevalebunt
901 3218 988 3293 (de
1018 3219 1428 3291 Incarnatione,
1458 3237 1581 3295 cap.
1612 3237 1664 3287 v,
1692 3237 1749 3273 n.
1780 3220 1899 3290 54).

183 3312 383 3374 Amnem
439 3333 527 3370 ouo
579 3335 816 3373 Aucronns
844 3361 857 3387 ,
909 3335 1151 3390 quorum
1212 3317 1422 3372 scilicet
1486 3334 1654 3389 opera
1707 3317 1977 3376 Ambrosii

113 3408 335 3466 nomine
375 3410 506 3466 olim
552 3412 813 3488 inscripta
851 3422 1003 3470 sunt.
1049 3446 1118 3454 —
1151 3414 1298 3468 Dixit
1336 3413 1587 3468 Dominus
1629 3414 1696 3468 ad
1723 3415 1973 3472 Petrum.-

114 3500 279 3578 Super
301 3509 452 3564 istam
481 3517 687 3582 petram
714 3512 979 3583 aedificabo
1005 3511 1290 3566 Ecclesiam
1314 3526 1515 3574 meam;
1548 3509 1641 3566 hoc
1681 3519 1758 3568 est
1801 3515 1851 3569 in
1887 3515 1980 3570 hac

116 3603 370 3660 catholicae
401 3608 522 3677 fidei
551 3607 871 3679 consessione
899 3616 1127 3663 statuam
1153 3606 1333 3677 fideles
1371 3608 1440 3662 ad
1482 3610 1639 3664 vitam
1678 3610 1987 3683 (Commen-

351 3730 398 3764 ιι.
1688 3721 1738 3772 ἰξ
