2262 3990
292 166 382 216 590
972 158 1268 207 TRACTATUS
1284 158 1364 207 ‘DE
1394 159 1543 208 ΡΑΡΑ.

373 276 431 332 40
468 272 847 345 Imposturam
890 265 1082 340 prodit
1114 273 1276 324 error
1311 266 1664 342 dogmaticus
1701 268 1763 325 in
1805 268 1956 327 dicto
1997 269 2220 332 decreto
2259 294 2262 330 ι

294 375 613 428 contentus,
642 363 942 422 Enimvero
971 364 1256 423 docuisset
1277 366 1596 442 Stephanus
1621 366 1873 424 validum
1903 383 2024 425 esse
2045 370 2221 443 quod-

292 467 430 523 libet
471 462 757 540 baptisma
793 462 862 520 ab
906 462 1188 520 haereticis
1233 462 1525 521 collatum.
1567 463 1690 522 Non
1730 465 1883 521 enim
1923 460 2234 541 distinguit·

297 565 447 621 inter
490 563 787 620 haereticos
825 562 926 637 qui
968 561 1290 620 essentialia
1332 562 1403 620 ad
1435 563 1702 639 baptismi
1739 564 1992 622 valorem
2042 580 2226 624 serva⁴

290 663 429 721 bant
475 669 528 719 et
563 680 658 720 eos
701 662 798 737 qui
827 665 957 739 ,haec
991 664 1163 722 etiam
1209 648 1536 723 essentialia
1575 665 2084 742 praetermittebant
2129 671 2234 727 aut

290 763 612 820 mutabant.
649 763 755 821 Sed
791 763 1123 822 indistincte
1154 765 1483 840 pronuntiat
1511 785 1522 817 ε
1569 765 1679 822 «Si
1709 765 1838 839 quis
1875 782 2007 839 ergo
2036 783 2070 821 a
2098 782 2246 842 qua-'nvv

294 881 515 937 cumque
539 863 730 920 haeresi
750 864 971 921 venerit
1003 864 1073 921 ad
1099 883 1203 920 nos
1213 907 1225 935 ,
1253 865 1400 920 nihil
1425 865 1744 923 innovetur.
1771 888 1798 919 »
1829 865 1961 930 Quae
1991 865 2220 938 decisio,

292 981 351 1020 1n
387 968 668 1037 quantum
702 962 889 1020 valida
933 965 1205 1040 supponit
1244 965 1589 1041 baptismata
1627 966 1687 1022 in
1731 965 1942 1039 quibus
1974 964 2225 1023 adbibita

290 1081 406 1120 non
430 1062 541 1119 fuit
565 1063 747 1120 forma
773 1063 1051 1139 legitima,
1075 1083 1311 1140 prorsus
1337 1083 1574 1122 erronea
1600 1071 1703 1131 est.

367 1161 643 1235 Equidem
665 1162 923 1220 doctores
942 1162 1231 1236 catholici,
1253 1163 1353 1236 qui
1370 1163 1681 1236 genuinum
1699 1170 2037 1238 reputarunt
2056 1164 2228 1221 hocce

298 1257 567 1335 Stephani
602 1260 915 1331 decretum,
950 1260 1020 1316 ab
1047 1258 1329 1334 ejusmodi
1357 1276 1550 1316 errore
1581 1259 1725 1315 illud
1750 1277 2016 1316 excusare
2041 1260 2226 1318 conati

289 1365 444 1427 sunt,
499 1360 736 1416 dicendo
771 1379 799 1413 ι·
830 1359 1136 1416 Subaudiri
1177 1360 1348 1416 verba
1387 1361 1527 1431 haec,
1575 1360 1858 1416 dammodo
1893 1362 2080 1416 vitiata
2123 1378 2229 1418 non

295 1458 460 1529 faerit
494 1462 693 1533 sorma3
740 1459 818 1517 ita
852 1465 912 1517 ut
939 1459 1215 1530 Pontifex,
1249 1460 1381 1518 licet
1411 1460 1560 1517 dicat
1588 1479 1621 1516 a
1649 1478 1974 1534 quacumque
2015 1462 2225 1533 haeresi,
2259 1483 2262 1514 1

295 1576 411 1615 non
443 1565 635 1617 tamen
671 1560 940 1635 loquatur
976 1561 1088 1617 nisi
1127 1562 1195 1618 de
1233 1560 1402 1618 sectis
1438 1560 1587 1637 apud
1625 1578 1767 1635 quas
1799 1560 2052 1634 legitima
2091 1559 2262 1642 bap-g]

290 1657 448 1714 tismi
500 1660 682 1716 forma
728 1661 1078 1717 servabatur.
1129 1659 1234 1718 Sed
1273 1659 1665 1736 interpretatio
1712 1660 1828 1716 haec
1876 1659 2098 1716 admitti
2135 1636 2262 1738 τιὸ-ξ

296 1756 439 1830 quit.
479 1759 619 1814 Nam
651 1778 817 1816 verus
845 1759 1035 1834 legum
1071 1778 1170 1816 seu
1201 1759 1555 1816 decretorum
1588 1778 1791 1816 sensus
1830 1759 1877 1815 is
1911 1758 2228 1816 censendus
2244 1751 2262 1806 ’ὲ

298 1862 406 1927 est,
450 1875 621 1929 quem
655 1859 884 1915 obvium
925 1879 989 1916 ac
1028 1860 1260 1917 omnino
1290 1865 1512 1917 certum
1542 1859 1940 1917 existimarunt
1981 1865 2230 1915 contem-

292 1956 527 2031 poranei
580 1956 647 2011 ad
699 1975 839 2030 quos
879 1957 1100 2014 decreta
1139 1959 1256 2014 haec
1308 1959 1521 2014 directa
1560 1963 1718 2028 sunt,
1764 1958 1841 2014 ita
1890 1963 1952 2013 ut
2004 1957 2073 2013 dc
2121 1957 2230 2015 alio

296 2072 470 2113 sensu
498 2073 569 2110 ne
595 2056 866 2131 suspicati
908 2057 1136 2131 quidem
1169 2057 1402 2114 fuerint.
1439 2059 1862 2114 Porrosanctus
1893 2057 2225 2131 CyprianUS,
2261 2079 2262 2084 ¹

295 2155 366 2212 ad
398 2174 569 2229 quem
599 2156 812 2212 directa
842 2156 1479 2232 supponitur-Stephani
1514 2155 1773 2230 epistola,
1800 2155 2016 2212 dictum
2044 2156 2233 2212 decre-
2259 2194 2262 2217 ÷

296 2259 421 2310 tum
457 2254 779 2326 continens,
814 2253 955 2310 illud
996 2254 1270 2310 intellexit
1307 2254 1367 2309 in
1396 2272 1459 2310 eo
1492 2271 1686 2326 sensu,
1725 2254 1875 2326 quod
1913 2252 2230 2329 Stephanus

298 2352 482 2409 valida
514 2352 823 2411 declararet
851 2354 1247 2428 haereticorum
1274 2354 1616 2430 baptismata
1650 2353 1936 2427 quaelibet,
1959 2352 2030 2408 iis
2058 2353 2228 2410 etiam

296 2471 415 2510 non
442 2453 688 2529 exceptis
713 2472 838 2527 quae
861 2455 1078 2528 absque
1107 2455 1458 2511 invocatione
1478 2453 1768 2510 Trinitatis
1801 2461 1852 2510 et
1885 2453 2098 2526 absque
2116 2453 2262 2528 ‚fide-1

297 2552 358 2608 in
378 2552 712 2610 Trinitatem
738 2553 941 2610 collata
968 2554 1230 2611 fuissent.
1258 2553 1347 2610 Sic
1369 2553 1522 2610 enim
1550 2556 1747 2610 contra
1767 2551 1909 2608 illud
1941 2551 2228 2608 decretum
2259 2587 2262 2590 <

295 2650 587 2708 invehitur
612 2674 622 2705 :
659 2652 704 2708 A
731 2671 1052 2726 quacumque
1083 2655 1265 2709 haeresi
1302 2655 1595 2709 venientem
1622 2653 1890 2726 *baptizari
1916 2654 1973 2707 in
2002 2651 2262 2729 Ecclesia-4

298 2750 490 2814 vetuit;
516 2751 570 2804 id
592 2758 692 2820 est,
723 2753 1343 2808 omniumhaereticoram
1376 2754 1699 2826 baptismata
1723 2752 1871 2824 justa
1893 2768 2004 2806 esse
2035 2757 2085 2806 et
2107 2751 2253 2827 leqiass,

309 2851 437 2906 tima
455 2851 739 2922 judicavit.
768 2851 836 2907 Et
865 2870 977 2907 enm
1001 2853 1223 2925 sinyalee
1249 2853 1472 2908 haereses
1491 2852 1710 2925 sinyula
1735 2852 2053 2925 baptismata
2080 2859 2131 2907 et
2161 2850 2253 2905 cti-².

306 2968 463 3007 versa
495 2960 712 3026 peccata
751 2952 1000 3025 habeant,
1033 2953 1114 3008 hio
1145 2971 1260 3009 cam
1287 2955 1519 3009 omnium
1558 2954 1818 3027 baptismo
1855 2953 2258 3015 communicans*-

311 3053 687 3107 universorum
712 3052 905 3108 delicta
922 3055 978 3108 in
1002 3055 1175 3108 sinum
1197 3071 1353 3109 saum
1377 3059 1681 3109 coacervata
1702 3053 1978 3125 eonqessit.
1994 3092 2005 3106 .
2021 3093 2033 3106 .
2056 3050 2164 3107 Car
2181 3049 2239 3103 in?

314 3156 516 3206 tantum
541 3150 793 3225 Stephani
818 3151 1006 3223 fratris
1037 3154 1207 3207 nostri
1235 3153 1521 3207 obstinatio
1551 3151 1685 3206 clara
1703 3150 1968 3224 prorupit,
1998 3155 2055 3203 ut
2078 3147 2238 3201 etiam»

311 3247 379 3303 cle
411 3248 700 3306 Marcionis
743 3252 1026 3324 baptismO,
1071 3253 1198 3306 item
1230 3249 1494 3308 Valentini
1538 3257 1586 3305 et
1611 3247 1892 3323 Apelletis,
1935 3254 1986 3301 et
2024 3254 2233 3300 caetero-

314 3364 431 3402 rum
456 3348 929 3424 blasphemantiam
953 3352 1009 3406 in
1031 3350 1199 3407 Deum
1224 3350 1443 3407 Patrem
1465 3348 1747 3405 contendat
1773 3346 1912 3419 filios
1932 3342 2043 3400 Deo
2064 3338 2228 3404 nasci,¹

317 3454 367 3501 et
404 3449 515 3505 illic
557 3432 610 3506 in
642 3453 854 3507 nomine
892 3451 1022 3508 Jesu
1065 3451 1268 3508 Christi
1310 3451 1451 3506 dieat
1495 3449 1860 3505 remissionem
1897 3445 2231 3517 peccatorum

313 3542 454 3613 dari,
487 3549 572 3603 ubi
605 3548 999 3624 blasphematur
1032 3552 1088 3606 in
1124 3549 1341 3606 Patrem
1367 3556 1418 3604 et
1449 3550 1505 3603 in
1538 3546 1823 3602 Dominum
1852 3543 2020 3626 Deum
2054 3535 2231 3594 Chris*

313 3642 459 3694 tum?
501 3644 758 3718 (epistola
805 3635 1065 3723 Cypriani
1114 3648 1184 3705 ad
1216 3645 1590 3723 Pompeium).
1637 3642 1792 3699 Unde
1831 3639 1878 3695 si
1921 3634 2230 3711 genuinum
