2306 4010
812 211 951 258 PARS
978 210 1214 258 SECUNDA.
1875 204 1959 252 53⁷

98 339 204 379 non
223 327 344 397 post
360 321 660 377 Honorium
683 325 920 388 tantum,
938 317 1035 376 sed
1052 325 1105 375 et
1122 322 1244 391 post
1271 315 1598 372 damnatum
1614 312 1672 369 in
1689 312 1791 369 hac
1811 316 1964 369 sexta

0 453 2 481 ι
94 420 300 495 synodo
327 418 648 488 llonorium,
669 424 724 476 et
741 423 862 493 post
889 417 1064 492 ipsam
1093 416 1214 491 ejus
1238 412 1611 471 damnationis
1643 419 1698 470 et
1730 409 1966 468 mentio·

0 542 2 579 ρ
98 534 223 571 nem
246 523 299 572 et
321 514 815 572 confirmationem.
843 513 962 570 Non
999 511 1184 568 inanis
1215 518 1296 569 est
1321 510 1436 568 haec
1475 509 1683 580 autem,
1716 526 1818 566 nec
1857 507 1970 564 dis-

97 632 220 671 cors
246 613 351 671 sibi
380 618 435 669 et
470 609 908 669 conflictabunda
935 609 1219 683 jactantia.
1248 609 1429 684 Apage
1453 607 1550 665 has
1589 605 1970 683 suspicionum

100 708 464 767 contumelias
498 726 529 763 a
557 706 926 764 sanctissimis
948 705 1451 762 ecclesiasticorum
1481 709 1975 762 monumentorum

101 804 332 882 paginiS,
367 801 519 858 omni
558 800 828 856 catholico
864 800 984 856 orbi
1020 799 1369 856 venerandis.
1407 801 1544 857 Rixa
1580 801 1852 858 nimirum
1879 799 1977 856 illa

105 900 466 975 nequicquam
501 897 796 954 formidata
838 896 998 952 facile
1040 897 1412 971 componitur.
1448 898 1674 956 Inustus
1699 907 1782 956 est
1816 918 1977 974 syno-

109 999 228 1056 dico
251 994 486 1053 cauterio
509 993 780 1050 Honorius
805 993 1019 1068 privato
1035 993 1263 1050 nomine
1279 994 1348 1049 ob
1375 995 1654 1068 peculiare
1671 996 1941 1071 scriptum
1965 1019 1974 1062 3

113 1113 218 1154 non
232 1110 460 1169 persona
477 1091 776 1162 Pontilicis,
793 1109 904 1148 non
927 1092 996 1147 oh
1012 1091 1329 1147 Pontificale
1355 1108 1452 1147 seu
1472 1093 1781 1165 profectum
1805 1112 1868 1150 ex
1890 1112 1978 1150 ca-

107 1191 292 1250 thedra
316 1190 399 1246 vel
420 1189 795 1247 ecclesiastica
819 1188 1220 1246 consultatione
1246 1206 1601 1263 responsum.
1626 1189 1978 1264 Privilegium

104 1295 283 1346 autem
323 1306 434 1344 non
464 1288 686 1345 errandi
727 1287 978 1344 a‘dditum
1027 1292 1131 1357 est,
1162 1304 1271 1342 non
1290 1288 1516 1359 privatae
1543 1286 1824 1343 Pontificis
1859 1305 1980 1362 per·

105 1403 267 1456 sonae,
307 1385 403 1442 sed
439 1385 713 1441 cathedrae
743 1384 908 1455 Petri,
961 1383 1055 1440 sed
1104 1383 1230 1439 Sedi
1269 1383 1550 1452 Romanae,
1594 1383 1688 1439 sed
1733 1383 1980 1440 Pontifici

101 1476 352 1556 publicam
392 1482 665 1537 Pontificis
718 1482 903 1555 agenti
946 1499 1263 1555 personam,
1303 1479 1530 1536 obeunti
1580 1480 1918 1555 provinciam
1951 1504 1978 1534 »

109 1578 540 1649 (Thomassinus,
566 1579 683 1634 loco
710 1578 899 1649 citatO,
941 1597 998 1634 n.
1033 1578 1148 1650 15).

177 1677 233 1733 V.
278 1677 398 1732 lstae
435 1695 598 1751 porro
638 1676 988 1733 Tliomassini
1022 1677 1286 1746 rationeS,
1313 1676 1358 1732 si
1387 1675 1644 1750 probent,
1677 1675 1789 1732 imo
1812 1677 1979 1733 etiam

110 1773 155 1831 si
178 1772 459 1847 probabile
489 1773 777 1829 dumtaxat
804 1774 1026 1839 faciant,
1056 1773 1233 1829 dictas
1262 1772 1484 1828 Ilonorii
1511 1771 1795 1846 epistolaS,
1820 1791 1930 1828 non
1951 1792 1980 1828 a

106 1868 355 1926 Pontitiec
379 1870 640 1942 loquente
667 1888 730 1925 cx
759 1870 1042 1939 cathedra,
1063 1870 1156 1926 sed
1180 1871 1442 1942 privatam
1468 1886 1765 1943 personam
1786 1877 1981 1942 agente

107 1966 334 2041 scriptas
365 1967 562 2038 fuisse,
589 1985 755 2023 causa
797 1967 1002 2022 cadunt
1030 1966 1352 2023 adversarii.
1386 1966 1494 2022 Hoc
1523 1966 1643 2041 ipso
1674 1966 1822 2023 enim
1861 1968 1977 2040 jam

109 2071 297 2120 certum
320 2082 430 2120 non
458 2064 562 2121 erit
593 2082 808 2121 errasse
842 2064 1144 2120 Honorium
1170 2064 1336 2120 fidem
1365 2063 1677 2121 definiendo
1702 2083 1768 2120 ex
1795 2067 1981 2121 cathe-

113 2162 235 2228 dra;
271 2182 332 2219 ac
369 2155 774 2237 consequenter
799 2162 963 2237 objici
1006 2163 1260 2236 nequibit
1284 2169 1590 2238 praetensus
1622 2163 1773 2220 illius
1795 2164 1982 2220 Ponti-

117 2256 232 2314 ficis
260 2259 465 2335 lapsuS.

180 2349 272 2409 ‘vt
313 2357 567 2414 Caeterum
608 2359 932 2416 nullatenus
978 2358 1231 2415 concedit
1273 2357 1671 2414 Thomassinus
1722 2358 1777 2412 in
1817 2358 1982 2414 dictis

122 2447 335 2507 lionorii
372 2453 611 2526 epistolis
651 2457 825 2512 ullam
867 2456 1139 2513 contineri
1177 2456 1452 2511 haeresim.
1497 2456 1600 2513 Sed
1646 2456 1869 2512 Petrum
1917 2458 1983 2514 dc

119 2545 287 2603 Marca
328 2556 378 2605 et
417 2550 549 2608 alios
578 2554 824 2610 eruditos
855 2555 957 2610 hac
996 2554 1054 2608 in
1094 2559 1249 2628 parte
1280 2559 1524 2622 secutuS,
1562 2553 1787 2610 Honorii
1834 2573 1983 2610 erra-

117 2650 231 2699 tum
265 2646 319 2701 in
349 2666 411 2704 eo
431 2652 667 2725 reponit,
690 2654 833 2726 quod
857 2652 1101 2726 prudens
1121 2670 1183 2707 ac
1208 2652 1345 2708 utile
1378 2652 1619 2723 duxerit,
1642 2652 1783 2707 nibil
1803 2654 1982 2709 adhuc

115 2741 328 2799 definiri
376 2747 442 2803 de
474 2767 609 2804 novo
648 2751 816 2806 unius
866 2757 960 2806 aut
1011 2750 1252 2825 duplicis
1291 2751 1629 2824 operationis
1674 2752 1975 2814 vocabulo;

118 2837 304 2909 sicque
345 2845 749 2902 monothelismi
803 2854 1151 2904 enascentem
1189 2848 1442 2905 haeresim
1476 2849 1847 2924 comprimere
1888 2869 1979 2906 ne-

123 2933 366 3003 glexerit.
412 2961 438 2990 «
481 2941 630 2996 Istud
672 2942 819 3012 vero,
879 2946 954 3001 ait
1010 2948 1046 3001 T
1054 2946 1430 3015 llo1nassinuS‚
1480 2965 1590 3002 non
1651 2949 1718 3001 ad
1774 2948 1984 3019 aliquid

124 3033 471 3088 statuendum
510 3037 575 3091 de
602 3038 706 3095 fide
729 3042 813 3095 vel
842 3042 1218 3099 definiendum
1250 3043 1510 3116 pertinet,
1550 3042 1645 3098 sed
1674 3044 1742 3097 ad
1768 3061 1985 3115 suspen-

124 3127 341 3180 dendum
377 3129 558 3201 potius
590 3132 961 3193 definitionem
986 3160 995 3191 :
1020 3140 1169 3195 lstud
1203 3157 1314 3195 non
1346 3138 1497 3207 fidei,
1528 3139 1621 3193 sed
1664 3139 1780 3211 paci
1811 3139 1988 3203 Eccle-

124 3220 330 3275 siarum
378 3228 752 3297 temperatur:
784 3229 929 3286 istud
969 3233 1208 3305 denique
1250 3252 1360 3289 non
1396 3233 1519 3288 fidei
1558 3233 1864 3305 decretum,
1889 3238 1983 3292 sed

122 3316 325 3371 decreti
359 3319 719 3393 suspendium
751 3342 761 3373 z
796 3324 1030 3398 denique
1065 3327 1403 3399 dispensatio
1440 3328 1541 3382 ista
1575 3335 1678 3383 est.
1717 3331 1983 3394 Quoniam

118 3431 246 3468 vero
274 3414 388 3468 lnec
426 3414 763 3489 dispensatio
792 3419 960 3489 Sergii
991 3426 1045 3474 et
1080 3423 1571 3478 monothelitarum
1602 3425 1831 3483 consilia
1861 3447 1984 3503 pes-

121 3516 340 3582 temque
371 3511 680 3593 lideialuit,
712 3513 815 3568 etsi
842 3520 1038 3588 praeter
1070 3516 1319 3573 authoris
1364 3526 1624 3591 mentem,
1661 3540 1722 3579 ca
1750 3525 1983 3598 proditio

124 3604 307 3663 habita
337 3614 416 3665 est
454 3630 480 3660 »
524 3609 664 3681 (loco
692 3610 877 3683 citat0,
908 3629 964 3666 n.
994 3612 1108 3682 20).

354 3725 402 3757 n.
1686 3725 1741 3771 22
