2262 3990
789 181 918 230 puts
947 180 1185 229 sacuam.
1843 179 1926 227 577
1957 143 1962 149 ⁸

63 289 445 351 huni-eticorum
479 287 887 345 Donatistarum
920 286 1124 345 astutia
1159 291 1212 343 et
1243 283 1477 355 malitia,
1518 287 1580 340 ut
1616 300 1708 340 eos
1750 282 1931 358 Scrip-

62 395 204 446 turae
247 394 431 443 textus
477 385 544 442 ad
590 385 938 461 apertissime
973 384 1175 441 falsum
1221 399 1445 439 sensum
1483 386 1928 455 contorquerent,

66 484 215 542 haud
248 484 456 539 mirum
487 489 588 540 est.
620 482 847 539 Nullum
880 481 1030 538 enim
1073 481 1246 538 alium
1278 485 1491 547 textum
1523 477 1630 535 sibi
1659 477 1933 534 faventem

67 581 360 646 habebant3
398 586 451 636 et
484 597 552 636 ne
579 578 896 636 viderentur
924 577 1077 634 omni
1111 594 1339 651 prorsus
1371 575 1668 649 Scripturae
1701 574 1937 630 auctori—

71 683 183 733 tate
222 677 469 746 destitui,
515 675 583 733 ad
615 676 714 732 lios
758 675 836 730 sic
867 678 1150 730 contortos
1194 672 1605 744 confugiebant,
1646 678 1707 732 ut
1761 671 1938 744 impe-

72 773 236 830 ritam
270 771 682 829 multitudinem
724 769 1062 842 deciperent.
1105 767 1207 822 Sed
1253 767 1393 822 hanc
1434 767 1706 822 malitiam
1750 773 1939 823 sancto

74 867 338 942 Cypriano
368 882 698 941 supponere,
731 881 962 937 prorsus
992 853 1147 917 ne'sas
1172 868 1275 917 est.

147 985 174 1016 «
195 965 251 1019 In
287 966 390 1018 hac
419 961 486 1017 ad
510 960 782 1016 Numidiae
809 959 1105 1033 Episcopos
1137 958 1389 1031 epistola,
1419 958 1560 1012 nihil
1596 961 1810 1033 reperio
1839 961 1942 1031 tin-

71 1058 191 1131 quit
225 1058 452 1126 Tizzani)
497 1058 644 1129 quod
682 1056 948 1130 Cypriane
977 1055 1337 1112 tribuendum
1380 1055 1451 1110 sit
1484 1076 1495 1108 :
1542 1074 1651 1109 non
1696 1058 1945 1112 doctrina

72 1151 150 1208 ibi
186 1152 440 1218 deducta,
481 1135 796 1208 non'sacrae
835 1151 1132 1226 Scripturae
1164 1150 1476 1220 citationeS,
1519 1167 1627 1204 non
1667 1151 1786 1223 ipsa
1818 1170 1945 1206 con-

67 1247 340 1322 troversiae
367 1247 615 1304 historia.
654 1249 883 1305 Exhibet
923 1249 1389 1305 consultationem
1428 1250 1636 1320 absque
1668 1248 1782 1303 ullo
1818 1265 1945 1303 con-

66 1344 282 1401 sulendi
313 1346 532 1416 motivo,
557 1355 878 1420 argumenta
903 1354 999 1403 aut
1025 1365 1268 1403 crassam
1299 1347 1668 1420 ignorantiam
1699 1354 1792 1402 aut
1831 1365 1944 1402 ma-

70 1441 241 1499 litiam
268 1449 544 1500 summam
580 1445 919 1502 denotantia.
951 1446 1052 1501 Pro
1082 1445 1271 1519 spuria
1300 1445 1472 1518 igitur
1506 1444 1693 1500 haberi
1733 1436 1892 1498 debet
1917 1466 1941 1495 »

74 1540 254 1614 (opere
280 1542 469 1610 citato,
508 1562 562 1616 p.
601 1542 718 1613 95).

145 1636 211 1693 ΙΙ.
245 1639 478 1712 Epistola
509 1641 564 1696 S.
602 1642 856 1713 Cypriani
883 1644 950 1696 acl
985 1640 1229 1707 Quintum
1257 1643 1503 1712 fratrem.

149 1737 383 1795 Habetur
407 1740 462 1794 in
486 1739 789 1814 Patroloyia
812 1741 1006 1813 Mique,
1035 1749 1181 1797 tomo
1200 1740 1281 1809 1V,
1309 1740 1412 1795 col.
1445 1738 1574 1806 408,
1599 1744 1651 1792 et
1673 1744 1755 1792 est
1780 1738 1869 1792 711³
1893 1738 1948 1791 in

80 1831 411 1906 editionibus
432 1835 659 1891 Pamelii
686 1843 739 1892 et
756 1837 980 1893 Baluzii.
1010 1837 1306 1892 Confictam
1331 1854 1451 1891 eam
1474 1851 1591 1890 esse
1610 1833 1949 1890 aDonatistis

76 1930 247 1987 multa
278 1933 631 2006 persuadent.

147 2028 201 2083 1⁰
241 2029 511 2104 Supponit
545 2034 859 2089 consultum
899 2051 928 2087 a
956 2033 1158 2095 Quinto
1197 2032 1552 2107 Cyprianum,
1591 2050 1720 2086 cum
1763 2036 1948 2086 tamen

71 2123 290 2179 nullum
320 2127 547 2198 hujusce
576 2130 996 2185 consultationis
1022 2115 1350 2184 rationabile
1382 2129 1650 2200 motivum
1682 2117 1946 2184 extiterit.

78 2216 166 2271 Sic
188 2235 384 2290 nempe
412 2221 691 2276 exorditur
712 2224 971 2295 epistola:
999 2223 1198 2278 Retulit
1217 2225 1283 2276 acl
1303 2241 1402 2288 me,
1427 2227 1595 2294 frater
1622 2226 1946 2292 charissime,

80 2310 335 2366 Lucienus
368 2318 743 2386 comprebyster
784 2326 958 2374 noster
990 2327 1038 2373 te
1078 2320 1405 2384 desiderasse
1436 2329 1492 2372 iit
1537 2321 1949 2390 siyiiisicaremus

82 2408 170 2461 tibi
205 2410 324 2479 quid
365 2413 644 2467 sentiamus
684 2415 746 2468 de
781 2416 860 2469 his
890 2418 973 2486 qui
1014 2418 1151 2487 apud
1193 2418 1466 2472 haereticos
1509 2425 1559 2471 et
1599 2417 1950 2471 schismaticos

88 2506 329 2576 baptizati
369 2510 623 2564 videntur.
672 2512 747 2566 De
772 2531 869 2583 qua
908 2531 987 2583 re,
1014 2516 1135 2586 quid
1173 2533 1337 2588 nttper
1382 2518 1430 2569 in
1479 2515 1692 2569 concilio
1734 2517 1951 2587 plurimi

80 2604 380 2676 coepiscopi,
428 2623 536 2660 cum
587 2612 1010 2681 compresbyteris
1056 2613 1142 2682 qui
1193 2614 1431 2680 aderant,
1478 2614 1848 2681 censuerinms,
1901 2620 1953 2666 ut

77 2699 257 2768 scires,
293 2701 515 2771 ejtisclem
549 2703 785 2775 epistolas
823 2708 1113 2778 extemplum
1154 2710 1243 2762 libi
1280 2711 1415 2764 misi.
1454 2709 1645 2764 Fuisse
1686 2709 1953 2771 Quintum

84 2791 140 2844 in
187 2793 508 2853 Mauritania
548 2799 869 2874 Episcopum
916 2808 1152 2859 testatur
1197 2805 1451 2880 Cypriani
1499 2806 1566 2860 ad
1609 2806 1955 2879 Stephanum

84 2888 332 2960 epistola.
386 2893 503 2948 Jam
549 2914 676 2952 vero
720 2899 853 2970 quid
898 2901 1126 2956 sentiret
1190 2902 1493 2976 Cyprianus
1555 2903 1622 2957 de
1678 2902 1954 2975 proposita

88 2987 412 3057 quaestione,
437 3008 545 3046 non
571 2996 746 3066 magis
768 2996 1097 3068 ignorabant
1123 3000 1378 3072 Episcopi
1397 3000 1755 3065 Mauritaniae,
1786 3016 1955 3069 quam

87 3082 336 3156 Episcopi
368 3085 655 3158 Numidiae,
685 3110 820 3163 quos
855 3113 1020 3168 supra
1045 3097 1286 3152 diximus
1313 3115 1421 3151 non
1457 3097 1718 3151 habuisse
1757 3113 1956 3150 consu-

89 3178 236 3233 lendi
275 3182 562 3239 motivum.
606 3187 892 3260 Praeterea,
933 3192 980 3246 si
1006 3194 1280 3249 Lucianus
1326 3195 1416 3248 ille
1445 3194 1603 3265 cujus
1644 3193 1956 3249 ministerio

90 3274 270 3330 delata
311 3279 641 3336 consultatio
666 3289 746 3338 est
774 3285 841 3339 ad
866 3286 1213 3359 Cyprianum,
1242 3289 1685 3360 Carthaginensis
1707 3289 1956 3346 Ecclesiae

92 3374 374 3447 presbyter
402 3377 586 3447 suerit,
621 3386 785 3452 prout
814 3381 970 3438 obvio
997 3401 1161 3440 sensu
1189 3385 1437 3441 indicant
1465 3387 1631 3442 verba
1667 3388 1778 3443 haec
1818 3406 1951 3444 com-

84 3471 355 3542 presbyter
379 3483 572 3542 noster,
610 3474 862 3552 Cypriani
897 3481 1226 3538 sententiam
1268 3482 1431 3556 plane
1468 3490 1654 3541 notam
1693 3486 1950 3555 habebat,

89 3568 141 3618 et
172 3565 239 3622 de
277 3583 336 3623 ea
382 3568 711 3644 Episcopum
750 3572 1011 3637 Quintum
1042 3577 1330 3634 certiorem
1370 3579 1547 3638 facere
1586 3586 1816 3655 poterat.
1848 3581 1952 3639 Sed
