2306 4010
295 201 386 249 250
971 191 1271 240 TRACTATUS
1301 192 1367 240 DE
1398 192 1544 240 PAPA.

293 307 346 365 ei
371 306 661 374 resistere;
694 311 750 359 et
775 301 853 355 ita
880 297 1257 355 constitutum
1284 298 1464 356 fuisse
1487 297 1732 356 fratrum
1759 303 2209 377 confirmatorem,
2251 302 2279 359 ’ζ

293 413 358 464 ut
383 406 583 460 fratres
607 399 677 454 ab
706 398 829 472 i'pso
859 395 1257 468 confirmandi,
1282 395 1506 472 lapsum
1534 414 1666 455 eum
1692 397 1910 472 erigere
1941 389 2181 460 debeant
2199 408 2221 472 ξ’)
2255 387 2263 445 ἶ·

295 503 446 561 etita
473 498 744 555 donatum
768 494 948 552 fuisse
961 495 1125 569 plena
1149 502 1204 554 et
1230 515 1482 572 suprema
1500 498 1883 555 universalem
1907 490 2215 559 Ecclesiam

289 596 520 672 regendi
554 598 851 668 potestate,
890 598 955 650 ut
984 594 1198 652 subditi
1229 596 1571 670 gubernium
1603 595 1715 672 ipsi
1749 597 1971 673 eripere
2004 597 2219 673 possint

289 714 353 754 ac
391 694 649 751 debeant.
689 691 974 750 Nimirum
1026 693 1074 751 si
1114 680 1441 770 contingere
1479 695 1683 772 possit,
1713 701 1778 752 ut
1804 695 2070 772 Episcopi
2094 696 2248 771 jurei·

288 794 554 851 resistant
582 793 709 850 Sedi
737 793 1083 868 apostolicae,
1105 795 1212 851 sub
1241 801 1516 871 praetextu
1542 795 1694 872 quod
1719 813 1970 853 errorem
2000 794 2244 854 definita-'³

290 894 383 963 rit,
411 893 531 967 jam
559 910 675 949 non
713 910 918 948 sanum
964 891 1062 949 sed
1100 909 1373 950 vesanum
1415 913 1648 951 sensum
1705 894 1912 951 habent
1954 891 2120 967 (quod
2147 892 2214 949 di'
2252 935 2253 938 η

287 1008 414 1048 cere
459 991 861 1067 blasphemum
895 990 1002 1064 est)
1052 995 1178 1048 tum
1236 993 1557 1067 evangelica
1615 991 1823 1049 Christi
1852 992 2046 1063 verba,
2104 984 2250 1048 tum*

292 1091 778 1149 oecumenicorum
830 1090 1207 1149 conciliorum
1252 1091 1635 1163 definitiones,
1666 1098 1791 1149 tum
1831 1097 2106 1168 perpetua
2132 1091 2248 1148 Pa-

295 1199 447 1248 trum
481 1189 735 1247 traditio.
2251 1172 2255 1180 ⁴

363 1293 487 1347 ΙΙΙ“111
529 1292 906 1348 CONSECTARIUM
949 1310 1151 1347 FALsUM.
1191 1325 1267 1332 —
1303 1291 1645 1366 Sequeretur
1688 1291 2008 1348 Romanum
2040 1290 2226 1348 Ponti-

290 1391 452 1448 ficem
488 1409 603 1447 non
635 1407 767 1446 esse
795 1390 1087 1447 catholicae
1128 1389 1372 1447 unitatis
1411 1396 1695 1461 centrum,
1729 1390 1880 1464 quod
1916 1396 1998 1447 est
2027 1383 2220 1446 contra
2271 1375 2273 1377 ⁵

290 1489 480 1548 tidem.
516 1490 737 1547 Etenim
765 1489 948 1565 posito
986 1489 1136 1563 quod
1170 1489 1443 1546 Summus
1485 1489 1738 1546 Pontifex
1781 1506 2033 1545 errorem
2064 1490 2223 1545 doce-

291 1596 400 1660 ret,
434 1596 485 1646 et
516 1595 634 1646 tota
661 1589 1070 1664 Episcoporum
1099 1588 1357 1645 collectio
1384 1588 1492 1663 ipsi
1516 1587 1934 1656 adversaretur,
1960 1586 2077 1661 jam
2112 1603 2226 1644 non

291 1687 550 1762 Episcopi
583 1707 715 1744 cum
747 1689 999 1744 Romano
1051 1689 1318 1746 Pontifice
1357 1688 1657 1746 convenire
1684 1687 1974 1756 deberent,
2007 1687 2102 1743 sed
2133 1705 2226 1762 po-

293 1787 407 1842 tius
444 1786 672 1843 deberet
721 1788 1010 1844 Romanus
1052 1789 1306 1845 Pontifex
1353 1807 1483 1845 cum
1530 1787 1820 1864 Episcopis
1860 1787 1919 1842 in
1969 1773 2226 1870 doctrina

294 1885 616 1943 convenire.
644 1885 884 1943 Proinde
908 1894 1047 1943 tunc
1076 1889 1366 1944 Romanus
1397 1888 1674 1958 Pontifex,
1700 1887 1911 1943 nedum
1934 1892 2078 1943 esset
2104 1880 2228 1942 uni-

295 1986 430 2044 tatis
458 1991 741 2056 centrum,
769 2005 840 2042 ne
875 1987 1266 2043 contineretur
1306 1987 1535 2060 quidem
1588 1987 1647 2042 in
1683 1986 1921 2043 unitate.
1956 1987 2226 2043 Praeterea
2266 2005 2270 2013 ’

295 2086 521 2142 nullum
559 2091 693 2142 tunc
716 2093 1033 2143 remaneret
1067 2086 1310 2143 unitatis
1339 2092 1622 2143 centrum.
1660 2086 1799 2141 Nam
1827 2085 2067 2142 unitatis
2105 2102 2229 2141 cen-

299 2192 454 2242 trum
482 2204 597 2242 non
646 2191 794 2243 esset
836 2186 959 2260 ipsa
998 2185 1408 2260 Episcoporum
1456 2184 1732 2241 collectio.
1761 2183 2022 2258 Episcopi
2053 2180 2231 2254 siqui-
2259 2260 2262 2267 Ι

299 2285 451 2357 dem,
482 2291 676 2360 utpote
699 2286 768 2341 ab
792 2284 1031 2341 invicem
1054 2284 1524 2359 independenteS,
1555 2282 1815 2354 indigent
1834 2264 1887 2337 et
1915 2280 2021 2356 ipsi
2044 2280 2231 2354 aliquo
2265 2269 2268 2275 ¹

298 2382 534 2440 unitatis
564 2388 782 2454 centro,
829 2401 901 2439 ne
933 2382 1193 2438 oriantur
1229 2382 1560 2452 scissioneS,
1615 2379 1937 2436 collisiones
1968 2384 2022 2434 et
2054 2378 2231 2436 schis-

294 2488 468 2538 mata.
491 2483 633 2557 Ergo
661 2489 949 2556 nequeunt
982 2499 1103 2538 esse
1137 2481 1511 2556 sibimetipsis
1538 2479 1776 2537 unitatis
1799 2485 2059 2535 centrum
2084 2502 2094 2546 3
2133 2476 2233 2534 sed*

298 2582 395 2638 ille
433 2582 586 2638 solus
629 2582 869 2639 unitatis
908 2588 1170 2639 centrum
1206 2601 1330 2639 esse
1361 2587 1565 2656 potest,
1600 2599 1630 2636 a
1671 2599 1782 2653 quo
1813 2579 2000 2635 caeteri
2038 2568 2237 2635 omne-3

302 2662 658 2754 dependeant
688 2686 742 2735 et
771 2699 903 2735 cum
932 2698 1044 2752 quo
1077 2680 1136 2735 in
1170 2679 1279 2735 fide
1304 2698 1368 2734 ac
1399 2679 1656 2734 doctrina
1682 2661 1988 2733 'convenire
2008 2684 2229 2733 tenean⁴

301 2784 417 2835 tur.
453 2776 602 2832 Talis
635 2782 827 2834 autem
851 2778 969 2850 jam
1003 2794 1116 2831 non
1141 2777 1285 2832 foret
1305 2775 1593 2832 Romanus
1623 2775 1896 2845 Pontifex,
1927 2779 1992 2830 ut
2016 2774 2167 2831 dictu
2224 2806 2232 2824 ι

302 2884 420 2944 est3
470 2875 569 2933 sed
600 2894 705 2932 nec
742 2876 896 2933 ullus
943 2893 1009 2931 ex
1039 2875 1166 2932 aliis
1215 2874 1526 2950 EpiscopiS,
1579 2880 1776 2950 utpote
1827 2893 1857 2930 a
1904 2893 2016 2948 quo
2043 2878 2229 2930 caeter
2297 2898 2302 2912 ·

301 2974 557 3051 Episcopi
590 2974 1035 3050 independentes
1069 2979 1203 3032 sunt
1238 2997 1248 3029 :
1284 2992 1415 3048 ergo
1453 2974 1679 3031 nullum
1713 2974 1943 3031 omnino
1969 2973 2228 3038 existere.

302 3075 543 3133 unitatis
575 3081 859 3132 centrum.
2172 3138 2177 3143 ,
2220 3152 2223 3155 ¹
2274 3148 2277 3156 ¹

377 3177 499 3232 IV¹¹¹¹¹
530 3175 901 3233 Consssc'rAmmi
926 3195 1131 3232 FALSUM.
1151 3209 1228 3215 —
1248 3175 1596 3249 Sequerctur
1620 3174 1929 3231 Ecclesiam
1957 3191 1987 3230 a
2007 3155 2210 3230 Christ

301 3278 671 3336 constitutam
707 3295 823 3334 non
862 3277 1041 3334 fuisse
1066 3294 1198 3334 cum
1239 3276 1421 3334 forma
1453 3275 1857 3346 monarchica3
1897 3274 2046 3347 quod
2073 3277 2202 3330 erro*

300 3393 470 3433 neum
496 3383 579 3434 est
604 3384 657 3436 et
685 3381 883 3435 contra
909 3376 1100 3434 tidem.
1131 3375 1353 3434 Etenim
1393 3376 1470 3432 ibi
1501 3395 1616 3433 non
1646 3381 1729 3433 est
1755 3373 2081 3432 monarchia
2103 3388 2188 3448 pr
2220 3362 2300 3454 'ff

300 3472 423 3545 prie
450 3474 620 3548 dicta,
641 3476 742 3534 ubi
769 3479 1096 3551 magnatum
1125 3480 1360 3532 senatus
1391 3491 1492 3532 seu
1526 3474 1830 3548 collegium
1864 3474 1994 3548 jure
2018 3462 2254 3547 potest,-
2292 3535 2293 3538 Ἴ

301 3565 417 3624 imo
446 3576 497 3627 et
530 3572 691 3644 debet
723 3575 854 3632 duci
900 3593 1004 3632 suo
1028 3573 1312 3647 resistere,
1348 3572 1528 3649 ipsius
1567 3577 1905 3648 potestatem
1940 3551 2250 3654 coercere}
2284 3611 2292 3661 3

302 3681 366 3720 ac
398 3667 569 3725 etiam
606 3670 665 3726 in
691 3672 882 3747 ipsum
914 3673 1154 3732 activam
1186 3691 1349 3732 suam
1377 3675 1712 3748 potestatem
1755 3686 2042 3760 exercere.x
2068 3659 2236 3737 Tun&
2286 3670 2290 3695 ¹
