<?xml version="1.0" encoding="UTF-8"?>
<!DOCTYPE html PUBLIC "-//W3C//DTD XHTML 1.0 Transitional//EN"
    "http://www.w3.org/TR/xhtml1/DTD/xhtml1-transitional.dtd">
<html xmlns="http://www.w3.org/1999/xhtml" xml:lang="en" lang="en">
 <head>
  <title>
</title>
<meta http-equiv="Content-Type" content="text/html;charset=utf-8" />
  <meta name='ocr-system' content='tesseract 3.04.00' />
  <meta name='ocr-capabilities' content='ocr_page ocr_carea ocr_par ocr_line ocrx_word'/>
</head>
<body>
  <div class='ocr_page' id='page_1' title='image "a548470102bouiuoft_0525.png"; bbox 0 0 2262 3990; ppageno 0'>
   <div class='ocr_carea' id='block_1_1' title="bbox 892 158 2009 217">
    <p class='ocr_par' dir='ltr' id='par_1_1' title="bbox 892 158 2009 217">
     <span class='ocr_line' id='line_1_1' title="bbox 892 158 2009 217; baseline -0.004 -1"><span class='ocrx_word' id='word_1_1' title='bbox 892 170 1021 217; x_wconf 71' lang='lat' dir='ltr'><strong>PARS</strong></span> <span class='ocrx_word' id='word_1_2' title='bbox 1051 169 1254 216; x_wconf 69' lang='lat' dir='ltr'>TERTIA.</span> <span class='ocrx_word' id='word_1_3' title='bbox 1878 158 1893 198; x_wconf 55' lang='grc'>-’</span> <span class='ocrx_word' id='word_1_4' title='bbox 1925 165 2009 212; x_wconf 81' lang='grc'>517</span> 
     </span>
    </p>
   </div>
   <div class='ocr_carea' id='block_1_2' title="bbox 913 454 1269 516">
    <p class='ocr_par' dir='ltr' id='par_1_2' title="bbox 913 454 1269 516">
     <span class='ocr_line' id='line_1_2' title="bbox 913 454 1269 516; baseline -0.006 0"><span class='ocrx_word' id='word_1_5' title='bbox 913 454 1157 516; x_wconf 80' lang='lat' dir='ltr'><strong>CAPUT</strong></span> <span class='ocrx_word' id='word_1_6' title='bbox 1215 455 1269 514; x_wconf 90' lang='lat'>1-</span> 
     </span>
    </p>
   </div>
   <div class='ocr_carea' id='block_1_3' title="bbox 489 653 1627 696">
    <p class='ocr_par' dir='ltr' id='par_1_3' title="bbox 489 653 1627 696">
     <span class='ocr_line' id='line_1_3' title="bbox 489 653 1627 696; baseline -0.004 -4"><span class='ocrx_word' id='word_1_7' title='bbox 489 681 502 692; x_wconf 90' lang='lat'>.</span> <span class='ocrx_word' id='word_1_8' title='bbox 531 658 956 696; x_wconf 68' lang='lat' dir='ltr'>Ancmnrmm</span> <span class='ocrx_word' id='word_1_9' title='bbox 982 655 1022 692; x_wconf 63' lang='lat' dir='ltr'><strong>E</strong></span> <span class='ocrx_word' id='word_1_10' title='bbox 1047 653 1396 691; x_wconf 65' lang='lat' dir='ltr'>scalmum</span> <span class='ocrx_word' id='word_1_11' title='bbox 1417 653 1627 689; x_wconf 63' lang='lat' dir='ltr'><strong>§.⁴an-</strong></span> 
     </span>
    </p>
   </div>
   <div class='ocr_carea' id='block_1_4' title="bbox 136 854 2021 1607">
    <p class='ocr_par' dir='ltr' id='par_1_4' title="bbox 136 854 2021 1607">
     <span class='ocr_line' id='line_1_4' title="bbox 216 854 2014 929; baseline -0.004 -11"><span class='ocrx_word' id='word_1_12' title='bbox 216 864 258 918; x_wconf 93' lang='grc' dir='ltr'>Ι.</span> <span class='ocrx_word' id='word_1_13' title='bbox 283 863 322 918; x_wconf 87' lang='lat' dir='ltr'><strong>E</strong></span> <span class='ocrx_word' id='word_1_14' title='bbox 352 868 503 918; x_wconf 89' lang='lat' dir='ltr'>textu</span> <span class='ocrx_word' id='word_1_15' title='bbox 532 860 588 918; x_wconf 87' lang='lat' dir='ltr'>S.</span> <span class='ocrx_word' id='word_1_16' title='bbox 624 858 856 915; x_wconf 65' lang='lat' dir='ltr'>Matthaei</span> <span class='ocrx_word' id='word_1_17' title='bbox 894 856 1007 929; x_wconf 80' lang='lat'>(16,</span> <span class='ocrx_word' id='word_1_18' title='bbox 1050 856 1136 927; x_wconf 87' lang='grc'>18)</span> <span class='ocrx_word' id='word_1_19' title='bbox 1167 876 1178 908; x_wconf 82' lang='lat' dir='ltr'>z</span> <span class='ocrx_word' id='word_1_20' title='bbox 1211 854 1283 909; x_wconf 87' lang='lat' dir='ltr'>Tu</span> <span class='ocrx_word' id='word_1_21' title='bbox 1305 872 1357 909; x_wconf 83' lang='lat' dir='ltr'>es</span> <span class='ocrx_word' id='word_1_22' title='bbox 1380 855 1589 925; x_wconf 69' lang='lat' dir='ltr'>Petrus’,</span> <span class='ocrx_word' id='word_1_23' title='bbox 1624 864 1674 912; x_wconf 84' lang='lat' dir='ltr'>et</span> <span class='ocrx_word' id='word_1_24' title='bbox 1701 874 1856 929; x_wconf 78' lang='lat' dir='ltr'>snper</span> <span class='ocrx_word' id='word_1_25' title='bbox 1883 857 2014 911; x_wconf 82' lang='lat' dir='ltr'>hanc</span> 
     </span>
     <span class='ocr_line' id='line_1_5' title="bbox 138 949 2015 1030; baseline -0.004 -17"><span class='ocrx_word' id='word_1_26' title='bbox 138 966 343 1030; x_wconf 78' lang='lat' dir='ltr'>petram</span> <span class='ocrx_word' id='word_1_27' title='bbox 387 955 647 1025; x_wconf 63' lang='lat' dir='ltr'>aedificabo</span> <span class='ocrx_word' id='word_1_28' title='bbox 685 952 964 1008; x_wconf 78' lang='lat' dir='ltr'><strong><em>Ecclesiam</em></strong></span> <span class='ocrx_word' id='word_1_29' title='bbox 996 968 1265 1004; x_wconf 81' lang='lat' dir='ltr'>meam.—</span> <span class='ocrx_word' id='word_1_30' title='bbox 1292 949 1391 1004; x_wconf 91' lang='lat' dir='ltr'>Per</span> <span class='ocrx_word' id='word_1_31' title='bbox 1423 949 1535 1005; x_wconf 76' lang='lat' dir='ltr'>haec</span> <span class='ocrx_word' id='word_1_32' title='bbox 1569 950 1773 1006; x_wconf 79' lang='lat' dir='ltr'>Christi</span> <span class='ocrx_word' id='word_1_33' title='bbox 1799 950 2015 1006; x_wconf 87' lang='lat' dir='ltr'>Domini</span> 
     </span>
     <span class='ocr_line' id='line_1_6' title="bbox 139 1049 2014 1123; baseline -0.003 -13"><span class='ocrx_word' id='word_1_34' title='bbox 139 1054 322 1123; x_wconf 83' lang='lat' dir='ltr'>verba,</span> <span class='ocrx_word' id='word_1_35' title='bbox 348 1051 599 1107; x_wconf 59' lang='lat' dir='ltr'>Ecclesiae</span> <span class='ocrx_word' id='word_1_36' title='bbox 620 1050 1014 1123; x_wconf 76' lang='lat' dir='ltr'>fundamentum</span> <span class='ocrx_word' id='word_1_37' title='bbox 1048 1049 1384 1104; x_wconf 90' lang='lat' dir='ltr'>constitutus</span> <span class='ocrx_word' id='word_1_38' title='bbox 1405 1054 1508 1117; x_wconf 88' lang='lat' dir='ltr'>est,</span> <span class='ocrx_word' id='word_1_39' title='bbox 1540 1067 1649 1104; x_wconf 90' lang='lat' dir='ltr'>non</span> <span class='ocrx_word' id='word_1_40' title='bbox 1683 1050 1862 1104; x_wconf 92' lang='lat' dir='ltr'>solum</span> <span class='ocrx_word' id='word_1_41' title='bbox 1888 1051 2014 1106; x_wconf 87' lang='lat' dir='ltr'>hea-</span> 
     </span>
     <span class='ocr_line' id='line_1_7' title="bbox 140 1143 2014 1220; baseline -0.002 -17"><span class='ocrx_word' id='word_1_42' title='bbox 140 1154 228 1203; x_wconf 91' lang='lat' dir='ltr'>tus</span> <span class='ocrx_word' id='word_1_43' title='bbox 259 1147 536 1220; x_wconf 87' lang='lat' dir='ltr'>apostolus</span> <span class='ocrx_word' id='word_1_44' title='bbox 578 1146 791 1213; x_wconf 77' lang='lat' dir='ltr'>PetruS,</span> <span class='ocrx_word' id='word_1_45' title='bbox 836 1144 932 1200; x_wconf 91' lang='lat' dir='ltr'>sed</span> <span class='ocrx_word' id='word_1_46' title='bbox 972 1150 1024 1199; x_wconf 90' lang='lat' dir='ltr'>et</span> <span class='ocrx_word' id='word_1_47' title='bbox 1058 1143 1290 1216; x_wconf 79' lang='lat' dir='ltr'>quilibet</span> <span class='ocrx_word' id='word_1_48' title='bbox 1319 1143 1602 1216; x_wconf 82' lang='lat' dir='ltr'>legitimus</span> <span class='ocrx_word' id='word_1_49' title='bbox 1641 1144 1759 1216; x_wconf 87' lang='lat' dir='ltr'>ejus</span> <span class='ocrx_word' id='word_1_50' title='bbox 1792 1145 1847 1199; x_wconf 93' lang='lat' dir='ltr'>in</span> <span class='ocrx_word' id='word_1_51' title='bbox 1877 1145 2014 1200; x_wconf 86' lang='lat' dir='ltr'>Sede</span> 
     </span>
     <span class='ocr_line' id='line_1_8' title="bbox 136 1226 2014 1315; baseline -0.001 -16"><span class='ocrx_word' id='word_1_52' title='bbox 136 1226 379 1300; x_wconf 88' lang='lat' dir='ltr'>Romana</span> <span class='ocrx_word' id='word_1_53' title='bbox 406 1260 710 1299; x_wconf 81' lang='lat' dir='ltr'>successor.</span> <span class='ocrx_word' id='word_1_54' title='bbox 758 1242 816 1296; x_wconf 91' lang='lat' dir='ltr'>Id</span> <span class='ocrx_word' id='word_1_55' title='bbox 855 1242 970 1315; x_wconf 87' lang='lat' dir='ltr'>jam</span> <span class='ocrx_word' id='word_1_56' title='bbox 999 1241 1355 1315; x_wconf 77' lang='lat' dir='ltr'>probavimus</span> <span class='ocrx_word' id='word_1_57' title='bbox 1390 1259 1558 1315; x_wconf 89' lang='lat' dir='ltr'>supra</span> <span class='ocrx_word' id='word_1_58' title='bbox 1601 1243 1778 1315; x_wconf 82' lang='lat' dir='ltr'>(parte</span> <span class='ocrx_word' id='word_1_59' title='bbox 1813 1243 1875 1311; x_wconf 88' lang='lat' dir='ltr'>ll,</span> <span class='ocrx_word' id='word_1_60' title='bbox 1898 1261 2014 1298; x_wconf 90' lang='lat' dir='ltr'>sec-</span> 
     </span>
     <span class='ocr_line' id='line_1_9' title="bbox 139 1337 2014 1412; baseline -0.002 -16"><span class='ocrx_word' id='word_1_61' title='bbox 139 1339 288 1396; x_wconf 89' lang='lat' dir='ltr'>tione</span> <span class='ocrx_word' id='word_1_62' title='bbox 314 1339 399 1408; x_wconf 89' lang='lat' dir='ltr'>lll,</span> <span class='ocrx_word' id='word_1_63' title='bbox 418 1339 595 1412; x_wconf 89' lang='lat' dir='ltr'>capite</span> <span class='ocrx_word' id='word_1_64' title='bbox 618 1339 675 1409; x_wconf 84' lang='grc' dir='ltr'>ι).</span> <span class='ocrx_word' id='word_1_65' title='bbox 697 1339 862 1392; x_wconf 90' lang='lat' dir='ltr'>Porro</span> <span class='ocrx_word' id='word_1_66' title='bbox 884 1337 1137 1392; x_wconf 58' lang='lat' dir='ltr'>Ecclesiae</span> <span class='ocrx_word' id='word_1_67' title='bbox 1160 1337 1585 1392; x_wconf 87' lang='lat' dir='ltr'>fundamentum</span> <span class='ocrx_word' id='word_1_68' title='bbox 1605 1355 1711 1392; x_wconf 87' lang='lat' dir='ltr'>non</span> <span class='ocrx_word' id='word_1_69' title='bbox 1738 1344 1883 1393; x_wconf 92' lang='lat' dir='ltr'>esset</span> <span class='ocrx_word' id='word_1_70' title='bbox 1910 1337 2014 1393; x_wconf 91' lang='lat' dir='ltr'>Ro-</span> 
     </span>
     <span class='ocr_line' id='line_1_10' title="bbox 142 1435 2021 1509; baseline 0 -18"><span class='ocrx_word' id='word_1_71' title='bbox 142 1455 339 1491; x_wconf 86' lang='lat' dir='ltr'>manus</span> <span class='ocrx_word' id='word_1_72' title='bbox 351 1436 615 1506; x_wconf 82' lang='lat' dir='ltr'>Pontifex,</span> <span class='ocrx_word' id='word_1_73' title='bbox 644 1435 749 1491; x_wconf 85' lang='lat' dir='ltr'>nisi</span> <span class='ocrx_word' id='word_1_74' title='bbox 772 1436 1000 1509; x_wconf 88' lang='lat' dir='ltr'>polleret</span> <span class='ocrx_word' id='word_1_75' title='bbox 1025 1437 1351 1491; x_wconf 90' lang='lat' dir='ltr'>auctoritate</span> <span class='ocrx_word' id='word_1_76' title='bbox 1375 1453 1543 1509; x_wconf 85' lang='lat' dir='ltr'>supra</span> <span class='ocrx_word' id='word_1_77' title='bbox 1560 1435 2021 1492; x_wconf 88' lang='lat' dir='ltr'>concilium-sine-</span> 
     </span>
     <span class='ocr_line' id='line_1_11' title="bbox 139 1530 2015 1607; baseline -0.001 -19"><span class='ocrx_word' id='word_1_78' title='bbox 139 1534 296 1607; x_wconf 88' lang='lat' dir='ltr'>Papa.</span> <span class='ocrx_word' id='word_1_79' title='bbox 319 1533 476 1601; x_wconf 79' lang='lat' dir='ltr'>Nam,</span> <span class='ocrx_word' id='word_1_80' title='bbox 503 1533 643 1587; x_wconf 89' lang='lat' dir='ltr'>sicut</span> <span class='ocrx_word' id='word_1_81' title='bbox 671 1532 724 1586; x_wconf 92' lang='lat' dir='ltr'>in</span> <span class='ocrx_word' id='word_1_82' title='bbox 751 1531 1023 1587; x_wconf 89' lang='lat' dir='ltr'>materiali</span> <span class='ocrx_word' id='word_1_83' title='bbox 1047 1531 1295 1602; x_wconf 81' lang='lat' dir='ltr'>aedificio,</span> <span class='ocrx_word' id='word_1_84' title='bbox 1321 1531 1465 1586; x_wconf 84' lang='lat' dir='ltr'>illud.</span> <span class='ocrx_word' id='word_1_85' title='bbox 1488 1536 1568 1586; x_wconf 89' lang='lat' dir='ltr'>est</span> <span class='ocrx_word' id='word_1_86' title='bbox 1591 1530 2015 1587; x_wconf 86' lang='lat' dir='ltr'>fundamentum</span> 
     </span>
    </p>
   </div>
   <div class='ocr_carea' id='block_1_5' title="bbox 59 1627 2016 1703">
    <p class='ocr_par' dir='ltr' id='par_1_5' title="bbox 59 1627 2016 1703">
     <span class='ocr_line' id='line_1_12' title="bbox 59 1627 2016 1703; baseline -0.001 -19"><span class='ocrx_word' id='word_1_87' title='bbox 59 1691 66 1699; x_wconf 50' lang='lat'><em>‚</em></span> <span class='ocrx_word' id='word_1_88' title='bbox 142 1631 286 1703; x_wconf 88' lang='lat' dir='ltr'>quod</span> <span class='ocrx_word' id='word_1_89' title='bbox 309 1637 533 1686; x_wconf 80' lang='lat' dir='ltr'>eaete1·as</span> <span class='ocrx_word' id='word_1_90' title='bbox 552 1629 767 1685; x_wconf 75' lang='lat' dir='ltr'>aedificii</span> <span class='ocrx_word' id='word_1_91' title='bbox 803 1635 986 1703; x_wconf 88' lang='lat' dir='ltr'>partes</span> <span class='ocrx_word' id='word_1_92' title='bbox 1012 1634 1308 1698; x_wconf 88' lang='lat' dir='ltr'>sustentat,</span> <span class='ocrx_word' id='word_1_93' title='bbox 1337 1647 1365 1683; x_wconf 88' lang='lat' dir='ltr'>a</span> <span class='ocrx_word' id='word_1_94' title='bbox 1393 1647 1502 1700; x_wconf 90' lang='lat' dir='ltr'>quo</span> <span class='ocrx_word' id='word_1_95' title='bbox 1524 1627 1630 1682; x_wconf 82' lang='lat' dir='ltr'>illae</span> <span class='ocrx_word' id='word_1_96' title='bbox 1649 1635 1833 1702; x_wconf 86' lang='lat' dir='ltr'>partes</span> <span class='ocrx_word' id='word_1_97' title='bbox 1856 1646 2016 1683; x_wconf 83' lang='lat' dir='ltr'>suam</span> 
     </span>
    </p>
   </div>
   <div class='ocr_carea' id='block_1_6' title="bbox 139 1723 2019 3628">
    <p class='ocr_par' dir='ltr' id='par_1_6' title="bbox 139 1723 2019 3628">
     <span class='ocr_line' id='line_1_13' title="bbox 143 1723 2014 1798; baseline -0.002 -17"><span class='ocrx_word' id='word_1_98' title='bbox 143 1727 473 1782; x_wconf 80' lang='lat' dir='ltr'>soliditatem</span> <span class='ocrx_word' id='word_1_99' title='bbox 495 1727 746 1793; x_wconf 74' lang='lat' dir='ltr'>trallunt,</span> <span class='ocrx_word' id='word_1_100' title='bbox 769 1730 820 1781; x_wconf 86' lang='lat' dir='ltr'>et</span> <span class='ocrx_word' id='word_1_101' title='bbox 846 1725 964 1782; x_wconf 89' lang='lat' dir='ltr'>sine</span> <span class='ocrx_word' id='word_1_102' title='bbox 990 1745 1099 1798; x_wconf 89' lang='lat' dir='ltr'>quo</span> <span class='ocrx_word' id='word_1_103' title='bbox 1122 1725 1554 1780; x_wconf 79' lang='lat' dir='ltr'>dissolverentur</span> <span class='ocrx_word' id='word_1_104' title='bbox 1577 1731 1628 1781; x_wconf 88' lang='lat' dir='ltr'>et</span> <span class='ocrx_word' id='word_1_105' title='bbox 1659 1731 1908 1794; x_wconf 87' lang='lat' dir='ltr'>ruerent,</span> <span class='ocrx_word' id='word_1_106' title='bbox 1939 1723 2014 1778; x_wconf 87' lang='lat' dir='ltr'>ita</span> 
     </span>
     <span class='ocr_line' id='line_1_14' title="bbox 143 1822 2013 1895; baseline -0.001 -18"><span class='ocrx_word' id='word_1_107' title='bbox 143 1823 198 1877; x_wconf 86' lang='lat' dir='ltr'>in</span> <span class='ocrx_word' id='word_1_108' title='bbox 222 1823 448 1877; x_wconf 66' lang='lat' dir='ltr'>{edificio</span> <span class='ocrx_word' id='word_1_109' title='bbox 482 1822 699 1890; x_wconf 87' lang='lat' dir='ltr'>morali,</span> <span class='ocrx_word' id='word_1_110' title='bbox 726 1822 780 1877; x_wconf 89' lang='lat' dir='ltr'>id</span> <span class='ocrx_word' id='word_1_111' title='bbox 815 1828 916 1891; x_wconf 87' lang='lat' dir='ltr'>est,</span> <span class='ocrx_word' id='word_1_112' title='bbox 939 1822 995 1877; x_wconf 91' lang='lat' dir='ltr'>in</span> <span class='ocrx_word' id='word_1_113' title='bbox 1024 1822 1206 1895; x_wconf 87' lang='lat' dir='ltr'>aliqua</span> <span class='ocrx_word' id='word_1_114' title='bbox 1241 1822 1519 1886; x_wconf 89' lang='lat' dir='ltr'>societate,</span> <span class='ocrx_word' id='word_1_115' title='bbox 1549 1839 1661 1876; x_wconf 89' lang='lat' dir='ltr'>non</span> <span class='ocrx_word' id='word_1_116' title='bbox 1687 1827 1866 1895; x_wconf 88' lang='lat' dir='ltr'>potest</span> <span class='ocrx_word' id='word_1_117' title='bbox 1887 1822 2013 1894; x_wconf 89' lang='lat' dir='ltr'>quis</span> 
     </span>
     <span class='ocr_line' id='line_1_15' title="bbox 141 1918 2016 1987; baseline -0.002 -10"><span class='ocrx_word' id='word_1_118' title='bbox 141 1939 258 1977; x_wconf 89' lang='lat' dir='ltr'>esse</span> <span class='ocrx_word' id='word_1_119' title='bbox 270 1920 711 1987; x_wconf 84' lang='lat' dir='ltr'>fundamentum,</span> <span class='ocrx_word' id='word_1_120' title='bbox 734 1918 842 1975; x_wconf 91' lang='lat' dir='ltr'>nisi</span> <span class='ocrx_word' id='word_1_121' title='bbox 861 1919 918 1973; x_wconf 89' lang='lat' dir='ltr'>in</span> <span class='ocrx_word' id='word_1_122' title='bbox 935 1920 1121 1981; x_wconf 84' lang='lat' dir='ltr'>omnia</span> <span class='ocrx_word' id='word_1_123' title='bbox 1141 1920 1391 1974; x_wconf 86' lang='lat' dir='ltr'>membra</span> <span class='ocrx_word' id='word_1_124' title='bbox 1410 1925 1461 1974; x_wconf 88' lang='lat' dir='ltr'>et</span> <span class='ocrx_word' id='word_1_125' title='bbox 1480 1919 1536 1973; x_wconf 92' lang='lat' dir='ltr'>in</span> <span class='ocrx_word' id='word_1_126' title='bbox 1556 1925 1729 1975; x_wconf 89' lang='lat' dir='ltr'>totam</span> <span class='ocrx_word' id='word_1_127' title='bbox 1748 1919 1915 1975; x_wconf 87' lang='lat' dir='ltr'>etiam</span> <span class='ocrx_word' id='word_1_128' title='bbox 1934 1937 2016 1974; x_wconf 92' lang='lat' dir='ltr'>so-</span> 
     </span>
     <span class='ocr_line' id='line_1_16' title="bbox 139 2016 2014 2091; baseline -0.001 -18"><span class='ocrx_word' id='word_1_129' title='bbox 139 2017 390 2073; x_wconf 87' lang='lat' dir='ltr'>cietatem</span> <span class='ocrx_word' id='word_1_130' title='bbox 409 2016 688 2072; x_wconf 81' lang='lat' dir='ltr'>collective</span> <span class='ocrx_word' id='word_1_131' title='bbox 713 2023 1016 2091; x_wconf 87' lang='lat' dir='ltr'>sumptam,</span> <span class='ocrx_word' id='word_1_132' title='bbox 1034 2018 1124 2089; x_wconf 90' lang='lat' dir='ltr'>jus</span> <span class='ocrx_word' id='word_1_133' title='bbox 1150 2016 1455 2072; x_wconf 87' lang='lat' dir='ltr'>coactivum</span> <span class='ocrx_word' id='word_1_134' title='bbox 1474 2018 1670 2072; x_wconf 85' lang='lat' dir='ltr'>habeat</span> <span class='ocrx_word' id='word_1_135' title='bbox 1698 2035 1796 2072; x_wconf 87' lang='lat' dir='ltr'>seu</span> <span class='ocrx_word' id='word_1_136' title='bbox 1826 2022 2014 2072; x_wconf 88' lang='lat' dir='ltr'>aucto·</span> 
     </span>
     <span class='ocr_line' id='line_1_17' title="bbox 142 2111 2009 2185; baseline 0.001 -20"><span class='ocrx_word' id='word_1_137' title='bbox 142 2112 358 2167; x_wconf 86' lang='lat' dir='ltr'>ritatem</span> <span class='ocrx_word' id='word_1_138' title='bbox 391 2111 773 2181; x_wconf 84' lang='lat' dir='ltr'>sufficientem,</span> <span class='ocrx_word' id='word_1_139' title='bbox 797 2131 902 2185; x_wconf 86' lang='lat' dir='ltr'>qua</span> <span class='ocrx_word' id='word_1_140' title='bbox 928 2113 1178 2169; x_wconf 82' lang='lat' dir='ltr'>membra</span> <span class='ocrx_word' id='word_1_141' title='bbox 1202 2112 1259 2166; x_wconf 91' lang='lat' dir='ltr'>in</span> <span class='ocrx_word' id='word_1_142' title='bbox 1292 2113 1505 2168; x_wconf 83' lang='lat' dir='ltr'>unitate</span> <span class='ocrx_word' id='word_1_143' title='bbox 1533 2112 1722 2167; x_wconf 87' lang='lat' dir='ltr'>sociali</span> <span class='ocrx_word' id='word_1_144' title='bbox 1749 2112 2009 2181; x_wconf 88' lang='lat' dir='ltr'>retineat,</span> 
     </span>
     <span class='ocr_line' id='line_1_18' title="bbox 143 2207 2015 2281; baseline 0.001 -21"><span class='ocrx_word' id='word_1_145' title='bbox 143 2213 193 2260; x_wconf 90' lang='lat' dir='ltr'>ct</span> <span class='ocrx_word' id='word_1_146' title='bbox 238 2207 551 2262; x_wconf 88' lang='lat' dir='ltr'>societatem</span> <span class='ocrx_word' id='word_1_147' title='bbox 602 2208 780 2279; x_wconf 83' lang='lat' dir='ltr'>ipsam</span> <span class='ocrx_word' id='word_1_148' title='bbox 808 2208 875 2262; x_wconf 88' lang='lat' dir='ltr'>ad</span> <span class='ocrx_word' id='word_1_149' title='bbox 912 2207 1077 2262; x_wconf 88' lang='lat' dir='ltr'>finem</span> <span class='ocrx_word' id='word_1_150' title='bbox 1118 2208 1220 2280; x_wconf 87' lang='lat' dir='ltr'>ipsi</span> <span class='ocrx_word' id='word_1_151' title='bbox 1259 2209 1545 2281; x_wconf 88' lang='lat' dir='ltr'>proprium</span> <span class='ocrx_word' id='word_1_152' title='bbox 1582 2208 1803 2279; x_wconf 85' lang='lat' dir='ltr'>dirigat.</span> <span class='ocrx_word' id='word_1_153' title='bbox 1828 2208 2015 2262; x_wconf 87' lang='lat' dir='ltr'>Enim-</span> 
     </span>
     <span class='ocr_line' id='line_1_19' title="bbox 146 2302 2013 2377; baseline 0.001 -21"><span class='ocrx_word' id='word_1_154' title='bbox 146 2319 269 2356; x_wconf 74' lang='lat' dir='ltr'>vero</span> <span class='ocrx_word' id='word_1_155' title='bbox 294 2302 341 2356; x_wconf 94' lang='lat' dir='ltr'>si</span> <span class='ocrx_word' id='word_1_156' title='bbox 367 2302 661 2357; x_wconf 82' lang='lat' dir='ltr'>auctoritas</span> <span class='ocrx_word' id='word_1_157' title='bbox 691 2303 979 2374; x_wconf 80' lang='lat' dir='ltr'>regiminis</span> <span class='ocrx_word' id='word_1_158' title='bbox 1013 2304 1098 2358; x_wconf 85' lang='lat' dir='ltr'>vel</span> <span class='ocrx_word' id='word_1_159' title='bbox 1123 2304 1596 2377; x_wconf 73' lang='lat' dir='ltr'>{equaliterpenes</span> <span class='ocrx_word' id='word_1_160' title='bbox 1623 2304 1808 2358; x_wconf 83' lang='lat' dir='ltr'>omnia</span> <span class='ocrx_word' id='word_1_161' title='bbox 1839 2321 2013 2359; x_wconf 92' lang='lat' dir='ltr'>mem-</span> 
     </span>
     <span class='ocr_line' id='line_1_20' title="bbox 148 2400 2016 2474; baseline 0.002 -21"><span class='ocrx_word' id='word_1_162' title='bbox 148 2400 264 2469; x_wconf 85' lang='lat' dir='ltr'>bra,</span> <span class='ocrx_word' id='word_1_163' title='bbox 293 2400 375 2454; x_wconf 81' lang='lat' dir='ltr'>vel</span> <span class='ocrx_word' id='word_1_164' title='bbox 403 2417 568 2472; x_wconf 87' lang='lat' dir='ltr'>penes</span> <span class='ocrx_word' id='word_1_165' title='bbox 595 2400 831 2472; x_wconf 87' lang='lat' dir='ltr'>aliquem</span> <span class='ocrx_word' id='word_1_166' title='bbox 854 2407 1106 2456; x_wconf 90' lang='lat' dir='ltr'>senatum</span> <span class='ocrx_word' id='word_1_167' title='bbox 1137 2401 1396 2469; x_wconf 79' lang='lat' dir='ltr'>resideat,</span> <span class='ocrx_word' id='word_1_168' title='bbox 1431 2408 1482 2456; x_wconf 88' lang='lat' dir='ltr'>et</span> <span class='ocrx_word' id='word_1_169' title='bbox 1507 2420 1535 2455; x_wconf 90' lang='lat' dir='ltr'>a</span> <span class='ocrx_word' id='word_1_170' title='bbox 1563 2401 1871 2474; x_wconf 84' lang='lat' dir='ltr'>majoritate</span> <span class='ocrx_word' id='word_1_171' title='bbox 1905 2400 2016 2456; x_wconf 76' lang='lat' dir='ltr'>suf-</span> 
     </span>
     <span class='ocr_line' id='line_1_21' title="bbox 149 2496 2015 2571; baseline 0.002 -22"><span class='ocrx_word' id='word_1_172' title='bbox 149 2496 471 2567; x_wconf 77' lang='lat' dir='ltr'>fragiorum,</span> <span class='ocrx_word' id='word_1_173' title='bbox 525 2497 635 2552; x_wconf 88' lang='lat' dir='ltr'>sive</span> <span class='ocrx_word' id='word_1_174' title='bbox 685 2497 958 2567; x_wconf 88' lang='lat' dir='ltr'>omnium,</span> <span class='ocrx_word' id='word_1_175' title='bbox 1000 2497 1111 2551; x_wconf 76' lang='lat' dir='ltr'>sive</span> <span class='ocrx_word' id='word_1_176' title='bbox 1149 2497 1463 2569; x_wconf 86' lang='lat' dir='ltr'>aliquorum</span> <span class='ocrx_word' id='word_1_177' title='bbox 1510 2498 1832 2571; x_wconf 84' lang='lat' dir='ltr'>dependeat,</span> <span class='ocrx_word' id='word_1_178' title='bbox 1882 2503 2015 2552; x_wconf 89' lang='lat' dir='ltr'>tunc</span> 
     </span>
     <span class='ocr_line' id='line_1_22' title="bbox 147 2592 2015 2668; baseline 0.003 -23"><span class='ocrx_word' id='word_1_179' title='bbox 147 2592 334 2646; x_wconf 91' lang='lat' dir='ltr'>nullus</span> <span class='ocrx_word' id='word_1_180' title='bbox 374 2592 474 2647; x_wconf 90' lang='lat' dir='ltr'>erit</span> <span class='ocrx_word' id='word_1_181' title='bbox 505 2593 599 2664; x_wconf 92' lang='lat' dir='ltr'>qui</span> <span class='ocrx_word' id='word_1_182' title='bbox 648 2612 774 2648; x_wconf 90' lang='lat' dir='ltr'>eum</span> <span class='ocrx_word' id='word_1_183' title='bbox 804 2594 1032 2650; x_wconf 85' lang='lat' dir='ltr'>veritate</span> <span class='ocrx_word' id='word_1_184' title='bbox 1069 2594 1495 2650; x_wconf 87' lang='lat' dir='ltr'>fundamentum</span> <span class='ocrx_word' id='word_1_185' title='bbox 1531 2595 1641 2651; x_wconf 92' lang='lat' dir='ltr'>dici</span> <span class='ocrx_word' id='word_1_186' title='bbox 1681 2595 1886 2668; x_wconf 82' lang='lat' dir='ltr'>possit3</span> <span class='ocrx_word' id='word_1_187' title='bbox 1919 2595 2015 2651; x_wconf 89' lang='lat' dir='ltr'>sed</span> 
     </span>
     <span class='ocr_line' id='line_1_23' title="bbox 146 2689 2014 2759; baseline 0.003 -16"><span class='ocrx_word' id='word_1_188' title='bbox 146 2689 568 2744; x_wconf 81' lang='lat' dir='ltr'>fundamentum</span> <span class='ocrx_word' id='word_1_189' title='bbox 592 2690 716 2759; x_wconf 90' lang='lat' dir='ltr'>erit,</span> <span class='ocrx_word' id='word_1_190' title='bbox 742 2691 827 2746; x_wconf 80' lang='lat' dir='ltr'>vel</span> <span class='ocrx_word' id='word_1_191' title='bbox 848 2693 1145 2747; x_wconf 85' lang='lat' dir='ltr'>auctoritas</span> <span class='ocrx_word' id='word_1_192' title='bbox 1171 2693 1537 2748; x_wconf 84' lang='lat' dir='ltr'>democratica</span> <span class='ocrx_word' id='word_1_193' title='bbox 1566 2692 1623 2747; x_wconf 91' lang='lat' dir='ltr'>in</span> <span class='ocrx_word' id='word_1_194' title='bbox 1644 2693 1906 2749; x_wconf 87' lang='lat' dir='ltr'>omnihus</span> <span class='ocrx_word' id='word_1_195' title='bbox 1933 2710 2014 2748; x_wconf 78' lang='lat' dir='ltr'>re·</span> 
     </span>
     <span class='ocr_line' id='line_1_24' title="bbox 148 2788 2008 2865; baseline 0.003 -24"><span class='ocrx_word' id='word_1_196' title='bbox 148 2788 352 2857; x_wconf 80' lang='lat' dir='ltr'>sidenS,</span> <span class='ocrx_word' id='word_1_197' title='bbox 409 2789 494 2845; x_wconf 81' lang='lat' dir='ltr'>vel</span> <span class='ocrx_word' id='word_1_198' title='bbox 532 2791 827 2846; x_wconf 86' lang='lat' dir='ltr'>auctoritas</span> <span class='ocrx_word' id='word_1_199' title='bbox 869 2791 1240 2847; x_wconf 82' lang='lat' dir='ltr'>aristocratica</span> <span class='ocrx_word' id='word_1_200' title='bbox 1297 2792 1540 2848; x_wconf 85' lang='lat' dir='ltr'>existens</span> <span class='ocrx_word' id='word_1_201' title='bbox 1575 2809 1742 2865; x_wconf 90' lang='lat' dir='ltr'>penes</span> <span class='ocrx_word' id='word_1_202' title='bbox 1773 2792 2008 2865; x_wconf 63' lang='lat' dir='ltr'>aliquos</span> 
     </span>
     <span class='ocr_line' id='line_1_25' title="bbox 147 2884 2017 2957; baseline 0.003 -20"><span class='ocrx_word' id='word_1_203' title='bbox 147 2884 279 2938; x_wconf 88' lang='lat' dir='ltr'>Cum</span> <span class='ocrx_word' id='word_1_204' title='bbox 305 2902 430 2957; x_wconf 86' lang='lat' dir='ltr'>ergo</span> <span class='ocrx_word' id='word_1_205' title='bbox 457 2886 702 2943; x_wconf 85' lang='lat' dir='ltr'>Christus</span> <span class='ocrx_word' id='word_1_206' title='bbox 722 2889 985 2945; x_wconf 89' lang='lat' dir='ltr'>Dominus</span> <span class='ocrx_word' id='word_1_207' title='bbox 1012 2890 1438 2945; x_wconf 87' lang='lat' dir='ltr'>fundamentum</span> <span class='ocrx_word' id='word_1_208' title='bbox 1466 2889 1719 2944; x_wconf 71' lang='lat' dir='ltr'>Ecclesiae</span> <span class='ocrx_word' id='word_1_209' title='bbox 1752 2906 1865 2944; x_wconf 83' lang='lat' dir='ltr'>suae</span> <span class='ocrx_word' id='word_1_210' title='bbox 1889 2906 2017 2943; x_wconf 84' lang='lat' dir='ltr'>con-</span> 
     </span>
     <span class='ocr_line' id='line_1_26' title="bbox 150 2981 1992 3059; baseline 0.002 -22"><span class='ocrx_word' id='word_1_211' title='bbox 150 2981 412 3051; x_wconf 89' lang='lat' dir='ltr'>stituerit,</span> <span class='ocrx_word' id='word_1_212' title='bbox 449 3000 557 3037; x_wconf 89' lang='lat' dir='ltr'>non</span> <span class='ocrx_word' id='word_1_213' title='bbox 594 3002 805 3054; x_wconf 90' lang='lat' dir='ltr'>omnes,</span> <span class='ocrx_word' id='word_1_214' title='bbox 854 3004 965 3041; x_wconf 89' lang='lat' dir='ltr'>non</span> <span class='ocrx_word' id='word_1_215' title='bbox 1018 2986 1252 3059; x_wconf 84' lang='lat' dir='ltr'>aliquOS,</span> <span class='ocrx_word' id='word_1_216' title='bbox 1307 2987 1401 3042; x_wconf 89' lang='lat' dir='ltr'>sed</span> <span class='ocrx_word' id='word_1_217' title='bbox 1446 2987 1668 3041; x_wconf 86' lang='lat' dir='ltr'>beatum</span> <span class='ocrx_word' id='word_1_218' title='bbox 1708 2986 1929 3040; x_wconf 86' lang='lat' dir='ltr'>Petrum</span> <span class='ocrx_word' id='word_1_219' title='bbox 1963 3003 1992 3040; x_wconf 90' lang='lat' dir='ltr'>e</span> 
     </span>
     <span class='ocr_line' id='line_1_27' title="bbox 151 3078 2017 3156; baseline 0.004 -25"><span class='ocrx_word' id='word_1_220' title='bbox 151 3078 449 3151; x_wconf 88' lang='lat' dir='ltr'>quemlibet</span> <span class='ocrx_word' id='word_1_221' title='bbox 495 3079 612 3151; x_wconf 85' lang='lat' dir='ltr'>ejus</span> <span class='ocrx_word' id='word_1_222' title='bbox 644 3098 739 3152; x_wconf 91' lang='lat' dir='ltr'>pro</span> <span class='ocrx_word' id='word_1_223' title='bbox 783 3088 1030 3156; x_wconf 86' lang='lat' dir='ltr'>tempore</span> <span class='ocrx_word' id='word_1_224' title='bbox 1056 3102 1454 3154; x_wconf 85' lang='lat' dir='ltr'>successorem,</span> <span class='ocrx_word' id='word_1_225' title='bbox 1486 3083 1733 3155; x_wconf 85' lang='lat' dir='ltr'>rigorose</span> <span class='ocrx_word' id='word_1_226' title='bbox 1762 3083 2017 3155; x_wconf 91' lang='lat' dir='ltr'>sequitur</span> 
     </span>
     <span class='ocr_line' id='line_1_28' title="bbox 151 3172 2019 3247; baseline 0.004 -19"><span class='ocrx_word' id='word_1_227' title='bbox 151 3191 318 3247; x_wconf 88' lang='lat' dir='ltr'>penes</span> <span class='ocrx_word' id='word_1_228' title='bbox 359 3172 666 3236; x_wconf 83' lang='lat' dir='ltr'>Romanum</span> <span class='ocrx_word' id='word_1_229' title='bbox 694 3176 1005 3232; x_wconf 80' lang='lat' dir='ltr'>Pontificem</span> <span class='ocrx_word' id='word_1_230' title='bbox 1039 3179 1184 3233; x_wconf 91' lang='lat' dir='ltr'>Petri</span> <span class='ocrx_word' id='word_1_231' title='bbox 1229 3196 1605 3235; x_wconf 89' lang='lat' dir='ltr'>successorem</span> <span class='ocrx_word' id='word_1_232' title='bbox 1640 3184 1788 3234; x_wconf 86' lang='lat' dir='ltr'>stare</span> <span class='ocrx_word' id='word_1_233' title='bbox 1834 3187 2019 3236; x_wconf 87' lang='lat' dir='ltr'>aucto-</span> 
     </span>
     <span class='ocr_line' id='line_1_29' title="bbox 152 3256 2014 3351; baseline 0.006 -28"><span class='ocrx_word' id='word_1_234' title='bbox 152 3270 396 3338; x_wconf 85' lang='lat' dir='ltr'>ritatem,</span> <span class='ocrx_word' id='word_1_235' title='bbox 422 3275 539 3324; x_wconf 91' lang='lat' dir='ltr'>tum</span> <span class='ocrx_word' id='word_1_236' title='bbox 577 3271 633 3324; x_wconf 92' lang='lat' dir='ltr'>in</span> <span class='ocrx_word' id='word_1_237' title='bbox 656 3256 928 3343; x_wconf 44' lang='lat' dir='ltr'>singulo&amp;</span> <span class='ocrx_word' id='word_1_238' title='bbox 967 3278 1088 3328; x_wconf 91' lang='lat' dir='ltr'>tum</span> <span class='ocrx_word' id='word_1_239' title='bbox 1126 3274 1183 3328; x_wconf 89' lang='lat' dir='ltr'>in</span> <span class='ocrx_word' id='word_1_240' title='bbox 1223 3256 1414 3331; x_wconf 89' lang='lat' dir='ltr'>omnes</span> <span class='ocrx_word' id='word_1_241' title='bbox 1452 3275 1733 3331; x_wconf 84' lang='lat' dir='ltr'>collective</span> <span class='ocrx_word' id='word_1_242' title='bbox 1762 3282 2014 3351; x_wconf 89' lang='lat' dir='ltr'>sumptos</span> 
     </span>
     <span class='ocr_line' id='line_1_30' title="bbox 153 3363 2014 3440; baseline 0.007 -24"><span class='ocrx_word' id='word_1_243' title='bbox 153 3363 359 3431; x_wconf 70' lang='lat' dir='ltr'>fideleS,</span> <span class='ocrx_word' id='word_1_244' title='bbox 389 3370 440 3418; x_wconf 89' lang='lat' dir='ltr'>et</span> <span class='ocrx_word' id='word_1_245' title='bbox 465 3364 707 3419; x_wconf 82' lang='lat' dir='ltr'>fidelium</span> <span class='ocrx_word' id='word_1_246' title='bbox 735 3371 1000 3438; x_wconf 81' lang='lat' dir='ltr'>pastoreS,</span> <span class='ocrx_word' id='word_1_247' title='bbox 1033 3386 1139 3440; x_wconf 85' lang='lat' dir='ltr'>qua</span> <span class='ocrx_word' id='word_1_248' title='bbox 1162 3369 1336 3425; x_wconf 85' lang='lat' dir='ltr'>valeat</span> <span class='ocrx_word' id='word_1_249' title='bbox 1363 3387 1452 3426; x_wconf 92' lang='lat' dir='ltr'>eos</span> <span class='ocrx_word' id='word_1_250' title='bbox 1477 3370 1544 3425; x_wconf 91' lang='lat' dir='ltr'>ad</span> <span class='ocrx_word' id='word_1_251' title='bbox 1576 3370 1740 3426; x_wconf 83' lang='lat' dir='ltr'>finem</span> <span class='ocrx_word' id='word_1_252' title='bbox 1763 3372 2014 3429; x_wconf 85' lang='lat' dir='ltr'>Ecclesiae</span> 
     </span>
     <span class='ocr_line' id='line_1_31' title="bbox 153 3459 2013 3537; baseline 0.008 -25"><span class='ocrx_word' id='word_1_253' title='bbox 153 3459 442 3532; x_wconf 87' lang='lat' dir='ltr'>proprium</span> <span class='ocrx_word' id='word_1_254' title='bbox 483 3461 864 3517; x_wconf 79' lang='lat' dir='ltr'>convenienter</span> <span class='ocrx_word' id='word_1_255' title='bbox 890 3463 1145 3536; x_wconf 86' lang='lat' dir='ltr'>dirigere.</span> <span class='ocrx_word' id='word_1_256' title='bbox 1184 3465 1362 3537; x_wconf 86' lang='lat' dir='ltr'>Exigit</span> <span class='ocrx_word' id='word_1_257' title='bbox 1398 3472 1583 3523; x_wconf 89' lang='lat' dir='ltr'>autem</span> <span class='ocrx_word' id='word_1_258' title='bbox 1613 3468 1736 3524; x_wconf 85' lang='lat' dir='ltr'>finis</span> <span class='ocrx_word' id='word_1_259' title='bbox 1762 3469 2013 3526; x_wconf 74' lang='lat' dir='ltr'>Ecclesiae</span> 
     </span>
     <span class='ocr_line' id='line_1_32' title="bbox 153 3555 2014 3628; baseline 0.008 -21"><span class='ocrx_word' id='word_1_260' title='bbox 153 3555 435 3628; x_wconf 88' lang='lat' dir='ltr'>proprius,</span> <span class='ocrx_word' id='word_1_261' title='bbox 471 3564 530 3614; x_wconf 88' lang='lat' dir='ltr'>ut</span> <span class='ocrx_word' id='word_1_262' title='bbox 571 3557 757 3614; x_wconf 87' lang='lat' dir='ltr'>fideles</span> <span class='ocrx_word' id='word_1_263' title='bbox 798 3577 984 3615; x_wconf 86' lang='lat' dir='ltr'>veram</span> <span class='ocrx_word' id='word_1_264' title='bbox 1020 3559 1182 3616; x_wconf 87' lang='lat' dir='ltr'>fidem</span> <span class='ocrx_word' id='word_1_265' title='bbox 1215 3562 1546 3621; x_wconf 84' lang='lat' dir='ltr'>edoceantur</span> <span class='ocrx_word' id='word_1_266' title='bbox 1595 3566 1741 3622; x_wconf 79' lang='lat' dir='ltr'>acin</span> <span class='ocrx_word' id='word_1_267' title='bbox 1782 3585 1843 3624; x_wconf 90' lang='lat' dir='ltr'>ea</span> <span class='ocrx_word' id='word_1_268' title='bbox 1885 3569 2014 3625; x_wconf 90' lang='lat' dir='ltr'>reti-</span> 
     </span>
    </p>
   </div>
  </div>
 </body>
</html>
