2262 3990
828 151 959 200 mis
985 150 1185 200 mum.
1443 158 1449 163 '
1856 145 1945 192 0¹5

75 256 373 317 definiendi
416 262 468 314 et
510 255 790 314 statuendi
834 254 1244 324 auctoritatem,
1291 250 1455 309 habet
1501 255 1711 321 tamen,
1734 248 1789 308 vi
1814 266 1937 325 pro-

77 354 407 411 missionum
422 353 642 419 Christi,
668 353 967 411 Ecclesiam
993 369 1152 411 suam
1175 366 1497 426 permanere
1525 365 1703 422 usque
1731 348 1800 404 ad
1815 365 1942 404 eon-

74 451 499 508 summationem
533 450 722 508 saeculi
763 449 1016 521 volentis,
1056 447 1506 506 infallibilitatem
1546 443 1941 523 aliquougrndu

73 548 176 606 sibi
203 549 483 623 propriam
506 572 517 615 ;
545 549 596 605 vi
618 550 778 623 quus
806 547 1014 605 scilicet
1038 565 1150 603 non
1173 552 1352 622 potest
1371 551 1563 603 contra
1577 550 1750 619 caput
1775 561 1943 601 suum

71 644 361 701 Summum
401 645 712 704 Pontificem
739 646 1050 718 insurgere,
1078 644 1147 700 ab
1170 644 1291 718 ipso
1323 642 1516 713 dividi,
1553 642 1943 700 auctoritatem

73 743 483 817 ipsius.negare
517 751 571 802 et
613 750 988 810 contemnere,
1012 748 1105 798 aut
1132 741 1296 798 etiam
1324 742 1601 814 ignorare,
1637 741 1944 798 auctorita-

73 843 179 894 tem
215 838 389 912 ipsius
425 838 528 895 sibi
569 856 680 894 non
732 843 1139 912 competentem
1170 853 1462 910 usurpare,
1495 842 1687 893 contra
1716 836 1772 892 id
1797 835 1944 910 quod

70 934 186 1007 ipsc
217 936 371 992 docet
413 943 506 992 aut
546 934 788 991 delinivit
820 934 1012 990 docere
1045 941 1141 990 aut
1187 933 1441 1003 definire,
1481 951 1591 989 non
1650 934 1944 991 convenire

68 1051 194 1088 cum
231 1034 349 1108 ipso
381 1034 438 1089 in
476 1051 645 1089 unam
691 1038 744 1088 et
779 1049 964 1088 veram
1009 1031 1196 1088 tidem.
1235 1031 1290 1086 vi
1323 1033 1482 1102 cujus
1511 1031 1943 1089 .infallibilitatis

68 1130 411 1187 solummodo
453 1130 509 1186 tit.
552 1130 894 1205 impossibile
939 1130 1178 1187 schi'=·ma
1211 1128 1483 1202 Ecclesiae,
1536 1129 1649 1185 sive
1680 1130 1943 1204 dispersae

69 1227 177 1285 sive
198 1235 561 1302 congregatae,
589 1247 619 1284 a
649 1246 751 1284 suo
780 1228 978 1302 capite.
1009 1228 1069 1284 Et
1101 1228 1180 1283 sic
1203 1227 1372 1284 etiam
1405 1227 1794 1283 tantummodo
1830 1244 1942 1283 non

69 1333 297 1400 possunt
330 1327 588 1382 adversus
613 1326 911 1382 Ecclesiam
940 1333 1110 1400 portae
1137 1325 1297 1380 inferi
1325 1325 1643 1400 praevalere.
1671 1325 1859 1396 Porr0,
1886 1324 1939 1380 vi

69 1425 227 1481 istius
261 1425 669 1481 infallibilitatis
711 1431 762 1480 et
791 1424 1039 1480 Ecclesiae
1069 1423 1234 1480 totius
1279 1423 1533 1493 unitatis,
1569 1423 1796 1478 omnino
1840 1423 1943 1478 im·

69 1521 332 1595 possibile
377 1522 458 1591 fit,
510 1527 570 1578 ut
617 1531 722 1578 tota
771 1521 1158 1595 Episcoporum
1209 1519 1459 1576 collectio
1535 1519 1638 1574 sibi
1691 1537 1940 1592 unquam

63 1623 295 1691 usurpet
338 1621 721 1675 auctoritatem
757 1618 1052 1674 definiendi
1087 1623 1140 1672 et
1172 1618 1451 1673 statuendi
1487 1623 1680 1673 contra
1721 1617 1938 1672 Summi

63 1714 336 1770 Pontificis
366 1715 643 1786 judicium
682 1722 733 1771 et
776 1714 1207 1788 independenter
1238 1716 1305 1770 ab
1331 1715 1468 1788 ipso,
1515 1715 1652 1785 Ergo
1678 1720 1791 1769 tota
1827 1716 1941 1770 haec

59 1808 449 1883 Episcoporum
499 1810 750 1865 collectio
786 1809 1096 1864 infallibilis
1139 1816 1220 1865 est
1263 1811 1331 1864 ad
1361 1809 1729 1865 obediendum
1760 1815 1813 1865 et
1843 1811 1937 1864 ob-

0 1976 3 1982 ,
56 1905 398 1977 sequendum
438 1907 662 1961 Summo
690 1905 959 1974 Pontifici,
987 1912 1037 1961 et
1068 1924 1195 1960 cum
1227 1906 1346 1978 ipso
1376 1912 1428 1960 et
1467 1905 1572 1960 fide
1613 1923 1782 1976 quam
1814 1906 1933 1979 ipse

0 2021 2 2067 ς
57 2000 208 2057 docet
254 2002 693 2058 conveniendum
733 2023 758 2055 υ
796 2005 1086 2076 (tractatus
1127 2002 1190 2057 cle
1232 2001 1482 2071 Ecclesia,
1539 2002 1931 2077 autographice

0 2125 1 2131 ¹
56 2098 399 2156 solummodo
424 2099 630 2167 editu5,
659 2118 781 2172 pag.
813 2099 966 2166 510).
1006 2098 1212 2155 Dictam
1240 2098 1743 2172 impossibilitatem
1769 2099 1930 2153 intel-

0 2189 2 2259 ἱ
52 2194 172 2268 ligit
199 2195 364 2251 etiam
398 2197 552 2253 Pater
584 2197 804 2266 Martin,
831 2203 892 2252 ut
935 2215 998 2251 ex
1041 2203 1297 2252 contextu
1340 2196 1475 2251 satis
1504 2202 1676 2269 patet,
1718 2198 1782 2252 de
1814 2195 1928 2268 ple-

0 2272 2 2364 ᾖ
55 2295 225 2365 risque
255 2311 351 2349 seu
379 2294 444 2348 de
475 2294 671 2367 majori
703 2294 1096 2367 Episcoporum
1134 2311 1390 2348 numero,

0 2404 2 2438 l

129 2390 300 2463 igitur
339 2390 637 2445 concilium
667 2390 942 2462 generale,
977 2397 1247 2462 quatenus
1280 2390 1510 2444 seorsim
1547 2390 1736 2465 a·Papa
1772 2408 1925 2466 spec-

0 2526 1 2532 1
56 2492 254 2557 tatum,
284 2505 392 2542 non
419 2494 501 2543 est
547 2505 608 2543 eo
657 2505 820 2544 sensu
859 2487 1168 2559 infallibile,
1220 2487 1367 2559 quod
1398 2488 1789 2562 unusquisque
1833 2490 1928 2546 Pa-

57 2592 201 2641 trum
235 2585 544 2641 infallibilis
589 2586 679 2641 sit.
719 2586 825 2641 Nec
865 2602 926 2640 eo
958 2603 1124 2641 sensu
1166 2587 1311 2659 quod
1345 2604 1455 2641 non
1499 2587 1713 2660 possint
1760 2588 1927 2643 etiam

55 2681 203 2739 multi
234 2702 264 2739 a
292 2684 467 2757 eapite
493 2702 593 2740 suo
625 2684 872 2739 Romano
900 2683 1155 2739 Pontifice
1185 2683 1365 2756 quoad
1395 2683 1555 2740 fidem
1582 2691 1636 2740 et
1667 2686 1928 2742 obedien-

58 2776 191 2832 tiam
215 2795 333 2834 sese
359 2780 700 2835 abscindere.
727 2779 830 2835 Sed
853 2786 932 2835 est
958 2780 1248 2836 infallibile
1268 2781 1323 2836 in
1349 2799 1412 2836 eo
1428 2799 1596 2838 sensu
1624 2783 1768 2854 quod
1801 2801 1927 2838 con-

64 2873 271 2945 tingere
300 2893 581 2949 nunquam
611 2878 806 2951 possit,
842 2883 901 2933 ut
932 2879 1043 2950 fere
1089 2896 1284 2948 omues‘,
1311 2879 1394 2934 vel
1426 2879 1591 2934 etiam
1616 2897 1742 2951 pars
1769 2881 1929 2951 major

63 2970 235 3042 (juxta
259 2970 552 3027 citatorum
579 2980 867 3030 auctorum
893 2977 1246 3045 sententiam)
1286 2975 1450 3034 fidem
1482 2976 1642 3031 aliter
1664 2975 1927 3032 definiant

63 3085 228 3140 quam
261 3066 522 3123 Summus
558 3068 825 3139 PontifeX,
857 3078 951 3126 aut
985 3072 1149 3127 etiam
1185 3073 1620 3147 independenter
1651 3075 1717 3128 ab
1754 3073 1926 3147 ipsius

62 3182 290 3220 assensu
337 3172 388 3220 et
427 3165 816 3239 approbatione
842 3167 1068 3223 definire
1091 3177 1448 3241 praesumant.
1494 3203 1499 3208 ·

135 3261 291 3318 Nota.
324 3295 391 3303 —
422 3262 596 3317 Etiam
617 3263 932 3319 collectioni
966 3265 1211 3323 fidelium
1242 3267 1524 3342 Episcopis
1551 3270 1926 3343 subjectorum

61 3378 162 3415 suo
219 3359 379 3415 modo
413 3361 675 3434 competit
718 3361 916 3416 similis
949 3362 1327 3420 infallibilitas.
1375 3366 1669 3440 Nunquam
1720 3370 1928 3429 scilicet

65 3455 382 3528 contingere
407 3463 581 3530 potest
608 3463 668 3512 ut
702 3475 893 3513 omnes
932 3466 1025 3515 aut
1052 3460 1165 3516 sere
1199 3479 1391 3519 omnes
1440 3464 1694 3521 desinant
1725 3466 1781 3523 in
1822 3467 1929 3526 fide

61 3551 354 3608 convenire
405 3570 532 3608 cum
577 3552 854 3626 Episcopis
902 3554 1148 3612 Romano
1188 3557 1438 3615 Pontifici
1491 3559 1924 3632 adhaerentihuS‚
