2306 4010
765 187 886 233 mas
917 185 1157 232 SECUNDA.
1459 183 1465 188 '
1813 182 1898 228 565

102 292 428 366 Respondent
456 291 744 348 Baroniani
770 313 780 346 :
811 291 1053 348 Peracta
1079 287 1333 362 intelligit
1357 285 1680 344 Anastasius
1696 284 1899 342 Biblio-

29 388 310 446 thecarius
348 389 555 445 decreta
587 389 726 462 fidei.
763 387 902 445 Nam
941 387 1174 463 ipsemet
1206 403 1273 443 ex
1306 384 1553 461 professo
1592 389 1903 459 propugnat

30 487 302 564 synodum
342 493 576 556 sextam,
612 505 719 544 non
759 486 869 544 nisi
911 484 1090 561 quoad
1118 482 1659 540 fidei'definitionem
1701 500 1732 538 a
1771 480 1907 538 Sede

30 586 330 662 apostolica
360 592 638 661 receptam
665 584 854 641 fuisse.

104 682 224 740 Haec
252 689 334 740 est
352 681 784 738 Baronianorum
817 680 1084 737 defensio.
1108 679 1320 736 Eruditi
1343 687 1553 750 autem,
1586 676 1819 734 Baronio
1851 683 1905 734 et

27 778 356 837 Bellarmino
378 774 735 847 recentiores,
756 777 1110 833 communius
1129 770 1431 833 admittunt
1448 776 1505 831 in
1523 776 1731 850 synodo
1750 781 1902 832 sexta

26 875 453 931 condemnatum
483 891 672 932 revera
705 873 880 943 fuisse
908 872 1236 943 Honorium,
1264 877 1316 927 et
1347 873 1526 944 quoad
1561 873 1617 929 id
1644 873 1908 930 deserunt

25 968 454 1026 Baronianorum
506 969 880 1043 hypothesim,
923 967 980 1023 id
1037 973 1141 1038 cst,
1197 967 1610 1025 fraudulentam
1665 969 1908 1026 nominis

26 1064 244 1122 Honorii
277 1063 636 1121 insertionem
667 1064 725 1119 in
757 1063 918 1120 dictae
947 1063 1140 1138 synodi
1167 1063 1327 1119 actis,

31 1237 56 1292 5
81 1236 119 1279 ’1.
147 1261 197 1268 -
229 1237 445 1279 Conclusio
467 1237 626 1290 capitis.
657 1260 707 1267 —
733 1237 955 1290 Perperam
979 1237 1138 1278 scilicet
1168 1241 1310 1279 contra
1332 1237 1505 1278 Romani
1535 1237 1746 1280 Pontificis
1774 1250 1822 1281 cx
1841 1253 1912 1281 ca-

82 1307 222 1349 thedra
241 1307 366 1347 fidem
382 1305 618 1347 definientis
643 1305 983 1346 infallibilitatem
1003 1305 1176 1357 allegari
1199 1311 1457 1358 praetcnsum
1484 1305 1652 1347 Honorii
1677 1307 1856 1359 lapsum.

106 1435 470 1510 Exposuimus
515 1441 754 1507 quatuor
800 1433 1045 1491 diversas
1086 1434 1309 1490 Honorii
1359 1434 1722 1491 defensiones.
1768 1435 1908 1498 Quid

42 1538 212 1590 autem
238 1551 303 1588 ex
328 1531 407 1587 eis
436 1530 884 1587 concludendum
911 1530 1094 1586 veniat
1127 1549 1278 1586 nunc
1313 1531 1715 1605 expendamus.

110 1632 161 1688 1⁰
195 1632 308 1688 Nisi
354 1633 588 1708 probent
626 1629 928 1687 adversarii
973 1630 1186 1686 nullam
1229 1648 1294 1687 ex
1335 1629 1414 1686 eis
1454 1630 1656 1700 valere,
1706 1630 1911 1704 injuste

37 1748 255 1807 prorsus
282 1729 587 1787 llonorium
630 1729 951 1806 traducunt,
981 1729 1143 1802 quasi
1179 1727 1345 1784 fidem
1380 1747 1446 1786 ex
1480 1727 1740 1785 cathedra
1779 1729 1908 1785 defi-

36 1827 190 1884 niens
228 1828 511 1885 erraverit.
542 1828 676 1895 Im0,
715 1827 762 1882 si
801 1826 885 1883 vel
907 1826 1192 1900 probabilis
1226 1832 1508 1883 remaneat
1540 1844 1649 1882 una
1685 1844 1750 1882 ex
1778 1843 1909 1899 qua-

35 1930 160 1982 tuor
200 1926 312 1981 illis
357 1913 797 1994 defensionibus,
826 1942 991 1980 causa
1034 1923 1239 1979 cadunt
1283 1923 1605 1980 adversarii.
1639 1924 1695 1979 ln
1740 1923 1910 1979 dubio

32 2024 179 2081 enim
207 2016 526 2081 censendus*
544 2012 654 2080 non
682 2031 762 2080 cst
801 2042 1015 2080 errasse
1050 2024 1231 2097 quoad
1258 2023 1422 2080 sidem
1450 2023 1746 2094 Honorius,
1783 2041 1908 2078 cum

34 2121 253 2178 aliunde
291 2123 508 2179 invictis
553 2122 896 2196 argumentis
935 2122 1202 2197 probetur
1241 2122 1562 2194 contingere
1604 2140 1716 2178 non
1754 2139 1913 2196 posse

35 2225 96 2273 ut
122 2219 402 2274 Romanus
427 2219 666 2274 Pontifex
692 2236 919 2274 erronee
944 2218 1108 2272 fidem
1139 2217 1365 2272 definiat
1398 2235 1462 2273 ex
1494 2220 1776 2274 cathedra.

114 2314 167 2367 2⁰
196 2313 311 2369 Non
352 2315 595 2387 potuisse
638 2331 830 2369 omnes
867 2314 1157 2386 praedictas
1198 2313 1425 2368 llonorii
1467 2314 1817 2370 defensiones
1844 2317 1912 2371 ab

40 2411 369 2490 adversariis
409 2411 777 2485 peremptorie
815 2411 1110 2480 confutari,
1153 2417 1370 2467 constat
1414 2411 1499 2468 vel
1535 2430 1597 2467 ex
1635 2412 1738 2468 hoc
1769 2413 1911 2469 facto

39 2508 367 2579 certissimo,
394 2510 537 2582 quod
560 2508 890 2582 jamdudum
923 2511 1203 2565 communis
1245 2527 1308 2565 ac
1333 2509 1443 2564 fere
1477 2509 1763 2566 unanimis
1789 2528 1910 2566 eva-

40 2606 170 2662 serit
208 2607 556 2684 eruditorum
601 2606 1001 2662 catholicorum
1038 2606 1331 2678 sententia,
1376 2607 1685 2665 immunem
1730 2608 1910 2665 decla-

40 2722 165 2760 rans
192 2704 488 2761 llonorium
525 2725 553 2760 a
579 2705 825 2779 qualibet
852 2723 1082 2761 erronea
1118 2705 1241 2762 fidei
1272 2705 1591 2764 definitione
1627 2725 1690 2763 ex
1725 2710 1911 2765 cathe-

43 2799 159 2855 dra.
184 2801 446 2874 Equidem
472 2802 722 2859 doctores
744 2803 1002 2859 catholici
1023 2804 1317 2861 unanimes
1335 2823 1446 2860 non
1476 2811 1607 2861 sunt
1632 2823 1695 2861 eo
1718 2824 1908 2874 sensu,

46 2898 190 2969 quod
221 2899 313 2953 alii
353 2900 518 2956 aliam
556 2901 778 2958 llonorii
806 2901 1186 2958 defensionem
1214 2909 1573 2977 anteponant.
1605 2903 1910 2976 Quamplu-

47 2989 173 3045 rimi
208 2991 411 3048 scilicet
442 2994 717 3050 adhaerent
748 2998 948 3067 primae5
990 2997 1156 3053 multi
1193 2997 1361 3053 etiam
1405 3001 1593 3061 tertiae5
1623 2998 1911 3070 pauciores

46 3089 279 3143 secundae
299 3094 349 3143 ct
368 3097 583 3160 quartae.
609 3091 702 3146 Ast
728 3092 785 3146 in
815 3111 876 3148 eo
902 3094 1280 3164 consentiunt,
1318 3094 1463 3167 quod
1490 3093 1763 3149 Honorius
1789 3093 1914 3148 nul-

48 3183 156 3237 lam
200 3199 485 3239 erroneam
523 3183 646 3239 fidei
682 3185 1060 3242 definitionem
1086 3205 1150 3243 ex
1173 3187 1431 3243 cathedra
1473 3186 1739 3252 emiserit3
1780 3187 1913 3244 item

49 3279 210 3354 plane
246 3280 302 3336 in
329 3298 391 3337 co
420 3281 795 3355 consentiunt,
826 3283 973 3354 quod
1002 3283 1188 3338 inania
1225 3283 1333 3338 sint
1356 3283 1795 3339 adversariorum
1829 3302 1912 3340 ar-

47 3385 306 3452 gumenta
326 3378 390 3433 ad
408 3378 895 3434 demonstrandam
914 3380 1187 3452 ejusmodi
1205 3397 1492 3436 erroneam
1512 3372 1908 3439 definitionem.

124 3475 179 3530 5⁰
214 3476 346 3531 Cum
371 3492 498 3547 ergo
534 3474 811 3530 incassum
837 3473 1226 3531 desudaverint
1258 3475 1555 3532 adversarii
1579 3477 1645 3532 ad
1671 3479 1910 3554 proban-

50 3574 206 3646 dum,
236 3574 380 3648 quod
401 3573 634 3629 Honorio
663 3572 955 3643 intentant,
983 3572 1187 3629 erroris
1209 3573 1441 3645 crimen,
1467 3593 1751 3651 perperam
1773 3577 1911 3636 illud
