2262 3990
209 133 299 180 542
884 119 1180 166 TRAGTATUS
1207 119 1276 166 DE
1307 119 1454 166 ΡΑΡΑ.

212 246 266 298 et
293 235 542 311 suprema
563 233 802 305 potestas
824 227 1047 302 collegii
1087 228 1383 304 apostolici
1413 228 1761 286 unanimiter
1777 246 1910 286 cum
1942 232 2121 308 capite

210 355 314 395 suo
341 327 717 400 decernentiS,
757 345 870 384 non
897 331 980 384 est
1015 327 1245 404 duplex,
1275 328 1373 386 sed
1403 347 1518 385 una
1550 334 1606 385 et
1637 328 1835 386 eadem
1863 347 2122 407 suprema
2168 364 2185 420 ἑῇ

207 437 474 510 potestas,
505 429 644 485 Cum
672 444 804 502 ergo
833 426 1134 502 collegium
1161 426 1565 503 apostolicum,
1595 434 1874 503 quatenus
1907 447 1939 485 a
1967 430 2120 490 Petro

208 530 556 605 sejunctum,
584 528 804 585 nullam
844 545 875 584 a
924 526 1144 584 Christo
1190 526 1583 585 auctoritatem
1617 527 1917 604 receperit,
1945 530 2126 603 sequi·

207 635 303 687 tur
337 626 564 687 concilii
592 625 873 702 generalis
902 626 1146 698 decreta,
1201 626 1409 701 quibus
1442 645 1738 684 assensum
1764 646 1933 684 suum
1964 626 2126 688 dene·

208 736 300 805 gat
345 730 635 786 Romanus
664 727 936 799 Pontifex,
970 727 1083 784 vim
1134 727 1470 785 oecumenici
1502 727 1749 798 concilii,
1784 727 1842 784 id
1871 735 1973 799 est,
2006 729 2127 788 uni·

207 832 498 891 versaliter
524 830 831 906 obligandi,
885 848 999 887 non
1032 829 1260 902 habere,
1297 830 1412 887 imo
1443 848 1676 906 prorsus
1710 830 1869 887 nulla
1919 848 2042 889 esse
2071 849 2130 891 ac
2171 834 2174 839 ’
2248 821 2255 894 i

214 932 398 990 irrita.

288 1035 605 1110 objicies.—
619 1033 955 1109 Sequeretur
976 1049 1076 1108 per
1096 1031 1263 1089 verba
1280 1031 1654 1106 Quodcumque
1674 1033 1985 1106 liyaverz'tiS,
2003 1037 2130 1106 etc.,

213 1134 359 1191 nihil
389 1133 683 1211 potestatis
713 1150 743 1189 a
777 1130 992 1188 Christo
1027 1129 1299 1187 collatum
1343 1129 1520 1187 fuisse
1556 1130 1843 1206 apostolis,
1873 1130 2023 1205 quod
2054 1136 2135 1189 est

214 1235 550 1293 absurdum.
2109 1214 2114 1218 ⁹
2194 1311 2195 1314 Ἴ

290 1337 599 1412 Respomleo
640 1355 655 1387 .·
712 1334 1055 1408 Sequeretur
1112 1331 1263 1387 nihil
1314 1320 1611 1407 potestatis
1649 1333 1921 1390 collatum
1965 1333 2137 1391 fuisse
2204 1335 2206 1340 '

213 1436 507 1513 apostolis,
540 1439 822 1510 quatenus
865 1434 988 1491 sine
1023 1433 1180 1490 Petro
1223 1438 1276 1489 et
1305 1432 1539 1490 seorsim
1573 1451 1604 1489 a
1636 1434 1795 1491 Petro
1838 1433 2136 1508 ligantibus

212 1544 266 1595 et
305 1522 679 1608 solventibus,
721 1535 1002 1593 concedo:
1049 1539 1332 1608 quatenus
1369 1553 1500 1591 cum
1543 1535 1703 1592 Petro
1740 1536 2048 1611 ligantibus
2088 1540 2138 1592 et

216 1638 586 1709 solventibus,
627 1655 790 1711 neg0.
830 1634 1161 1692 Absurditas
1192 1634 1250 1690 in
1286 1653 1349 1691 eo
1381 1640 1531 1692 esset
1570 1635 1721 1709 quod
1765 1637 2018 1694 Christus
2047 1654 2136 1693 su-

215 1757 468 1814 premam
507 1742 841 1814 potestatem
869 1734 1259 1793 constituisset
1293 1735 1486 1808 simul,
1528 1742 1650 1793 tum
1684 1756 1855 1814 penes
1889 1738 2134 1807 Petrum,
2217 1755 2235 1772 ·

216 1842 337 1893 tum
367 1855 537 1913 penes
569 1837 820 1909 reliquos
849 1835 1130 1911 apostolos
1162 1840 1445 1910 quatenus
1487 1854 1517 1892 a
1551 1835 1709 1893 Petro
1750 1837 2050 1913 sejunctos
2078 1836 2136 1892 Id

218 1935 427 2011 quippe
475 1954 587 1991 non
644 1934 837 1990 minus
882 1952 1157 1990 vesanum
1211 1935 1352 1991 soret
1393 1955 1566 2008 quam
1613 1937 1755 1994 duos
1801 1937 2140 1996 constituere

218 2056 399 2113 regeS,
444 2035 540 2111 qui
575 2053 706 2092 cum
740 2050 990 2108 suprema
1024 2021 1300 2108 potestate
1333 2052 1515 2090 unum
1555 2038 1932 2112 eumdemque
1963 2055 2141 2113 popu-

218 2134 362 2206 lum,
391 2139 443 2191 et
471 2133 697 2208 quidem
729 2134 835 2189 sub
863 2132 1060 2189 eodem
1086 2137 1347 2205 respectu
1377 2132 1713 2204 gubernent.
2217 2195 2219 2198 Α

295 2233 455 2289 Nota.
482 2231 763 2287 —Aliam
804 2249 928 2305 quae
970 2228 1092 2285 fieri
1131 2227 1273 2285 solet
1300 2228 1696 2302 objectionem,
1737 2230 1814 2288 de‘
1839 2230 2144 2291 inutilitate
2217 2239 2230 2299 ζ.

220 2330 592 2390 conciliorum
626 2330 673 2387 si
701 2348 969 2405 suprema
1007 2334 1255 2405 potestas
1295 2327 1369 2385 sit
1395 2346 1567 2403 penes
1605 2331 1789 2387 solum
1830 2331 2142 2391 Romanum

219 2433 560 2505 Pontificem,
588 2432 714 2489 vide
745 2431 991 2488 solutam
1021 2449 1194 2505 supra
1233 2432 1411 2505 (parte
1443 2430 1511 2501 Il,
1548 2437 1686 2488 sect.
1715 2432 1778 2505 V,
1815 2451 1863 2489 c.
1902 2435 2013 2509 vn).
2203 2355 2241 2536 ἔ

298 2534 566 2590 Probatur
592 2533 664 2590 ΙΙ.
688 2532 851 2587 —Ex
873 2530 1043 2605 gestis
1070 2529 1296 2587 concilii
1325 2529 1812 2606 Chalcedonensis,
1840 2552 1988 2590 anno
2013 2534 2140 2591 451.
2211 2501 2232 2573 i

221 2633 498 2708 -Hujus
541 2632 875 2691 oecumenici
922 2631 1148 2689 concilii
1193 2633 1399 2702 PatreS,
1450 2631 1671 2689 actione
1726 2653 1810 2708 xv,
1859 2634 2144 2693 decretum

222 2732 546 2804 ediderant,
598 2751 707 2808 quo
764 2732 890 2789 Sedi
939 2729 1575 2805 Constantinopolitanae
1622 2731 1912 2806 dignitatis
1962 2735 2144 2792 locum

221 2834 533 2910 secundum,
566 2832 626 2888 id
674 2838 780 2904 est,
825 2831 1078 2908 primum
1121 2836 1247 2906 post
1286 2830 1597 2887 Romanam
1633 2832 1853 2904 Sedem,
1899 2834 2145 2893 vindica-

225 2932 379 2991 bant.
424 2932 542 2998 Qua
581 2930 948 3008 dispositione
993 2929 1395 2986 subvertebant
1444 2928 1696 2986 Nicaenos
1739 2932 2005 3004 canones,
2055 2930 2147 3007 qui

223 3032 488 3089 Romanae
524 3032 653 3089 Sedi
687 3031 964 3108 primum,
994 3027 1385 3086 Alexandrinae
1425 3030 1766 3103 secundum,
1796 3032 2148 3090 Antiochenae

223 3133 479 3204 tertium,
509 3132 973 3211 Hyerolymitanae
1001 3136 1270 3206 quartum
1299 3129 1590 3202 dignitatis
1621 3131 1810 3188 locum
1838 3132 2144 3207 assignant;

224 3231 860 3309 Constantinopolitanae
895 3238 1083 3288 autem
1127 3230 1372 3287 nullum.
1403 3228 1693 3303 Ejusmodi
1730 3231 1951 3290 decreto
1992 3249 2148 3290 suam

225 3326 391 3404 legati
422 3331 694 3388 Pontificii
719 3331 1131 3407 oppositionem
1158 3330 1643 3404 interposuerunt3
1681 3336 1734 3387 et
1761 3331 1971 3389 frustra
1998 3328 2150 3387 Chal-

229 3430 571 3488 cedonenses
595 3431 787 3488 Patres
824 3450 854 3487 a
887 3437 1079 3488 sancto
1110 3430 1286 3486 Leone
1322 3428 1468 3503 Papa
1496 3429 1877 3504 efflagitarunt
1908 3436 1975 3487 ut
2010 3426 2151 3485 illud

231 3542 332 3581 suo
359 3547 594 3588 assensu
619 3531 1000 3587 confirmaret.
1034 3529 1210 3586 Hocce
1236 3529 1527 3585 decr-etum
1555 3535 1785 3587 sanctus
1807 3530 1910 3586 Leo
1935 3528 2148 3604 rejecit,

234 3621 426 3696 sicque
454 3628 681 3684 nullum
709 3635 763 3685 et
783 3629 1014 3686 irritum
1045 3627 1342 3687 remansit.
1376 3627 1527 3683 Unde
1545 3624 1998 3685 Chalcedonense
2019 3645 2149 3684 con*
