2306 4010
307 156 395 205 162
983 141 1278 191 TRACTATUS
1308 140 1376 187 DE
1405 140 1555 188 PAPA.

307 263 452 324 taria
482 263 542 320 in
592 257 857 335 epistolas
884 249 1063 321 Pauli,
1113 247 1182 304 ad
1216 253 1387 323 caput
1423 266 1459 302 11
1500 247 1571 303 ad
1612 246 1904 323 Ephesios,
1951 247 2009 320 5,
2043 246 2139 318 20,
2166 249 2229 307 in

308 359 618 439 appendice
644 355 889 427 Operum
923 346 977 402 S.
1005 344 1336 419 Ambrosii).
1381 345 1612 402 Auctor·
1634 349 1827 402 autem
1857 335 2139 403 sermonis
2167 345 2232 404 in

304 457 484 516 Natali
527 448 913 527 apostolorum
949 443 1097 500 Petri
1140 449 1193 500 et
1241 443 1424 514 Pauli,
1466 443 1604 501 dicit
1635 443 1861 501 Petrum
1900 446 1956 501 in
1997 444 2233 503 Ecclesia

305 555 429 629 fidei
468 549 815 624 fundamenta
861 544 1135 599 continere
1172 542 1255 618 (in
1289 542 1487 600 eadem
1529 542 1884 619 appendice).

375 651 596 707 SANcrus
645 643 957 700 Empfflmns.
998 675 1077 685 -—-
1114 643 1370 716 Princeps
1422 643 1787 716 apostolorum
1834 643 2100 700 Pet-rus...
2147 647 2234 718 qui
2304 719 2306 721 Ι

297 747 506 824 quidem
547 741 732 800 soliclae
762 749 936 817 petrae
966 744 1141 799 instar
1175 743 1324 799 uobis
1361 745 1564 814 existit,
1610 745 1693 800 cui
1722 744 1858 800 velut
1883 745 2232 816 fundamento

300 846 515 904 Domini
537 844 670 917 [icles
701 844 970 913 innititur,
1006 861 1171 917 supra
1197 861 1354 917 quam
1378 843 1616 901 Ecclesia
1649 843 1820 900 modis
1849 845 2086 900 omuibus
2110 844 2235 900 aedi-

301 948 460 1019 ficata
488 953 568 1002 est
598 944 828 1019 (llaeresi
867 943 995 1016 LIX,
1024 961 1083 1002 n.
1113 944 1191 1018 7).

371 1043 590 1100 SANCTUS
638 1046 963 1100 AucuanUS.
1004 1075 1075 1084 —
1110 1043 1416 1102 Nominavit
1455 1052 1667 1118 petram
1696 1053 1747 1102 et
1781 1044 2015 1101 laudavit
2050 1046 2231 1117 sirma-

300 1152 535 1200 menlum
558 1143 812 1200 Ecclesiae
839 1146 895 1200 iu
924 1145 1027 1199 ista
1074 1144 1180 1215 fide
1226 1145 1427 1217 (Tract.
1467 1143 1555 1200 VII
1586 1143 1646 1199 in
1691 1143 1996 1215 Joannem,
2037 1162 2096 1201 n.
2135 1141 2228 1198 20.

299 1243 392 1301 llis
419 1242 607 1300 verbis
634 1245 686 1299 iu
711 1244 816 1299 ista
842 1242 948 1315 sicle
974 1234 1239 1316 intelligit
1265 1242 1317 1299 S.
1346 1242 1700 1317 Augustinus
1740 1241 1910 1299 fidem
1937 1260 2112 1316 quarn
2134 1242 2232 1298 Pe-

303 1350 422 1400 trus
454 1342 747 1418 professus
778 1347 922 1414 erat,
952 1347 1015 1398 ut
1043 1359 1110 1398 ex
1137 1346 1400 1399 contextu
1425 1342 1652 1415 liquet).

378 1442 572 1499 Petrus
594 1444 683 1515 qui
710 1442 873 1516 paulo
904 1449 1029 1497 cmte
1063 1459 1182 1496 eum
1211 1439 1540 1516 (Christum)
1575 1442 1852 1513 confessus
1895 1446 2013 1494 erat
2040 1436 2083 1492 F
2086 1437 2236 1492 ilium

299 1541 437 1622 Dee,
467 1550 518 1599 et
552 1544 605 1597 in
648 1541 745 1597 illa
785 1542 1122 1614 confessione
1168 1539 1473 1615 appellatus
1522 1547 1639 1596 erat
1667 1546 1826 1613 petra
1871 1555 2037 1612 supra
2078 1553 2236 1610 quam

304 1641 659 1711 fabricaretur
703 1641 943 1698 Ecclesia
985 1641 1065 1715 (in
1096 1641 1301 1697 Psalm.
1348 1659 1484 1710 unx,
1519 1657 1579 1695 n.
1614 1639 1694 1711 4).

379 1737 599 1793 SANCTUS
641 1738 1026 1796 Cunrsosroims.
1071 1773 1147 1781 —
1188 1739 1360 1814 Super
1394 1740 1529 1795 hauc
1561 1746 1774 1812 petram
1817 1737 2084 1810 aeclisicabo
2136 1734 2237 1792 Ec-

307 1835 521 1892 clesiam
571 1855 766 1907 meam,
811 1840 865 1893 id
919 1847 1017 1906 est,
1078 1858 1237 1912 super
1282 1840 1409 1912 {idei
1457 1839 1842 1910 confessionem
1898 1837 2076 1910 (hom.
2135 1853 2236 1903 1.1v,

307 1936 444 1993 alias
470 1956 554 2008 ιν,
583 1937 644 1992 in
673 1937 1019 2007 Mattliaeum,
1056 1956 1114 1993 n.
1147 1939 1228 2012 2).
1259 1938 1431 2012 Super
1462 1939 1847 2010 confessionem
1896 1938 2008 2009 ejus
2043 1932 2236 2007 ¹(Petri)

303 2036 596 2092 Ecclesiam
624 2039 701 2092 ita
725 2037 969 2109 fundavit
991 2044 1039 2092 et
1072 2039 1365 2093 munivit...
1411 2037 1812 2109 (horn..1.xxxn,
1843 2034 1982 2091 alias
2028 2051 2236 2105 Lxxxm,

307 2132 367 2190 in
393 2134 740 2204 Mallhaeum,
767 2151 826 2189 n.
844 2134 944 2206 ὅ).

382 2233 628 2295 AMiouus
673 2249 885 2301 AUCTOR,
935 2232 1098 2304 cujus
1143 2232 1376 2306 scriptio
1422 2232 1712 2305 quondam
1756 2232 1811 2287 S.
1854 2230 2238 2309 Chrysostorni

307 2333 586 2404 reputata.
631 2360 709 2368 —-
742 2328 914 2403 Super
947 2330 1094 2384 hauc
1142 2338 1423 2403 petram...
1472 2348 1577 2386 uon
1611 2331 1747 2386 dixit
1779 2348 1940 2404 super
1983 2330 2236 2394 Petrum,-

307 2447 469 2502 neque
504 2429 643 2483 enim
669 2445 828 2501 super
854 2429 1140 2498 hominem,
1171 2430 1267 2484 secl
1307 2448 1468 2502 saper
1507 2430 1666 2503 fidem
1710 2431 1822 2503 ejus
1847 2428 2040 2504 (Petri)
2070 2430 2241 2501 aeclisi-

308 2530 445 2584 cavit
475 2526 688 2601 (Sermo
719 2545 736 2580 1
766 2525 825 2581 in
851 2527 1239 2597 Pentecosten,
1271 2527 1419 2585 inter
1439 2527 1617 2603 Opera
1641 2528 2041 2604 Chrysostomi,
2067 2533 2110 2584 t.
2148 2527 2238 2599 III,

309 2627 416 2683 col.
447 2625 608 2699 275).
634 2624 797 2682 Notet
811 2624 988 2682 lector
1012 2625 1090 2681 ibi
1118 2626 1343 2684 excludi
1362 2628 1589 2685 Petrum
1608 2634 1891 2702 quatenus
1911 2626 2201 2682 hominem
2225 2649 2236 2694 ;

313 2743 427 2781 non
469 2729 661 2781 autem
707 2723 1033 2781 excluditur
1087 2731 1368 2800 quatenus
1410 2726 1579 2785 fidem
1633 2745 1823 2784 veram
1873 2726 2145 2783 confitens
2187 2730 2246 2783 et

314 2822 650 2897 praedicans.

391 2923 614 2980 SANCTUS
642 2923 941 2995 EucflEmUS,
971 2921 1265 2999 episeopus
1287 2922 1804 2997 LugdunensiS.·—
1827 2925 2108 2982 Videamus
2142 2927 2243 2980 ita-

315 3042 412 3097 que
450 3024 575 3097 quid
605 3025 698 3095 sit,
730 3030 781 3079 et
814 3041 975 3096 super
1013 3023 1146 3079 hanc
1175 3031 1392 3098 pet-ram
1427 3024 1696 3098 aeclisicabo
1728 3023 2022 3080 Ecclesiam
2041 3041 2234 3080 meam.

317 3121 487 3198 Super
549 3125 682 3180 hauc
737 3130 967 3198 petram,
1023 3141 1178 3198 quam
1217 3131 1273 3181 tu
1317 3124 1473 3181 modo
1511 3124 1735 3180 docuisti
1780 3125 1958 3181 diceus
2001 3144 2018 3178 .·
2063 3123 2139 3180 Tu
2187 3141 2242 3180 es
2303 3134 2306 3162 f

323 3221 561 3280 Christus
592 3223 763 3281 Filius
787 3224 887 3281 Dei
923 3226 1048 3294 vivi,
1079 3243 1240 3299 super
1274 3225 1409 3282 hauc
1428 3233 1640 3299 petram
1674 3234 1724 3283 et
1749 3244 1911 3300 super
1937 3226 2068 3282 hauc
2085 3224 2247 3298 fidem
2302 3222 2306 3290 ζ

321 3314 590 3385 aedificabo
624 3316 916 3374 Ecclesiam
951 3335 1125 3374 meam
1177 3317 1434 3393 (homilia
1473 3318 1531 3374 in
1581 3319 1639 3376 S.
1675 3317 1823 3376 Petrl
1851 3317 2058 3387 Natali,
2116 3332 2242 3390 quae
2301 3309 2306 3386 ξ

324 3422 393 3462 an
422 3407 475 3464 S.
503 3410 766 3471 Eucherii
798 3414 894 3488 sit,
924 3433 996 3472 an
1034 3413 1269 3472 alterius
1297 3416 1566 3488 auct011S,
1594 3434 1710 3473 non
1741 3413 2006 3488 constat).

400 3502 619 3563 SANCTUS
642 3511 882 3570 Crmnns
919 3513 1325 3572 ALEXANDRINUS.
1346 3515 1561 3572 -Pea
1564 3533 1672 3585 am,
1705 3515 1923 3588 opinor,
1940 3513 2076 3570 nihil
2095 3510 2306 3587 aliud

322 3616 477 3672 quam
519 3605 883 3668 inconcussam
926 3620 975 3670 et
1021 3614 1382 3685 firmissimam
1423 3611 1673 3688 discipuli
1703 3611 1863 3684 sidem
1897 3613 2124 3681 vocavit,
2186 3611 2245 3665 in
