<?xml version="1.0" encoding="UTF-8"?>
<!DOCTYPE html PUBLIC "-//W3C//DTD XHTML 1.0 Transitional//EN"
    "http://www.w3.org/TR/xhtml1/DTD/xhtml1-transitional.dtd">
<html xmlns="http://www.w3.org/1999/xhtml" xml:lang="en" lang="en">
 <head>
  <title>
</title>
<meta http-equiv="Content-Type" content="text/html;charset=utf-8" />
  <meta name='ocr-system' content='tesseract 3.04.00' />
  <meta name='ocr-capabilities' content='ocr_page ocr_carea ocr_par ocr_line ocrx_word'/>
</head>
<body>
  <div class='ocr_page' id='page_1' title='image "a548470102bouiuoft_0594.png"; bbox 0 0 2262 3990; ppageno 0'>
   <div class='ocr_carea' id='block_1_1' title="bbox 323 165 1579 228">
    <p class='ocr_par' dir='ltr' id='par_1_1' title="bbox 323 165 1579 228">
     <span class='ocr_line' id='line_1_1' title="bbox 323 165 1579 228; baseline -0.009 -1"><span class='ocrx_word' id='word_1_1' title='bbox 323 179 412 228; x_wconf 81' lang='lat'><strong><em>586</em></strong></span> <span class='ocrx_word' id='word_1_2' title='bbox 995 165 1297 215; x_wconf 64' lang='lat' dir='ltr'>TRACTATUS</span> <span class='ocrx_word' id='word_1_3' title='bbox 1327 166 1395 214; x_wconf 83' lang='lat' dir='ltr'><strong><em>DE</em></strong></span> <span class='ocrx_word' id='word_1_4' title='bbox 1428 165 1557 215; x_wconf 74' lang='lat' dir='ltr'>PAPA</span> <span class='ocrx_word' id='word_1_5' title='bbox 1566 202 1579 216; x_wconf 86' lang='lat'><em>.</em></span> 
     </span>
    </p>
   </div>
   <div class='ocr_carea' id='block_1_2' title="bbox 298 275 2250 3372">
    <p class='ocr_par' dir='ltr' id='par_1_2' title="bbox 310 275 2250 1863">
     <span class='ocr_line' id='line_1_2' title="bbox 320 275 2236 350; baseline -0.002 -8"><span class='ocrx_word' id='word_1_6' title='bbox 320 287 425 342; x_wconf 92' lang='lat' dir='ltr'><strong><em>lam</em></strong></span> <span class='ocrx_word' id='word_1_7' title='bbox 469 276 798 338; x_wconf 71' lang='lat' dir='ltr'><strong><em>sanctissimi</em></strong></span> <span class='ocrx_word' id='word_1_8' title='bbox 836 276 1011 350; x_wconf 86' lang='lat' dir='ltr'><strong><em>patris</em></strong></span> <span class='ocrx_word' id='word_1_9' title='bbox 1039 277 1214 332; x_wconf 79' lang='lat' dir='ltr'><em>nostri</em></span> <span class='ocrx_word' id='word_1_10' title='bbox 1247 281 1298 332; x_wconf 90' lang='lat' dir='ltr'><strong><em>et</em></strong></span> <span class='ocrx_word' id='word_1_11' title='bbox 1328 276 1675 334; x_wconf 73' lang='lat' dir='ltr'><strong><em>comministri</em></strong></span> <span class='ocrx_word' id='word_1_12' title='bbox 1697 275 1963 338; x_wconf 81' lang='lat' dir='ltr'><strong><em>Caelestini</em></strong></span> <span class='ocrx_word' id='word_1_13' title='bbox 1983 277 2236 350; x_wconf 54' lang='lat' dir='ltr'><strong><em>Roman&amp;</em></strong></span> 
     </span>
     <span class='ocr_line' id='line_1_3' title="bbox 318 376 2235 456; baseline 0 -18"><span class='ocrx_word' id='word_1_14' title='bbox 318 381 566 440; x_wconf 76' lang='lat' dir='ltr'><strong><em>Ecclesiae</em></strong></span> <span class='ocrx_word' id='word_1_15' title='bbox 590 377 860 452; x_wconf 76' lang='lat' dir='ltr'><strong><em>Episcopi,</em></strong></span> <span class='ocrx_word' id='word_1_16' title='bbox 891 377 1143 451; x_wconf 76' lang='lat' dir='ltr'><strong><em>lacrymis</em></strong></span> <span class='ocrx_word' id='word_1_17' title='bbox 1173 376 1393 433; x_wconf 81' lang='lat' dir='ltr'><strong><em>subinde</em></strong></span> <span class='ocrx_word' id='word_1_18' title='bbox 1424 377 1657 451; x_wconf 79' lang='lat' dir='ltr'><strong><em>perfusi,</em></strong></span> <span class='ocrx_word' id='word_1_19' title='bbox 1699 377 1768 434; x_wconf 86' lang='lat' dir='ltr'><strong><em>ad</em></strong></span> <span class='ocrx_word' id='word_1_20' title='bbox 1810 377 2235 456; x_wconf 66' lang='lat' dir='ltr'><strong><em>luqubremhanp</em></strong></span> 
     </span>
     <span class='ocr_line' id='line_1_4' title="bbox 316 474 2235 552; baseline 0.002 -16"><span class='ocrx_word' id='word_1_21' title='bbox 316 486 503 536; x_wconf 88' lang='lat' dir='ltr'><strong><em>contra</em></strong></span> <span class='ocrx_word' id='word_1_22' title='bbox 529 495 649 534; x_wconf 90' lang='lat' dir='ltr'><strong><em>eum</em></strong></span> <span class='ocrx_word' id='word_1_23' title='bbox 669 482 857 534; x_wconf 88' lang='lat' dir='ltr'><strong><em>senten</em></strong></span> <span class='ocrx_word' id='word_1_24' title='bbox 867 477 993 533; x_wconf 87' lang='lat' dir='ltr'><strong><em>tiam</em></strong></span> <span class='ocrx_word' id='word_1_25' title='bbox 1013 477 1250 534; x_wconf 87' lang='lat' dir='ltr'><strong><em>venimus</em></strong></span> <span class='ocrx_word' id='word_1_26' title='bbox 1270 474 1497 552; x_wconf 85' lang='lat' dir='ltr'><strong><em>(Lahbe‚</em></strong></span> <span class='ocrx_word' id='word_1_27' title='bbox 1520 480 1567 533; x_wconf 83' lang='lat' dir='ltr'><strong><em>t.·</em></strong></span> <span class='ocrx_word' id='word_1_28' title='bbox 1578 475 1667 547; x_wconf 85' lang='lat'>111,</span> <span class='ocrx_word' id='word_1_29' title='bbox 1696 476 1803 535; x_wconf 89' lang='lat' dir='ltr'><strong><em>col.</em></strong></span> <span class='ocrx_word' id='word_1_30' title='bbox 1828 476 1963 551; x_wconf 78' lang='lat'>555,</span> <span class='ocrx_word' id='word_1_31' title='bbox 1982 477 2118 538; x_wconf 79' lang='lat' dir='ltr'><strong><em>edit.¹</em></strong></span> <span class='ocrx_word' id='word_1_32' title='bbox 2139 478 2235 552; x_wconf 46' lang='lat' dir='ltr'><strong><em>P*</em></strong></span> 
     </span>
     <span class='ocr_line' id='line_1_5' title="bbox 314 575 2235 658; baseline 0.003 -23"><span class='ocrx_word' id='word_1_33' title='bbox 314 578 490 651; x_wconf 81' lang='lat' dir='ltr'><strong><em>risiiS,</em></strong></span> <span class='ocrx_word' id='word_1_34' title='bbox 523 577 718 653; x_wconf 81' lang='lat'>1671).</span> <span class='ocrx_word' id='word_1_35' title='bbox 753 576 834 634; x_wconf 92' lang='lat' dir='ltr'><strong><em>Ibi</em></strong></span> <span class='ocrx_word' id='word_1_36' title='bbox 858 576 1107 635; x_wconf 87' lang='lat' dir='ltr'><strong><em>notanda</em></strong></span> <span class='ocrx_word' id='word_1_37' title='bbox 1129 595 1235 635; x_wconf 86' lang='lat' dir='ltr'><strong><em>vox</em></strong></span> <span class='ocrx_word' id='word_1_38' title='bbox 1264 579 1456 635; x_wconf 43' lang='lat' dir='ltr'><strong><em>coactis</em></strong></span> <span class='ocrx_word' id='word_1_39' title='bbox 1489 575 1674 635; x_wconf 88' lang='lat' dir='ltr'><strong><em>Graece</em></strong></span> <span class='ocrx_word' id='word_1_40' title='bbox 1705 576 1948 636; x_wconf 85' lang='lat' dir='ltr'><strong><em>habetur</em></strong></span> <span class='ocrx_word' id='word_1_41' title='bbox 1973 583 2235 658; x_wconf 64' lang='grc' dir='ltr'><strong><em>ἀναγκαὶωξ</em></strong></span> 
     </span>
     <span class='ocr_line' id='line_1_6' title="bbox 314 676 2236 755; baseline 0 -17"><span class='ocrx_word' id='word_1_42' title='bbox 314 683 701 753; x_wconf 66' lang='grc' dir='ltr'>κατεπηχθεντές</span> <span class='ocrx_word' id='word_1_43' title='bbox 723 677 1062 753; x_wconf 85' lang='lat' dir='ltr'><strong><em>(necessario</em></strong></span> <span class='ocrx_word' id='word_1_44' title='bbox 1081 676 1358 755; x_wconf 88' lang='lat' dir='ltr'><strong><em>impulsi).</em></strong></span> <span class='ocrx_word' id='word_1_45' title='bbox 1375 677 1554 753; x_wconf 83' lang='lat' dir='ltr'>Igitur</span> <span class='ocrx_word' id='word_1_46' title='bbox 1572 676 1909 753; x_wconf 88' lang='lat' dir='ltr'><strong><em>profitentur</em></strong></span> <span class='ocrx_word' id='word_1_47' title='bbox 1930 695 1988 735; x_wconf 89' lang='lat' dir='ltr'><strong><em>se</em></strong></span> <span class='ocrx_word' id='word_1_48' title='bbox 2008 677 2076 736; x_wconf 87' lang='lat' dir='ltr'><strong><em>ad</em></strong></span> <span class='ocrx_word' id='word_1_49' title='bbox 2089 678 2236 745; x_wconf 62' lang='lat' dir='ltr'><strong><em>daut-,-</em></strong></span> 
     </span>
     <span class='ocr_line' id='line_1_7' title="bbox 314 767 2231 854; baseline 0.001 -17"><span class='ocrx_word' id='word_1_50' title='bbox 314 779 569 837; x_wconf 87' lang='lat' dir='ltr'><strong><em>nandum</em></strong></span> <span class='ocrx_word' id='word_1_51' title='bbox 618 778 940 836; x_wconf 78' lang='lat' dir='ltr'><strong><em>Nestorium</em></strong></span> <span class='ocrx_word' id='word_1_52' title='bbox 979 786 1188 836; x_wconf 91' lang='lat' dir='ltr'><strong><em>coactos</em></strong></span> <span class='ocrx_word' id='word_1_53' title='bbox 1215 778 1390 836; x_wconf 89' lang='lat' dir='ltr'><strong><em>fuisse</em></strong></span> <span class='ocrx_word' id='word_1_54' title='bbox 1411 797 1511 854; x_wconf 82' lang='lat' dir='ltr'><strong><em>per</em></strong></span> <span class='ocrx_word' id='word_1_55' title='bbox 1541 779 1819 854; x_wconf 80' lang='lat' dir='ltr'><strong><em>epistolam</em></strong></span> <span class='ocrx_word' id='word_1_56' title='bbox 1860 796 1973 854; x_wconf 87' lang='lat' dir='ltr'><strong><em>qua</em></strong></span> <span class='ocrx_word' id='word_1_57' title='bbox 2012 767 2231 849; x_wconf 60' lang='lat' dir='ltr'><strong><em>sanctus}</em></strong></span> 
     </span>
     <span class='ocr_line' id='line_1_8' title="bbox 312 877 2231 956; baseline 0.001 -18"><span class='ocrx_word' id='word_1_58' title='bbox 312 879 647 938; x_wconf 83' lang='lat' dir='ltr'><strong><em>Coelestinus</em></strong></span> <span class='ocrx_word' id='word_1_59' title='bbox 682 879 802 955; x_wconf 86' lang='lat' dir='ltr'><strong><em>jam</em></strong></span> <span class='ocrx_word' id='word_1_60' title='bbox 844 879 915 938; x_wconf 92' lang='lat' dir='ltr'><strong><em>de</em></strong></span> <span class='ocrx_word' id='word_1_61' title='bbox 944 880 1051 937; x_wconf 88' lang='lat' dir='ltr'><strong><em>hac</em></strong></span> <span class='ocrx_word' id='word_1_62' title='bbox 1095 897 1158 936; x_wconf 87' lang='lat' dir='ltr'><strong><em>re</em></strong></span> <span class='ocrx_word' id='word_1_63' title='bbox 1190 878 1678 956; x_wconf 79' lang='lat' dir='ltr'><strong><em>pronuntiaverat.</em></strong></span> <span class='ocrx_word' id='word_1_64' title='bbox 1728 877 1998 954; x_wconf 78' lang='lat' dir='ltr'><strong><em>Equidem</em></strong></span> <span class='ocrx_word' id='word_1_65' title='bbox 2037 877 2231 944; x_wconf 67' lang='lat' dir='ltr'><strong><em>dicunt</em></strong></span> 
     </span>
     <span class='ocr_line' id='line_1_9' title="bbox 315 978 2232 1056; baseline -0.001 -17"><span class='ocrx_word' id='word_1_66' title='bbox 315 979 485 1039; x_wconf 87' lang='lat' dir='ltr'><strong><em>etiam</em></strong></span> <span class='ocrx_word' id='word_1_67' title='bbox 515 997 576 1038; x_wconf 90' lang='lat' dir='ltr'><strong><em>se</em></strong></span> <span class='ocrx_word' id='word_1_68' title='bbox 601 985 822 1038; x_wconf 86' lang='lat' dir='ltr'><strong><em>coactos</em></strong></span> <span class='ocrx_word' id='word_1_69' title='bbox 837 998 936 1056; x_wconf 82' lang='lat' dir='ltr'><strong><em>per</em></strong></span> <span class='ocrx_word' id='word_1_70' title='bbox 968 997 1214 1052; x_wconf 83' lang='lat' dir='ltr'><strong><em>canones,</em></strong></span> <span class='ocrx_word' id='word_1_71' title='bbox 1250 979 1347 1036; x_wconf 90' lang='lat' dir='ltr'><strong><em>sed</em></strong></span> <span class='ocrx_word' id='word_1_72' title='bbox 1374 997 1622 1037; x_wconf 87' lang='lat' dir='ltr'><strong><em>canones</em></strong></span> <span class='ocrx_word' id='word_1_73' title='bbox 1650 978 1795 1035; x_wconf 89' lang='lat' dir='ltr'><strong><em>nihil</em></strong></span> <span class='ocrx_word' id='word_1_74' title='bbox 1831 982 2146 1037; x_wconf 77' lang='lat' dir='ltr'><strong><em>statuerant</em></strong></span> <span class='ocrx_word' id='word_1_75' title='bbox 2169 979 2232 1042; x_wconf 75' lang='lat' dir='ltr'><strong><em>d·</em></strong></span> 
     </span>
     <span class='ocr_line' id='line_1_10' title="bbox 316 1076 2225 1154; baseline -0.001 -18"><span class='ocrx_word' id='word_1_76' title='bbox 316 1078 515 1137; x_wconf 87' lang='lat' dir='ltr'><strong><em>haeresi</em></strong></span> <span class='ocrx_word' id='word_1_77' title='bbox 540 1077 806 1152; x_wconf 81' lang='lat' dir='ltr'><strong><em>Nestorii,</em></strong></span> <span class='ocrx_word' id='word_1_78' title='bbox 848 1078 946 1135; x_wconf 89' lang='lat' dir='ltr'><strong><em>sed</em></strong></span> <span class='ocrx_word' id='word_1_79' title='bbox 986 1082 1212 1134; x_wconf 89' lang='lat' dir='ltr'><strong><em>tantum</em></strong></span> <span class='ocrx_word' id='word_1_80' title='bbox 1238 1076 1643 1154; x_wconf 73' lang='lat' dir='ltr'><strong><em>praecipiebant</em></strong></span> <span class='ocrx_word' id='word_1_81' title='bbox 1686 1076 1888 1153; x_wconf 81' lang='lat' dir='ltr'><strong><em>deponi</em></strong></span> <span class='ocrx_word' id='word_1_82' title='bbox 1921 1076 2225 1154; x_wconf 59' lang='lat' dir='ltr'><strong><em>haereticos}⁴</em></strong></span> 
     </span>
     <span class='ocr_line' id='line_1_11' title="bbox 313 1176 2228 1254; baseline -0.001 -17"><span class='ocrx_word' id='word_1_83' title='bbox 313 1179 549 1237; x_wconf 90' lang='lat' dir='ltr'><strong><em>Proinde</em></strong></span> <span class='ocrx_word' id='word_1_84' title='bbox 579 1195 824 1236; x_wconf 85' lang='lat' dir='ltr'><strong><em>canones</em></strong></span> <span class='ocrx_word' id='word_1_85' title='bbox 862 1195 977 1234; x_wconf 92' lang='lat' dir='ltr'><strong><em>non</em></strong></span> <span class='ocrx_word' id='word_1_86' title='bbox 1019 1176 1336 1250; x_wconf 82' lang='lat' dir='ltr'><strong><em>coegissent</em></strong></span> <span class='ocrx_word' id='word_1_87' title='bbox 1369 1177 1439 1234; x_wconf 88' lang='lat' dir='ltr'><strong><em>ad</em></strong></span> <span class='ocrx_word' id='word_1_88' title='bbox 1467 1178 1863 1254; x_wconf 90' lang='lat' dir='ltr'><strong><em>deponendum</em></strong></span> <span class='ocrx_word' id='word_1_89' title='bbox 1890 1177 2228 1254; x_wconf 84' lang='lat' dir='ltr'><strong><em>Nestorium,</em></strong></span> 
     </span>
     <span class='ocr_line' id='line_1_12' title="bbox 313 1277 2232 1360; baseline 0.003 -23"><span class='ocrx_word' id='word_1_90' title='bbox 313 1280 423 1337; x_wconf 92' lang='lat' dir='ltr'><strong><em>nisi</em></strong></span> <span class='ocrx_word' id='word_1_91' title='bbox 459 1280 578 1357; x_wconf 88' lang='lat' dir='ltr'><strong><em>jam</em></strong></span> <span class='ocrx_word' id='word_1_92' title='bbox 605 1281 870 1336; x_wconf 84' lang='lat' dir='ltr'><strong><em>sententia</em></strong></span> <span class='ocrx_word' id='word_1_93' title='bbox 898 1278 1167 1336; x_wconf 79' lang='lat' dir='ltr'><strong><em>Caelestini</em></strong></span> <span class='ocrx_word' id='word_1_94' title='bbox 1194 1277 1262 1336; x_wconf 91' lang='lat' dir='ltr'><strong><em>de</em></strong></span> <span class='ocrx_word' id='word_1_95' title='bbox 1300 1277 1565 1336; x_wconf 86' lang='lat' dir='ltr'><strong><em>haeretica</em></strong></span> <span class='ocrx_word' id='word_1_96' title='bbox 1601 1277 1839 1336; x_wconf 92' lang='lat' dir='ltr'><strong><em>Nestorii</em></strong></span> <span class='ocrx_word' id='word_1_97' title='bbox 1865 1278 2120 1339; x_wconf 85' lang='lat' dir='ltr'><strong><em>doctrina</em></strong></span> <span class='ocrx_word' id='word_1_98' title='bbox 2143 1278 2232 1360; x_wconf 62' lang='lat' dir='ltr'><strong><em>Par</em></strong></span> 
     </span>
     <span class='ocr_line' id='line_1_13' title="bbox 310 1378 2227 1456; baseline -0.001 -17"><span class='ocrx_word' id='word_1_99' title='bbox 310 1387 426 1439; x_wconf 89' lang='lat' dir='ltr'><strong><em>tres</em></strong></span> <span class='ocrx_word' id='word_1_100' title='bbox 452 1380 724 1456; x_wconf 82' lang='lat' dir='ltr'><strong><em>coegisset</em></strong></span> <span class='ocrx_word' id='word_1_101' title='bbox 753 1380 821 1436; x_wconf 89' lang='lat' dir='ltr'><strong><em>ad</em></strong></span> <span class='ocrx_word' id='word_1_102' title='bbox 845 1379 1172 1438; x_wconf 89' lang='lat' dir='ltr'><strong><em>habendum</em></strong></span> <span class='ocrx_word' id='word_1_103' title='bbox 1222 1379 1545 1438; x_wconf 87' lang='lat' dir='ltr'><strong><em>Nestorium</em></strong></span> <span class='ocrx_word' id='word_1_104' title='bbox 1575 1383 1850 1455; x_wconf 86' lang='lat' dir='ltr'><strong><em>tanquam</em></strong></span> <span class='ocrx_word' id='word_1_105' title='bbox 1882 1378 2227 1443; x_wconf 55' lang='lat' dir='ltr'><strong><em>haereticums</em></strong></span> 
     </span>
     <span class='ocr_line' id='line_1_14' title="bbox 311 1480 2231 1562; baseline 0.001 -23"><span class='ocrx_word' id='word_1_106' title='bbox 311 1482 453 1540; x_wconf 92' lang='lat' dir='ltr'><strong><em>Dum</em></strong></span> <span class='ocrx_word' id='word_1_107' title='bbox 490 1500 622 1558; x_wconf 82' lang='lat' dir='ltr'><strong><em>ergo</em></strong></span> <span class='ocrx_word' id='word_1_108' title='bbox 649 1481 730 1540; x_wconf 87' lang='lat' dir='ltr'><strong><em>sic</em></strong></span> <span class='ocrx_word' id='word_1_109' title='bbox 761 1490 969 1539; x_wconf 89' lang='lat' dir='ltr'><strong><em>coactos</em></strong></span> <span class='ocrx_word' id='word_1_110' title='bbox 1006 1499 1065 1540; x_wconf 89' lang='lat' dir='ltr'><strong><em>se</em></strong></span> <span class='ocrx_word' id='word_1_111' title='bbox 1086 1481 1366 1554; x_wconf 80' lang='lat' dir='ltr'><strong><em>fatentur,</em></strong></span> <span class='ocrx_word' id='word_1_112' title='bbox 1406 1483 1512 1539; x_wconf 91' lang='lat' dir='ltr'><strong><em>hoc</em></strong></span> <span class='ocrx_word' id='word_1_113' title='bbox 1539 1481 1660 1558; x_wconf 92' lang='lat' dir='ltr'><strong><em>ipso</em></strong></span> <span class='ocrx_word' id='word_1_114' title='bbox 1701 1480 2103 1556; x_wconf 74' lang='lat' dir='ltr'><strong><em>aequivalenter</em></strong></span> <span class='ocrx_word' id='word_1_115' title='bbox 2144 1480 2231 1562; x_wconf 63' lang='lat' dir='ltr'><strong><em>deg-</em></strong></span> 
     </span>
     <span class='ocr_line' id='line_1_15' title="bbox 313 1582 2238 1643; baseline 0.001 -1"><span class='ocrx_word' id='word_1_116' title='bbox 313 1585 534 1642; x_wconf 86' lang='lat' dir='ltr'><strong><em>clarant</em></strong></span> <span class='ocrx_word' id='word_1_117' title='bbox 563 1602 678 1642; x_wconf 92' lang='lat' dir='ltr'><strong><em>non</em></strong></span> <span class='ocrx_word' id='word_1_118' title='bbox 710 1583 952 1641; x_wconf 88' lang='lat' dir='ltr'><strong><em>liberum</em></strong></span> <span class='ocrx_word' id='word_1_119' title='bbox 988 1600 1113 1642; x_wconf 90' lang='lat' dir='ltr'><strong><em>esse</em></strong></span> <span class='ocrx_word' id='word_1_120' title='bbox 1152 1583 1393 1642; x_wconf 86' lang='lat' dir='ltr'><strong><em>concilio</em></strong></span> <span class='ocrx_word' id='word_1_121' title='bbox 1436 1583 1786 1642; x_wconf 88' lang='lat' dir='ltr'><strong><em>oecumenico</em></strong></span> <span class='ocrx_word' id='word_1_122' title='bbox 1826 1583 1990 1640; x_wconf 88' lang='lat' dir='ltr'><strong><em>aliter</em></strong></span> <span class='ocrx_word' id='word_1_123' title='bbox 2029 1582 2238 1643; x_wconf 63' lang='lat' dir='ltr'><strong><em>sentire,</em></strong></span> 
     </span>
     <span class='ocr_line' id='line_1_16' title="bbox 313 1678 2231 1762; baseline -0.001 -20"><span class='ocrx_word' id='word_1_124' title='bbox 313 1692 365 1744; x_wconf 90' lang='lat' dir='ltr'><strong><em>et</em></strong></span> <span class='ocrx_word' id='word_1_125' title='bbox 385 1685 645 1761; x_wconf 85' lang='lat' dir='ltr'><strong><em>judicare</em></strong></span> <span class='ocrx_word' id='word_1_126' title='bbox 691 1685 750 1742; x_wconf 94' lang='lat' dir='ltr'><strong><em>in</em></strong></span> <span class='ocrx_word' id='word_1_127' title='bbox 801 1684 1037 1744; x_wconf 87' lang='lat' dir='ltr'><strong><em>materia</em></strong></span> <span class='ocrx_word' id='word_1_128' title='bbox 1087 1684 1241 1759; x_wconf 77' lang='lat' dir='ltr'><strong><em>fidei,</em></strong></span> <span class='ocrx_word' id='word_1_129' title='bbox 1273 1703 1445 1762; x_wconf 88' lang='lat' dir='ltr'><strong><em>quam</em></strong></span> <span class='ocrx_word' id='word_1_130' title='bbox 1479 1683 1728 1744; x_wconf 83' lang='lat' dir='ltr'><strong><em>definivit</em></strong></span> <span class='ocrx_word' id='word_1_131' title='bbox 1761 1691 1814 1743; x_wconf 89' lang='lat' dir='ltr'><strong><em>et</em></strong></span> <span class='ocrx_word' id='word_1_132' title='bbox 1851 1678 2231 1760; x_wconf 78' lang='lat' dir='ltr'><strong><em>pronuntiavit</em></strong></span> 
     </span>
     <span class='ocr_line' id='line_1_17' title="bbox 310 1783 2250 1863; baseline 0.003 -21"><span class='ocrx_word' id='word_1_133' title='bbox 310 1785 599 1843; x_wconf 88' lang='lat' dir='ltr'><strong><em>Romanus</em></strong></span> <span class='ocrx_word' id='word_1_134' title='bbox 636 1785 966 1863; x_wconf 64' lang='lat' dir='ltr'><strong><em>Episcopus</em></strong></span> <span class='ocrx_word' id='word_1_135' title='bbox 2247 1783 2250 1786; x_wconf 64' lang='grc'><strong>’</strong></span> 
     </span>
    </p>

    <p class='ocr_par' dir='ltr' id='par_1_3' title="bbox 298 1881 2232 3372">
     <span class='ocr_line' id='line_1_18' title="bbox 389 1881 2230 1964; baseline -0.002 -19"><span class='ocrx_word' id='word_1_136' title='bbox 389 1887 444 1945; x_wconf 80' lang='lat'><strong><em>4⁰</em></strong></span> <span class='ocrx_word' id='word_1_137' title='bbox 481 1886 650 1942; x_wconf 89' lang='lat' dir='ltr'><strong><em>Suam</em></strong></span> <span class='ocrx_word' id='word_1_138' title='bbox 693 1888 760 1944; x_wconf 89' lang='lat' dir='ltr'><strong><em>ad</em></strong></span> <span class='ocrx_word' id='word_1_139' title='bbox 806 1886 1149 1963; x_wconf 89' lang='lat' dir='ltr'><strong><em>Ephesinam</em></strong></span> <span class='ocrx_word' id='word_1_140' title='bbox 1194 1886 1476 1964; x_wconf 78' lang='lat' dir='ltr'><strong><em>synodum</em></strong></span> <span class='ocrx_word' id='word_1_141' title='bbox 1531 1883 1831 1962; x_wconf 86' lang='lat' dir='ltr'><strong><em>epistolam</em></strong></span> <span class='ocrx_word' id='word_1_142' title='bbox 1883 1883 1966 1942; x_wconf 89' lang='lat' dir='ltr'><strong><em>sic</em></strong></span> <span class='ocrx_word' id='word_1_143' title='bbox 2020 1881 2230 1942; x_wconf 83' lang='lat' dir='ltr'><strong><em>claudit</em></strong></span> 
     </span>
     <span class='ocr_line' id='line_1_19' title="bbox 312 1985 2230 2062; baseline -0.001 -18"><span class='ocrx_word' id='word_1_144' title='bbox 312 1990 544 2044; x_wconf 86' lang='lat' dir='ltr'><strong><em>sanctus</em></strong></span> <span class='ocrx_word' id='word_1_145' title='bbox 570 1985 900 2043; x_wconf 77' lang='lat' dir='ltr'><strong><em>Caelestinus</em></strong></span> <span class='ocrx_word' id='word_1_146' title='bbox 929 2008 939 2041; x_wconf 75' lang='grc' dir='ltr'>ε</span> <span class='ocrx_word' id='word_1_147' title='bbox 967 1987 1277 2044; x_wconf 76' lang='lat' dir='ltr'><strong><em>Direximus</em></strong></span> <span class='ocrx_word' id='word_1_148' title='bbox 1308 2006 1408 2062; x_wconf 79' lang='lat' dir='ltr'><strong><em>pro</em></strong></span> <span class='ocrx_word' id='word_1_149' title='bbox 1441 1994 1626 2044; x_wconf 87' lang='lat' dir='ltr'><strong><em>nostra</em></strong></span> <span class='ocrx_word' id='word_1_150' title='bbox 1646 1986 1996 2044; x_wconf 69' lang='lat' dir='ltr'><strong><em>sollicitudine</em></strong></span> <span class='ocrx_word' id='word_1_151' title='bbox 2022 1991 2230 2042; x_wconf 80' lang='lat' dir='ltr'><strong><em>sanctos</em></strong></span> 
     </span>
     <span class='ocr_line' id='line_1_20' title="bbox 298 2087 2232 2161; baseline -0.001 -19"><span class='ocrx_word' id='word_1_152' title='bbox 298 2089 509 2161; x_wconf 76' lang='lat' dir='ltr'><strong><em>vfratres</em></strong></span> <span class='ocrx_word' id='word_1_153' title='bbox 530 2091 581 2142; x_wconf 87' lang='lat' dir='ltr'><strong><em>et</em></strong></span> <span class='ocrx_word' id='word_1_154' title='bbox 605 2087 1004 2144; x_wconf 85' lang='lat' dir='ltr'><strong><em>consacerdotes</em></strong></span> <span class='ocrx_word' id='word_1_155' title='bbox 1017 2094 1251 2158; x_wconf 85' lang='lat' dir='ltr'><strong><em>nostros,</em></strong></span> <span class='ocrx_word' id='word_1_156' title='bbox 1276 2089 1552 2144; x_wconf 84' lang='lat' dir='ltr'><strong><em>unanimes</em></strong></span> <span class='ocrx_word' id='word_1_157' title='bbox 1576 2087 1726 2143; x_wconf 87' lang='lat' dir='ltr'><strong><em>nobis</em></strong></span> <span class='ocrx_word' id='word_1_158' title='bbox 1753 2094 1803 2143; x_wconf 82' lang='lat' dir='ltr'><strong><em>et</em></strong></span> <span class='ocrx_word' id='word_1_159' title='bbox 1823 2087 2232 2161; x_wconf 79' lang='lat' dir='ltr'><strong><em>probatissimos</em></strong></span> 
     </span>
     <span class='ocr_line' id='line_1_21' title="bbox 309 2184 2231 2262; baseline -0.001 -20"><span class='ocrx_word' id='word_1_160' title='bbox 309 2187 474 2257; x_wconf 82' lang='lat' dir='ltr'><strong><em>viros,</em></strong></span> <span class='ocrx_word' id='word_1_161' title='bbox 498 2184 783 2242; x_wconf 84' lang='lat' dir='ltr'><strong><em>Arcadium</em></strong></span> <span class='ocrx_word' id='word_1_162' title='bbox 812 2192 863 2242; x_wconf 89' lang='lat' dir='ltr'><strong><em>et</em></strong></span> <span class='ocrx_word' id='word_1_163' title='bbox 887 2187 1189 2261; x_wconf 85' lang='lat' dir='ltr'><strong><em>Projcctum</em></strong></span> <span class='ocrx_word' id='word_1_164' title='bbox 1220 2187 1527 2261; x_wconf 82' lang='lat' dir='ltr'><strong><em>Episcopos‚</em></strong></span> <span class='ocrx_word' id='word_1_165' title='bbox 1571 2194 1620 2246; x_wconf 90' lang='lat' dir='ltr'><strong><em>et</em></strong></span> <span class='ocrx_word' id='word_1_166' title='bbox 1638 2187 1938 2262; x_wconf 78' lang='lat' dir='ltr'><strong><em>Philippum</em></strong></span> <span class='ocrx_word' id='word_1_167' title='bbox 1963 2186 2231 2261; x_wconf 81' lang='lat' dir='ltr'><strong><em>presbyte-</em></strong></span> 
     </span>
     <span class='ocr_line' id='line_1_22' title="bbox 307 2269 2228 2363; baseline 0.001 -21"><span class='ocrx_word' id='word_1_168' title='bbox 307 2304 425 2343; x_wconf 85' lang='lat' dir='ltr'><strong><em>rum</em></strong></span> <span class='ocrx_word' id='word_1_169' title='bbox 454 2293 712 2358; x_wconf 85' lang='lat' dir='ltr'><strong><em>nostrum,</em></strong></span> <span class='ocrx_word' id='word_1_170' title='bbox 739 2287 827 2360; x_wconf 79' lang='lat' dir='ltr'><strong><em>qui</em></strong></span> <span class='ocrx_word' id='word_1_171' title='bbox 851 2288 915 2343; x_wconf 84' lang='lat' dir='ltr'><strong><em>iis</em></strong></span> <span class='ocrx_word' id='word_1_172' title='bbox 950 2306 1067 2361; x_wconf 78' lang='lat' dir='ltr'><strong><em>quae</em></strong></span> <span class='ocrx_word' id='word_1_173' title='bbox 1093 2294 1326 2363; x_wconf 67' lang='lat' dir='ltr'><strong><em>aymam·</em></strong></span> <span class='ocrx_word' id='word_1_174' title='bbox 1349 2288 1615 2358; x_wconf 80' lang='lat' dir='ltr'><strong><em>intersint,</em></strong></span> <span class='ocrx_word' id='word_1_175' title='bbox 1641 2297 1691 2344; x_wconf 81' lang='lat' dir='ltr'><strong><em>et</em></strong></span> <span class='ocrx_word' id='word_1_176' title='bbox 1722 2269 1832 2362; x_wconf 80' lang='lat' dir='ltr'><strong><em>quae</em></strong></span> <span class='ocrx_word' id='word_1_177' title='bbox 1853 2286 2050 2342; x_wconf 82' lang='lat' dir='ltr'><strong><em>anobis</em></strong></span> <span class='ocrx_word' id='word_1_178' title='bbox 2072 2292 2228 2344; x_wconf 74' lang='lat' dir='ltr'><strong><em>antea</em></strong></span> 
     </span>
     <span class='ocr_line' id='line_1_23' title="bbox 307 2388 2228 2464; baseline 0.001 -20"><span class='ocrx_word' id='word_1_179' title='bbox 307 2394 512 2445; x_wconf 82' lang='lat' dir='ltr'><strong><em>statuta</em></strong></span> <span class='ocrx_word' id='word_1_180' title='bbox 541 2395 665 2445; x_wconf 89' lang='lat' dir='ltr'><strong><em>sunt</em></strong></span> <span class='ocrx_word' id='word_1_181' title='bbox 692 2396 1038 2463; x_wconf 70' lang='lat' dir='ltr'><strong><em>eoeequantur.</em></strong></span> <span class='ocrx_word' id='word_1_182' title='bbox 1072 2389 1268 2459; x_wconf 82' lang='lat' dir='ltr'><strong><em>Quibus</em></strong></span> <span class='ocrx_word' id='word_1_183' title='bbox 1305 2389 1674 2464; x_wconf 73' lang='lat' dir='ltr'><strong><em>praestandum</em></strong></span> <span class='ocrx_word' id='word_1_184' title='bbox 1700 2406 1731 2444; x_wconf 91' lang='lat' dir='ltr'><strong><em>a</em></strong></span> <span class='ocrx_word' id='word_1_185' title='bbox 1757 2395 1929 2446; x_wconf 85' lang='lat' dir='ltr'><strong><em>vestra</em></strong></span> <span class='ocrx_word' id='word_1_186' title='bbox 1957 2388 2228 2451; x_wconf 79' lang='lat' dir='ltr'><strong><em>sanctitate</em></strong></span> 
     </span>
     <span class='ocr_line' id='line_1_24' title="bbox 305 2489 2226 2564; baseline 0 -19"><span class='ocrx_word' id='word_1_187' title='bbox 305 2507 412 2545; x_wconf 85' lang='lat' dir='ltr'><strong><em>non</em></strong></span> <span class='ocrx_word' id='word_1_188' title='bbox 440 2489 739 2546; x_wconf 79' lang='lat' dir='ltr'><strong><em>dubitamus</em></strong></span> <span class='ocrx_word' id='word_1_189' title='bbox 770 2508 1064 2563; x_wconf 82' lang='lat' dir='ltr'><strong><em>assensum,</em></strong></span> <span class='ocrx_word' id='word_1_190' title='bbox 1095 2490 1303 2564; x_wconf 72' lang='lat' dir='ltr'><strong><em>qusindo</em></strong></span> <span class='ocrx_word' id='word_1_191' title='bbox 1338 2489 1393 2545; x_wconf 84' lang='lat' dir='ltr'><strong><em>id</em></strong></span> <span class='ocrx_word' id='word_1_192' title='bbox 1420 2489 1556 2563; x_wconf 84' lang='lat' dir='ltr'><strong><em>quod</em></strong></span> <span class='ocrx_word' id='word_1_193' title='bbox 1592 2491 1785 2564; x_wconf 60' lang='lat' dir='ltr'><strong><em>unitur,</em></strong></span> <span class='ocrx_word' id='word_1_194' title='bbox 1826 2489 2092 2545; x_wconf 59' lang='lat' dir='ltr'><strong><em>videatur*</em></strong></span> <span class='ocrx_word' id='word_1_195' title='bbox 2135 2502 2226 2562; x_wconf 71' lang='lat' dir='ltr'><strong><em>pra</em></strong></span> 
     </span>
     <span class='ocr_line' id='line_1_25' title="bbox 307 2587 2219 2665; baseline -0.001 -19"><span class='ocrx_word' id='word_1_196' title='bbox 307 2592 625 2648; x_wconf 74' lang='lat' dir='ltr'><strong><em>universalis</em></strong></span> <span class='ocrx_word' id='word_1_197' title='bbox 657 2591 905 2648; x_wconf 66' lang='lat' dir='ltr'><strong><em>Ecclesiae</em></strong></span> <span class='ocrx_word' id='word_1_198' title='bbox 935 2594 1221 2648; x_wconf 82' lang='lat' dir='ltr'><strong><em>sanctitate</em></strong></span> <span class='ocrx_word' id='word_1_199' title='bbox 1243 2591 1508 2648; x_wconf 77' lang='lat' dir='ltr'><strong><em>decretwn</em></strong></span> <span class='ocrx_word' id='word_1_200' title='bbox 1529 2590 1751 2665; x_wconf 84' lang='lat' dir='ltr'><strong><em>(Labbe,</em></strong></span> <span class='ocrx_word' id='word_1_201' title='bbox 1774 2595 1816 2648; x_wconf 84' lang='lat' dir='ltr'><strong><em>t.</em></strong></span> <span class='ocrx_word' id='word_1_202' title='bbox 1844 2589 1933 2662; x_wconf 84' lang='lat'>111,</span> <span class='ocrx_word' id='word_1_203' title='bbox 1962 2589 2067 2646; x_wconf 86' lang='lat' dir='ltr'><strong><em>col.</em></strong></span> <span class='ocrx_word' id='word_1_204' title='bbox 2094 2587 2219 2656; x_wconf 63' lang='lat'><strong><em>6184</em></strong></span> 
     </span>
     <span class='ocr_line' id='line_1_26' title="bbox 309 2687 2225 2765; baseline 0 -20"><span class='ocrx_word' id='word_1_205' title='bbox 309 2689 439 2747; x_wconf 89' lang='lat' dir='ltr'><strong><em>edit.</em></strong></span> <span class='ocrx_word' id='word_1_206' title='bbox 479 2691 729 2763; x_wconf 75' lang='lat' dir='ltr'><strong><em>Parisiis,</em></strong></span> <span class='ocrx_word' id='word_1_207' title='bbox 763 2691 955 2765; x_wconf 81' lang='lat'>1671).</span> <span class='ocrx_word' id='word_1_208' title='bbox 994 2691 1077 2747; x_wconf 87' lang='lat' dir='ltr'><strong><em>Ibi</em></strong></span> <span class='ocrx_word' id='word_1_209' title='bbox 1109 2691 1358 2749; x_wconf 87' lang='lat' dir='ltr'><strong><em>advertat</em></strong></span> <span class='ocrx_word' id='word_1_210' title='bbox 1392 2691 1573 2747; x_wconf 84' lang='lat' dir='ltr'><strong><em>lector</em></strong></span> <span class='ocrx_word' id='word_1_211' title='bbox 1598 2709 1627 2747; x_wconf 87' lang='lat' dir='ltr'><strong><em>a</em></strong></span> <span class='ocrx_word' id='word_1_212' title='bbox 1664 2688 1954 2748; x_wconf 79' lang='lat' dir='ltr'><strong><em>Caelestino</em></strong></span> <span class='ocrx_word' id='word_1_213' title='bbox 1982 2688 2130 2747; x_wconf 90' lang='lat' dir='ltr'><strong><em>mitti</em></strong></span> <span class='ocrx_word' id='word_1_214' title='bbox 2155 2687 2225 2746; x_wconf 84' lang='lat' dir='ltr'><strong><em>le-·</em></strong></span> 
     </span>
     <span class='ocr_line' id='line_1_27' title="bbox 309 2788 2224 2868; baseline -0.001 -20"><span class='ocrx_word' id='word_1_215' title='bbox 309 2797 487 2865; x_wconf 80' lang='lat' dir='ltr'><strong><em>gatOS,</em></strong></span> <span class='ocrx_word' id='word_1_216' title='bbox 527 2796 589 2848; x_wconf 90' lang='lat' dir='ltr'><strong><em>ut</em></strong></span> <span class='ocrx_word' id='word_1_217' title='bbox 621 2810 745 2866; x_wconf 89' lang='lat' dir='ltr'><strong><em>quae</em></strong></span> <span class='ocrx_word' id='word_1_218' title='bbox 774 2790 987 2868; x_wconf 90' lang='lat' dir='ltr'><strong><em>abipso</em></strong></span> <span class='ocrx_word' id='word_1_219' title='bbox 1020 2799 1177 2849; x_wconf 84' lang='lat' dir='ltr'><strong><em>antea</em></strong></span> <span class='ocrx_word' id='word_1_220' title='bbox 1207 2799 1413 2849; x_wconf 83' lang='lat' dir='ltr'><strong><em>statuta</em></strong></span> <span class='ocrx_word' id='word_1_221' title='bbox 1435 2798 1578 2863; x_wconf 87' lang='lat' dir='ltr'><strong><em>sunt,</em></strong></span> <span class='ocrx_word' id='word_1_222' title='bbox 1608 2790 1702 2848; x_wconf 88' lang='lat' dir='ltr'><strong><em>isti</em></strong></span> <span class='ocrx_word' id='word_1_223' title='bbox 1722 2791 1908 2866; x_wconf 83' lang='lat' dir='ltr'><strong><em>Legati</em></strong></span> <span class='ocrx_word' id='word_1_224' title='bbox 1934 2790 1992 2847; x_wconf 90' lang='lat' dir='ltr'><strong><em>in</em></strong></span> <span class='ocrx_word' id='word_1_225' title='bbox 2025 2788 2224 2867; x_wconf 80' lang='lat' dir='ltr'><strong><em>synodo</em></strong></span> 
     </span>
     <span class='ocr_line' id='line_1_28' title="bbox 309 2890 2226 2969; baseline -0.001 -20"><span class='ocrx_word' id='word_1_226' title='bbox 309 2899 658 2965; x_wconf 73' lang='lat' dir='ltr'><strong><em>exequantur.</em></strong></span> <span class='ocrx_word' id='word_1_227' title='bbox 710 2891 886 2966; x_wconf 79' lang='lat' dir='ltr'><strong><em>Igitur</em></strong></span> <span class='ocrx_word' id='word_1_228' title='bbox 913 2891 1246 2950; x_wconf 85' lang='lat' dir='ltr'><strong><em>Coelestinus</em></strong></span> <span class='ocrx_word' id='word_1_229' title='bbox 1278 2892 1477 2969; x_wconf 77' lang='lat' dir='ltr'><strong><em>synodi</em></strong></span> <span class='ocrx_word' id='word_1_230' title='bbox 1514 2891 1771 2949; x_wconf 84' lang='lat' dir='ltr'><strong><em>Patribus</em></strong></span> <span class='ocrx_word' id='word_1_231' title='bbox 1801 2891 2145 2949; x_wconf 82' lang='lat' dir='ltr'><strong><em>dissentiendi</em></strong></span> <span class='ocrx_word' id='word_1_232' title='bbox 2173 2890 2226 2947; x_wconf 74' lang='lat' dir='ltr'><strong><em>lt·</em></strong></span> 
     </span>
     <span class='ocr_line' id='line_1_29' title="bbox 309 2982 2223 3066; baseline -0.002 -20"><span class='ocrx_word' id='word_1_233' title='bbox 309 2992 568 3048; x_wconf 84' lang='lat' dir='ltr'><strong><em>bertatem</em></strong></span> <span class='ocrx_word' id='word_1_234' title='bbox 609 3009 721 3048; x_wconf 91' lang='lat' dir='ltr'><strong><em>non</em></strong></span> <span class='ocrx_word' id='word_1_235' title='bbox 753 2990 1049 3064; x_wconf 75' lang='lat' dir='ltr'><strong><em>relinquit,</em></strong></span> <span class='ocrx_word' id='word_1_236' title='bbox 1096 3008 1199 3047; x_wconf 90' lang='lat' dir='ltr'><strong><em>nec</em></strong></span> <span class='ocrx_word' id='word_1_237' title='bbox 1235 2990 1373 3066; x_wconf 89' lang='lat' dir='ltr'><strong><em>ipsis</em></strong></span> <span class='ocrx_word' id='word_1_238' title='bbox 1426 2994 1744 3066; x_wconf 89' lang='lat' dir='ltr'><strong><em>competere</em></strong></span> <span class='ocrx_word' id='word_1_239' title='bbox 1791 2988 2080 3065; x_wconf 91' lang='lat' dir='ltr'><strong><em>supponit.</em></strong></span> <span class='ocrx_word' id='word_1_240' title='bbox 2125 2982 2223 3043; x_wconf 81' lang='lat' dir='ltr'><strong><em>Sed</em></strong></span> 
     </span>
     <span class='ocr_line' id='line_1_30' title="bbox 307 3088 2221 3165; baseline -0.003 -16"><span class='ocrx_word' id='word_1_241' title='bbox 307 3093 427 3149; x_wconf 75' lang='lat' dir='ltr'><strong><em>vult</em></strong></span> <span class='ocrx_word' id='word_1_242' title='bbox 459 3111 689 3150; x_wconf 88' lang='lat' dir='ltr'><strong><em>causam</em></strong></span> <span class='ocrx_word' id='word_1_243' title='bbox 733 3093 793 3150; x_wconf 93' lang='lat' dir='ltr'><strong><em>in</em></strong></span> <span class='ocrx_word' id='word_1_244' title='bbox 836 3092 1076 3150; x_wconf 88' lang='lat' dir='ltr'><strong><em>concilio</em></strong></span> <span class='ocrx_word' id='word_1_245' title='bbox 1123 3090 1331 3149; x_wconf 85' lang='lat' dir='ltr'><strong><em>discuti</em></strong></span> <span class='ocrx_word' id='word_1_246' title='bbox 1359 3096 1414 3149; x_wconf 88' lang='lat' dir='ltr'><strong><em>et</em></strong></span> <span class='ocrx_word' id='word_1_247' title='bbox 1447 3090 1832 3149; x_wconf 84' lang='lat' dir='ltr'><strong><em>conciliariter</em></strong></span> <span class='ocrx_word' id='word_1_248' title='bbox 1872 3088 2134 3165; x_wconf 82' lang='lat' dir='ltr'><strong><em>judicari,</em></strong></span> <span class='ocrx_word' id='word_1_249' title='bbox 2162 3089 2221 3144; x_wconf 81' lang='lat' dir='ltr'><strong><em>ut</em></strong></span> 
     </span>
     <span class='ocr_line' id='line_1_31' title="bbox 308 3184 2217 3270; baseline -0.003 -21"><span class='ocrx_word' id='word_1_250' title='bbox 308 3193 457 3251; x_wconf 90' lang='lat' dir='ltr'><strong><em>edito</em></strong></span> <span class='ocrx_word' id='word_1_251' title='bbox 484 3193 601 3270; x_wconf 85' lang='lat' dir='ltr'><strong><em>jam</em></strong></span> <span class='ocrx_word' id='word_1_252' title='bbox 630 3214 659 3252; x_wconf 90' lang='lat' dir='ltr'><strong><em>a</em></strong></span> <span class='ocrx_word' id='word_1_253' title='bbox 690 3212 748 3251; x_wconf 88' lang='lat' dir='ltr'><strong><em>se</em></strong></span> <span class='ocrx_word' id='word_1_254' title='bbox 777 3194 1000 3252; x_wconf 83' lang='lat' dir='ltr'><strong><em>decreto</em></strong></span> <span class='ocrx_word' id='word_1_255' title='bbox 1036 3196 1228 3252; x_wconf 89' lang='lat' dir='ltr'><strong><em>Patres</em></strong></span> <span class='ocrx_word' id='word_1_256' title='bbox 1257 3211 1529 3251; x_wconf 85' lang='lat' dir='ltr'><strong><em>assensum</em></strong></span> <span class='ocrx_word' id='word_1_257' title='bbox 1550 3196 1835 3270; x_wconf 82' lang='lat' dir='ltr'><strong><em>praestent,</em></strong></span> <span class='ocrx_word' id='word_1_258' title='bbox 1856 3196 1910 3249; x_wconf 89' lang='lat' dir='ltr'><strong><em>et</em></strong></span> <span class='ocrx_word' id='word_1_259' title='bbox 1935 3184 2217 3253; x_wconf 84' lang='lat' dir='ltr'><strong><em>decretum</em></strong></span> 
     </span>
     <span class='ocr_line' id='line_1_32' title="bbox 306 3290 2216 3372; baseline -0.003 -21"><span class='ocrx_word' id='word_1_260' title='bbox 306 3292 459 3351; x_wconf 86' lang='lat' dir='ltr'><strong><em>istud</em></strong></span> <span class='ocrx_word' id='word_1_261' title='bbox 490 3294 562 3353; x_wconf 80' lang='lat' dir='ltr'><strong><em>acl</em></strong></span> <span class='ocrx_word' id='word_1_262' title='bbox 592 3297 954 3355; x_wconf 76' lang='lat' dir='ltr'><strong><em>executionem</em></strong></span> <span class='ocrx_word' id='word_1_263' title='bbox 988 3295 1304 3353; x_wconf 82' lang='lat' dir='ltr'><strong><em>deducatur.</em></strong></span> <span class='ocrx_word' id='word_1_264' title='bbox 1340 3293 1458 3352; x_wconf 89' lang='lat' dir='ltr'><strong><em>Nisi</em></strong></span> <span class='ocrx_word' id='word_1_265' title='bbox 1493 3311 1792 3352; x_wconf 86' lang='lat' dir='ltr'><strong><em>assensum</em></strong></span> <span class='ocrx_word' id='word_1_266' title='bbox 1823 3290 2216 3372; x_wconf 83' lang='lat' dir='ltr'><strong><em>praestitissent</em></strong></span> 
     </span>
    </p>
   </div>
   <div class='ocr_carea' id='block_1_3' title="bbox 304 3476 2218 3737">
    <p class='ocr_par' dir='ltr' id='par_1_4' title="bbox 304 3476 2218 3737">
     <span class='ocr_line' id='line_1_33' title="bbox 363 3476 2218 3537; baseline -0.001 -15"><span class='ocrx_word' id='word_1_267' title='bbox 363 3483 415 3537; x_wconf 64' lang='lat'><strong><em>(1¹)</em></strong></span> <span class='ocrx_word' id='word_1_268' title='bbox 443 3483 526 3524; x_wconf 87' lang='lat' dir='ltr'><strong><em>Vox</em></strong></span> <span class='ocrx_word' id='word_1_269' title='bbox 542 3483 716 3526; x_wconf 81' lang='lat' dir='ltr'><strong><em>videtur</em></strong></span> <span class='ocrx_word' id='word_1_270' title='bbox 743 3483 846 3525; x_wconf 91' lang='lat' dir='ltr'><strong><em>olim</em></strong></span> <span class='ocrx_word' id='word_1_271' title='bbox 869 3483 914 3524; x_wconf 91' lang='lat' dir='ltr'><strong><em>in</em></strong></span> <span class='ocrx_word' id='word_1_272' title='bbox 945 3483 1234 3526; x_wconf 86' lang='lat' dir='ltr'><strong><em>monumentis</em></strong></span> <span class='ocrx_word' id='word_1_273' title='bbox 1261 3482 1550 3526; x_wconf 86' lang='lat' dir='ltr'><strong><em>ecclesiasticis</em></strong></span> <span class='ocrx_word' id='word_1_274' title='bbox 1575 3482 1687 3525; x_wconf 88' lang='lat' dir='ltr'><strong><em>idem</em></strong></span> <span class='ocrx_word' id='word_1_275' title='bbox 1708 3480 1956 3537; x_wconf 84' lang='lat' dir='ltr'><strong><em>significavit</em></strong></span> <span class='ocrx_word' id='word_1_276' title='bbox 1983 3492 2031 3522; x_wconf 87' lang='lat' dir='ltr'><strong><em>ac</em></strong></span> <span class='ocrx_word' id='word_1_277' title='bbox 2048 3476 2218 3531; x_wconf 54' lang='lat' dir='ltr'><strong><em>enideo&amp;</em></strong></span> 
     </span>
     <span class='ocr_line' id='line_1_34' title="bbox 307 3551 2217 3608; baseline -0.002 -15"><span class='ocrx_word' id='word_1_278' title='bbox 307 3554 398 3608; x_wconf 80' lang='lat' dir='ltr'><strong><em>e8t;</em></strong></span> <span class='ocrx_word' id='word_1_279' title='bbox 421 3563 499 3593; x_wconf 89' lang='lat' dir='ltr'><strong><em>nec</em></strong></span> <span class='ocrx_word' id='word_1_280' title='bbox 526 3553 610 3594; x_wconf 90' lang='lat' dir='ltr'><strong><em>nisi</em></strong></span> <span class='ocrx_word' id='word_1_281' title='bbox 631 3559 694 3596; x_wconf 85' lang='lat' dir='ltr'><strong><em>sat</em></strong></span> <span class='ocrx_word' id='word_1_282' title='bbox 717 3554 1031 3596; x_wconf 86' lang='lat' dir='ltr'><strong><em>recentioribus</em></strong></span> <span class='ocrx_word' id='word_1_283' title='bbox 1057 3555 1320 3608; x_wconf 85' lang='lat' dir='ltr'><strong><em>temporibus</em></strong></span> <span class='ocrx_word' id='word_1_284' title='bbox 1338 3558 1540 3608; x_wconf 84' lang='lat' dir='ltr'><strong><em>usurpata</em></strong></span> <span class='ocrx_word' id='word_1_285' title='bbox 1563 3554 1649 3595; x_wconf 83' lang='lat' dir='ltr'><strong><em>fuit</em></strong></span> <span class='ocrx_word' id='word_1_286' title='bbox 1677 3553 1729 3594; x_wconf 89' lang='lat' dir='ltr'><strong><em>ad</em></strong></span> <span class='ocrx_word' id='word_1_287' title='bbox 1761 3551 2102 3606; x_wconf 83' lang='lat' dir='ltr'><strong><em>significandum,</em></strong></span> <span class='ocrx_word' id='word_1_288' title='bbox 2125 3555 2217 3588; x_wconf 85' lang='lat' dir='ltr'><strong><em>rem</em></strong></span> 
     </span>
     <span class='ocr_line' id='line_1_35' title="bbox 304 3615 2215 3685; baseline 0.002 -29"><span class='ocrx_word' id='word_1_289' title='bbox 304 3618 451 3658; x_wconf 80' lang='lat' dir='ltr'><strong><em>haberi</em></strong></span> <span class='ocrx_word' id='word_1_290' title='bbox 475 3624 675 3672; x_wconf 84' lang='lat' dir='ltr'><strong><em>tanquam</em></strong></span> <span class='ocrx_word' id='word_1_291' title='bbox 703 3624 983 3678; x_wconf 78' lang='lat' dir='ltr'><strong><em>probabilem,</em></strong></span> <span class='ocrx_word' id='word_1_292' title='bbox 1011 3636 1087 3667; x_wconf 88' lang='lat' dir='ltr'><strong><em>seu</em></strong></span> <span class='ocrx_word' id='word_1_293' title='bbox 1116 3637 1198 3666; x_wconf 91' lang='lat' dir='ltr'><strong><em>non</em></strong></span> <span class='ocrx_word' id='word_1_294' title='bbox 1225 3624 1359 3667; x_wconf 84' lang='lat' dir='ltr'><strong><em>asseri</em></strong></span> <span class='ocrx_word' id='word_1_295' title='bbox 1394 3627 1439 3667; x_wconf 83' lang='lat' dir='ltr'><strong><em>ut</em></strong></span> <span class='ocrx_word' id='word_1_296' title='bbox 1465 3623 1629 3666; x_wconf 79' lang='lat' dir='ltr'><strong><em>omnino</em></strong></span> <span class='ocrx_word' id='word_1_297' title='bbox 1661 3625 1832 3685; x_wconf 79' lang='lat' dir='ltr'><strong><em>certam.</em></strong></span> <span class='ocrx_word' id='word_1_298' title='bbox 1862 3622 1919 3663; x_wconf 89' lang='lat' dir='ltr'><strong><em>De</em></strong></span> <span class='ocrx_word' id='word_1_299' title='bbox 1943 3630 2027 3673; x_wconf 88' lang='lat' dir='ltr'><strong><em>quo</em></strong></span> <span class='ocrx_word' id='word_1_300' title='bbox 2051 3615 2215 3659; x_wconf 84' lang='lat' dir='ltr'><strong><em>nullum</em></strong></span> 
     </span>
     <span class='ocr_line' id='line_1_36' title="bbox 309 3685 2193 3737; baseline 0.014 -12"><span class='ocrx_word' id='word_1_301' title='bbox 309 3685 419 3737; x_wconf 81' lang='lat' dir='ltr'><strong><em>apud</em></strong></span> <span class='ocrx_word' id='word_1_302' title='bbox 440 3686 628 3730; x_wconf 79' lang='lat' dir='ltr'><strong><em>eruditos</em></strong></span> <span class='ocrx_word' id='word_1_303' title='bbox 648 3689 842 3732; x_wconf 85' lang='lat' dir='ltr'><strong><em>dubium.</em></strong></span> <span class='ocrx_word' id='word_1_304' title='bbox 1422 3696 1427 3700; x_wconf 71' lang='grc'><strong><em>’</em></strong></span> <span class='ocrx_word' id='word_1_305' title='bbox 2190 3690 2193 3694; x_wconf 21' lang='grc' dir='ltr'><strong><em>Δ</em></strong></span> 
     </span>
    </p>
   </div>
  </div>
 </body>
</html>
