2306 4010
846 209 969 256 PARS
1000 203 1216 252 SECUNDA
1225 238 1236 249 .
1931 203 1988 250 67

108 316 202 372 Est
241 315 409 372 etiam
443 321 588 372 certa
628 333 789 390 poena
832 313 1115 391 proposita
1163 309 1376 384 aliquid
1411 325 1602 366 cavere
1630 325 1693 364 ac
1730 314 1986 365 vetare...

109 413 261 487 Saepe
278 419 359 469 est
386 412 630 483 firmare,
659 412 1008 468 confirmare.
1036 431 1063 462 »
1093 409 1362 487 §anejam
1386 425 1490 463 vox
1518 406 1623 462 ista
1648 405 1784 462 satis
1805 403 1993 461 innuit

111 511 236 586 plus
260 510 499 566 voluisse
520 509 826 566 Gallicanos
842 507 1108 583 praesules
1129 524 1297 579 quam
1322 504 1472 561 nude
1493 522 1652 561 suam
1673 502 1992 578 opinionem
2058 560 2063 566 ,

112 625 387 682 promere.
432 607 618 663 Innuit
651 621 851 680 nempe
891 620 986 659 eos
1026 603 1272 660 voluisse
1307 609 1369 658 ut
1415 604 1531 659 haec
1576 620 1676 658 sua
1725 600 1994 658 sententia

115 711 257 762 esset
276 705 334 759 in
350 704 539 759 Galliis
562 721 661 777 pro
685 701 899 774 regula,
920 699 1007 755 cui
1039 699 1240 755 scholae
1261 718 1322 754 30
1341 701 1640 775 scriptores
1664 717 1784 757 sese
1808 705 1998 775 aptare

115 804 393 859 deberent.

191 902 246 956 2⁰
285 897 423 963 Quid
446 896 719 952 voluerint
749 913 810 950 ac
836 893 1178 950 intenderint
1215 893 1437 967 ipsimet
1460 893 1699 968 publicis
1729 895 1866 951 actis
1887 896 2002 952 suis

118 998 296 1072 palam
331 995 603 1050 fecerunt.
647 994 1004 1049 Postularunt
1034 992 1242 1048 scilicet
1288 1011 1316 1047 a
1357 1010 1505 1065 rege,
1546 1011 1609 1048 30
1640 993 2003 1048 obtinuerunt

115 1095 424 1160 decretum,
455 1110 563 1164 quo
590 1095 913 1147 tenerentur
942 1089 1192 1163 magistri
1219 1090 1276 1144 in
1308 1090 1513 1146 scholis
1545 1090 1768 1160 docere,
1799 1109 1860 1146 30
1892 1092 2004 1147 dis-

117 1191 288 1266 cipuli
320 1191 615 1248 defendere
643 1192 784 1246 hanc
804 1190 981 1264 ipsam
1008 1195 1249 1261 quatuor
1273 1189 1635 1245 articulorum
1665 1189 2002 1261 doctrinam,

116 1290 393 1365 prohibita
421 1290 524 1345 sub
549 1288 724 1363 poenis
748 1287 1027 1344 contraria
1054 1287 1350 1343 sententia.
1383 1287 1686 1343 Voluerunt
1724 1287 1895 1360 igitur
1917 1288 2008 1343 de-

118 1387 478 1443 clarationem
507 1404 663 1442 suam
685 1402 806 1441 esse
833 1384 979 1440 dicto
1006 1384 1168 1439 modo
1203 1385 1588 1454 obliyatoriam.
1619 1384 1723 1439 Sed
1754 1384 2007 1439 emittere

120 1484 549 1540 declarationem
572 1483 936 1538 doctrinalem
955 1488 1015 1535 ut
1036 1481 1106 1536 sit
1132 1486 1282 1536 certo
1304 1481 1467 1534 modo
1491 1479 1842 1552 obligatoria,
1872 1481 2006 1553 quid

123 1582 273 1636 aliud
306 1587 386 1636 est
409 1599 576 1653 quam
608 1581 911 1634 decernere?
938 1578 1206 1651 Equidem
1236 1585 1423 1652 postea
1452 1585 1813 1634 recurrerunt
1839 1579 1906 1633 ad
1942 1579 2012 1634 is-

122 1679 219 1734 tud
244 1679 510 1750 efsugium
548 1698 558 1729 ε
590 1679 842 1732 voluimus
869 1678 1146 1730 dumtaxat
1176 1678 1470 1746 opinionem
1496 1682 1728 1730 nostram
1746 1693 2006 1747 promere.

121 1776 221 1830 Sed
251 1775 355 1829 fuit
390 1776 491 1829 hoc
521 1773 936 1847 apertissimum
970 1771 1347 1827 mendacium.
1383 1771 1676 1826 Enimvero
1709 1771 2011 1827 voluerunt

68 1918 85 1939 χ
121 1870 435 1944 opinionem
466 1888 625 1924 suam
650 1868 705 1922 in
733 1867 978 1922 docendo
1009 1872 1060 1922 et
1095 1867 1440 1923 defendendo
1465 1874 1517 1923 et
1549 1868 1841 1925 scribendo
1868 1868 2009 1924 obli-

121 1967 385 2039 gatoriam
427 1984 567 2032 esse,
613 1964 889 2037 siquidem
919 1970 1295 2037 procurarunt
1332 1965 1614 2020 decretum
1656 1966 1869 2039 regium
1901 1984 2011 2038 quo

124 2064 202 2118 sic
229 2062 550 2135 obligatoria
569 2061 739 2117 fieret.
766 2059 870 2123 Qui
897 2061 1009 2116 vult
1038 2060 1354 2134 opinionem
1382 2080 1540 2117 suam
1566 2061 1711 2118 nude
1738 2063 2008 2137 proferre,

125 2160 260 2215 dicit
288 2163 363 2215 ita
394 2161 589 2221 sentim
623 2164 675 2212 at
707 2175 815 2212 non
844 2157 974 2212 dicit
1006 2161 1078 2212 ita
1109 2162 1307 2213 sancio.
1342 2160 1437 2213 Ast
1465 2159 1569 2233 ipsi
1599 2160 1861 2215 dixerunt
1889 2179 2010 2214 san-

121 2258 312 2318 cimu33
338 2262 390 2309 et
429 2255 506 2308 ita
539 2254 797 2308 dixerunt
828 2258 1093 2324 tanquam
1128 2253 1416 2307 Ecclesiam
1449 2254 1773 2310 Gallicanam
1814 2273 2010 2326 reprae-

124 2359 418 2413 sentantes,·
464 2356 516 2404 et
552 2353 922 2422 procurarunt
970 2349 1111 2400 hanc
1149 2365 1178 2400 a
1216 2365 1273 2401 se
1310 2350 1567 2402 sancitam
1601 2349 1911 2403 doctrinam
1951 2350 2007 2403 in

126 2447 323 2503 scholis
358 2466 417 2502 ac
446 2445 666 2519 scriptis
693 2445 868 2499 solam
897 2444 1082 2499 doceri
1114 2462 1175 2499 30
1201 2444 1419 2500 defendi
1453 2464 1634 2519 posse,
1672 2446 2009 2501 contrariam

123 2563 248 2601 vero
272 2546 374 2600 sub
402 2543 580 2618 poenis
611 2541 892 2615 prohiberi
924 2559 984 2595 ac
1010 2541 1286 2614 impediri.
1315 2542 1486 2614 Igitur
1515 2542 1782 2597 Gallicani
1811 2563 2013 2617 praesu-

123 2643 201 2699 les
225 2660 418 2698 verum
444 2659 507 2696 ac
533 2640 758 2714 proprie
790 2637 1003 2692 dictum
1031 2638 1298 2693 decretum
1329 2638 1494 2695 edere
1528 2639 1826 2695 voluerunt
1854 2659 1918 2696 ac
1947 2642 2012 2696 de

125 2740 266 2795 facto
294 2739 607 2796 ediderunt.

201 2838 255 2892 5⁰
297 2837 441 2893 ldom
480 2836 710 2909 insuper
747 2841 963 2890 constat
999 2851 1065 2889 ex
1098 2833 1350 2907 ipsorum
1388 2834 1680 2907 encyclicis
1718 2835 1919 2891 litteris
1943 2837 2012 2891 ad

127 2953 319 2992 omnes
342 2936 643 2990 Galliarum
659 2933 923 2988 Praesules
950 2932 1198 3001 directis,
1222 2932 1319 2986 ubi
1339 2932 1417 2987 sic
1442 2950 1698 3013 expresse
1725 2951 1884 2988 suam
1914 2935 2018 2988 hac

130 3032 195 3087 de
223 3051 282 3087 re
309 3038 551 3086 mentem
578 3029 859 3084 declarant
885 3050 896 3081 z
925 3050 951 3079 «
980 3029 1260 3100 Rogamus
1281 3047 1444 3100 porro
1473 3029 1875 3085 fraternitatem
1904 3029 2019 3102 pie-

130 3138 412 3200 tatemque
436 3134 676 3183 vestram
719 3133 850 3182 ut...
899 3144 1019 3181 eam
1057 3144 1225 3197 quam
1253 3126 1539 3181 communi
1567 3113 1798 3182 consilio
1836 3126 2016 3180 divul-

131 3227 365 3301 gandam
406 3242 523 3281 esse
556 3224 879 3280 censuimus
916 3224 1250 3295 doctrinam,
1286 3224 1341 3277 in
1372 3224 1571 3278 vestris
1604 3223 1810 3295 singuli
1852 3224 2019 3280 eccle-

132 3325 251 3391 siis,
299 3330 465 3394 atque
503 3320 668 3376 etiam
711 3320 1169 3375 universitatibus
1205 3325 1256 3373 et
1293 3319 1497 3374 scholis
1522 3325 1716 3374 vestrae
1754 3321 2018 3393 pastorali

135 3441 280 3478 cvurae
317 3418 632 3476 commissis
673 3423 769 3472 aut
813 3418 959 3491 apud
1003 3423 1216 3472 vestras
1264 3417 1527 3472 dioeceses
1564 3419 1900 3488 constitutis,
1948 3423 2022 3475 ita

134 3522 422 3594 procuretis
451 3518 653 3573 admitti
684 3522 741 3569 ut
764 3515 894 3568 nihil
917 3532 1145 3585 unquam
1164 3516 1263 3586 ipsi
1293 3517 1609 3571 contrarium
1631 3517 1903 3573 doceatur.
1934 3519 2024 3574 Sic

140 3618 346 3674 eveniet
370 3624 503 3673 ut...
526 3612 810 3671 communi
832 3618 1089 3667 nostrum
1115 3611 1366 3666 omnium
1388 3614 1660 3670 sententia
1684 3622 1872 3671 noster
1896 3634 2025 3672 cona
