2306 4010
840 188 969 235 PARS
996 186 1234 235 SECUNDA.
1898 183 1989 231 165

103 298 352 373 principis
387 298 652 354 soliditate
690 295 855 370 (libro
882 293 965 364 IV,
992 293 1156 368 epist.
1185 310 1388 363 xxxvm,
1411 292 1479 349 ad
1511 289 1983 364 Theodelindam).

189 397 408 452 JOANNES
434 393 636 448 V11.—
670 392 841 465 Super
868 406 1020 463 quam
1059 391 1219 445 etiam
1254 389 1475 445 solidam
1521 388 1861 460 confessionis
1893 404 1989 460 pe-

119 504 279 564 tram,
306 510 452 549 suam
480 491 729 547 Dominus
767 486 1041 564 fabricavit
1075 485 1362 542 Ecclesiam
1397 485 1580 560 (epist.
1618 503 1764 541 Lxxvl
1790 483 1861 540 ad
1894 482 1988 539 Pe-

111 600 262 650 trum
286 588 590 659 comitem).

189 688 466 743 Emmaus
506 685 548 739 1.
572 682 763 738 —Iste
799 687 904 735 tam
935 678 1185 751 praecelso
1228 681 1480 751 praelatus
1519 682 1735 748 honore,
1782 697 1991 753 prome·

118 786 225 841 ruit
252 783 484 854 confiteri
512 795 657 834 rmssu
680 794 821 831 sumu
849 791 1004 846 quam
1026 772 1280 843 fundatur
1302 776 1537 831 Ecclesia
1571 776 1827 851 (epistola
1849 777 1991 834 lecta

120 881 179 935 in
214 877 418 954 synodo
449 875 497 948 7,
537 878 639 930 aet.
682 869 776 940 ιιι).
822 869 989 942 Super
1029 870 1179 938 hanc,
1218 874 1404 943 inquit,
1439 880 1647 945 petram
1688 892 1840 945 quam
1872 892 1991 930 cou-

120 978 290 1048 fessus
323 990 398 1042 es,
434 977 483 1024 et
523 986 556 1023 a
578 984 677 1039 qua
707 965 945 1020 vocabuli
981 967 1196 1020 sortitus
1236 984 1290 1020 es
1321 968 1649 1038 cliyiiitcttein,
1677 986 1836 1040 super
1861 970 1994 1025 hanc

116 1069 431 1127 soliditatem
465 1065 587 1136 fidei
613 1064 878 1135 aedificabo
903 1063 1185 1118 Ecclesiam
1211 1081 1378 1120 meam
1403 1064 1654 1137 (epistola
1680 1065 1748 1120 ad
1772 1066 1990 1141 Episco-

99 1181 206 1240 pos
237 1160 550 1236 Hispaniae).

177 1261 415 1316 Nicomus
456 1261 496 1314 l.
525 1292 592 1300 -
620 1260 791 1332 Super
816 1260 1131 1316 soliditatem
1157 1262 1280 1332 fidei
1307 1280 1455 1317 suam
1480 1269 1714 1317 sanctam
1746 1262 1990 1334 diqnalus

109 1367 184 1416 est
208 1359 439 1415 stabilire
475 1358 777 1429 Ecclesiam,
812 1360 1091 1414 secundum
1125 1359 1268 1414 illius
1296 1360 1577 1415 veridicam
1610 1378 1781 1415 vocem
1815 1361 1984 1415 dicen-

107 1459 207 1513 tis:
233 1457 394 1512 Amen
419 1458 532 1512 dico
563 1458 654 1512 tibi
676 1478 691 1509 .·
725 1466 780 1512 tu
812 1475 864 1511 es
888 1458 1147 1512 Petrus...
1181 1457 1365 1531 (epist.
1397 1477 1443 1511 v1
1474 1457 1540 1512 ad
1562 1457 1867 1529 Photium).

180 1556 454 1612 Summus
478 1555 561 1610 VI.
590 1589 656 1596 —
688 1554 955 1611 Catholica
980 1555 1173 1611 Christi
1202 1564 1252 1610 et
1280 1556 1375 1611 Dei
1400 1558 1564 1611 nostri
1605 1557 1834 1611 Ecclesia
1865 1557 1985 1628 sun-

109 1654 231 1708 data
252 1671 407 1725 super
432 1655 636 1724 sirmam
661 1662 887 1725 petram,
918 1651 1224 1724 Apostolicae
1254 1652 1490 1708 videlicet
1509 1662 1677 1726 petrae
1703 1653 1983 1724 consessio-

107 1767 220 1805 nem
250 1750 428 1824 (epist.
466 1770 498 1804 11
534 1748 601 1804 ad
639 1748 928 1805 universos
953 1748 1293 1823 Episcopos).

117 1859 121 1862 ’
177 1848 493 1903 INNocssNTms
522 1847 584 1902 ΙΙ.
611 1879 679 1888 -
701 1847 915 1903 Petram
944 1849 1123 1918 utique
1146 1849 1449 1919 firmitatem
1482 1847 1605 1918 fidei
1631 1854 1681 1901 et
1713 1847 1983 1902 catholicae

105 1947 315 2000 unitatis
339 1946 652 2000 soliditatem
681 1945 954 2016 manifeste
988 1944 1260 2016 desiqncms
1296 1944 1464 2018 (inter
1485 1943 1748 2018 epistolas
1770 1943 1821 1998 S.
1855 1943 1983 2000 Ber-

103 2042 284 2111 nardi,
311 2043 489 2112 cxciv).
987 2035 989 2038 ¹

179 2139 611 2195 SAcnmeuTAmnm
657 2139 1030 2211 Gallicanum,
1086 2158 1116 2194 a
1158 2139 1473 2195 Mabillonio
1523 2140 1759 2196 editum.
1812 2172 1881 2179 —
1921 2138 1981 2194 1η

110 2236 247 2304 cujus
293 2237 612 2304 confessione
664 2242 739 2289 est
800 2237 1198 2305 fundamentum
1255 2235 1523 2302 Ecclesiae,
1585 2255 1679 2291 uec
1734 2238 1981 2292 adversus

111 2330 238 2384 hanc
274 2339 472 2400 petram
504 2338 673 2401 portae
722 2330 883 2398 inferi
924 2331 1211 2401 praevalent
1252 2331 1435 2403 (Missa
1473 2331 1531 2384 in
1569 2332 1655 2386 die
1686 2334 1981 2408 'Cathedrae

109 2425 161 2482 S.
205 2426 391 2498 Petri).

134 2543 137 2546 ·
182 2523 389 2577 Missus
420 2523 678 2578 Roitmmi.
713 2555 781 2563 —-
813 2525 1036 2593 Proesta,
1066 2543 1371 2596 quaesumus,
1401 2529 1718 2599 omnipotens
1747 2529 1980 2599 DeuS,ut

103 2619 259 2675 nullis
280 2638 370 2674 nos
397 2622 671 2691 permittas
695 2623 1170 2692 perturbationibus
1196 2626 1417 2694 concuti,
1454 2642 1579 2695 quos
1607 2627 1662 2679 iu
1688 2629 1979 2698 apostolicae

106 2718 443 2788 consessionis
488 2722 637 2788 petra
684 2717 919 2772 solidasti
966 2717 1147 2790 (Missa
1202 2718 1406 2792 vigiliae
1456 2720 1544 2779 SS.
1601 2723 1975 2796 apostolorum

99 2811 241 2869 Petri
276 2819 328 2868 et
366 2809 565 2884 Pauli).

177 2910 348 2981 Igitur
379 2917 592 2966 certum
626 2918 708 2967 est
743 2929 900 2968 voces
931 2912 1056 2969 illas
1083 2934 1239 2989 super
1266 2917 1398 2972 hauc
1426 2926 1627 2990 petram
1655 2938 1684 2974 a
1716 2920 1973 2977 Patribus

103 3005 405 3062 intellectas
428 3006 599 3063 fuisse
628 3010 691 3063 de
722 3010 825 3080 [ide
858 3010 1019 3066 Petri.
1046 3011 1195 3068 Unde
1218 3012 1452 3070 Luthero
1484 3015 1783 3071 affirmanti
1811 3036 1973 3089 supra

98 3102 252 3171 tidem
292 3102 432 3158 Petri
471 3106 780 3176 aedificatam
826 3101 1133 3179 Ecclesiam⁷
1188 3111 1385 3167 merito
1437 3114 1685 3185 reposuit
1728 3114 1970 3172 Joannes

97 3196 305 3254 Ekius:
357 3199 480 3267 Quis
518 3204 562 3256 ei
601 3205 652 3257 in
692 3204 783 3259 hoc
816 3210 1102 3278 repuqnat?
1150 3211 1261 3279 quis
1297 3212 1483 3282 neyat?
1522 3213 1634 3280 quis
1672 3213 1969 3281 inficiatur?

95 3290 192 3348 Ille
218 3297 443 3368 prodat,
475 3301 701 3355 nominet
734 3320 883 3373 quem
919 3304 1065 3375 hujus
1096 3305 1446 3360 dissensorem
1486 3306 1652 3378 (libro
1690 3307 1710 3360 Ι
1748 3307 1812 3363 de
1848 3310 1967 3365 Pri-

93 3399 235 3445 matu
260 3392 422 3463 Petri,
451 3413 570 3469 cap.
613 3398 740 3470 xm).
772 3399 1166 3457 Intellexerunt
1203 3410 1388 3459 autem
1423 3404 1629 3471 PatreS‚
1666 3410 1726 3460 ut
1752 3405 1964 3464 dictum

97 3490 201 3557 est,
239 3489 427 3545 eadem
458 3492 621 3548 verba
665 3496 727 3549 de
773 3495 932 3550 Petro
967 3498 1100 3568 ipso,
1139 3506 1303 3570 prout
1343 3499 1449 3553 alia
1492 3499 1822 3559 documenta
1854 3511 1964 3562 tes-

23 3652 26 3654 ,
97 3587 300 3641 tantur.
331 3587 436 3645 Nee
472 3589 707 3648 invicem
741 3599 987 3665 pugnant
1018 3593 1139 3650 duae
1178 3594 1286 3651 illae
1326 3596 1822 3672 interpretationes;
1868 3602 1962 3660 sed
