<?xml version="1.0" encoding="UTF-8"?>
<!DOCTYPE html PUBLIC "-//W3C//DTD XHTML 1.0 Transitional//EN"
    "http://www.w3.org/TR/xhtml1/DTD/xhtml1-transitional.dtd">
<html xmlns="http://www.w3.org/1999/xhtml" xml:lang="en" lang="en">
 <head>
  <title>
</title>
<meta http-equiv="Content-Type" content="text/html;charset=utf-8" />
  <meta name='ocr-system' content='tesseract 3.04.00' />
  <meta name='ocr-capabilities' content='ocr_page ocr_carea ocr_par ocr_line ocrx_word'/>
</head>
<body>
  <div class='ocr_page' id='page_1' title='image "a548470102bouiuoft_0635.png"; bbox 0 0 2262 3990; ppageno 0'>
   <div class='ocr_carea' id='block_1_1' title="bbox 89 0 203 68">
    <p class='ocr_par' dir='ltr' id='par_1_1' title="bbox 89 0 203 68">
     <span class='ocr_line' id='line_1_1' title="bbox 89 0 203 59; baseline 0.018 -35"><span class='ocrx_word' id='word_1_1' title='bbox 89 0 96 2; x_wconf 49' lang='lat'><em>⁷</em></span> <span class='ocrx_word' id='word_1_2' title='bbox 107 0 203 59; x_wconf 46' lang='lat' dir='ltr'>affe</span> 
     </span>
     <span class='ocr_line' id='line_1_2' title="bbox 117 48 159 68; baseline 0 -18"><span class='ocrx_word' id='word_1_3' title='bbox 117 58 133 68; x_wconf 26' lang='grc' dir='ltr'><em>θ</em></span> <span class='ocrx_word' id='word_1_4' title='bbox 152 48 159 50; x_wconf 61' lang='lat'><em>„</em></span> 
     </span>
    </p>
   </div>
   <div class='ocr_carea' id='block_1_2' title="bbox 107 64 141 101">
    <p class='ocr_par' dir='ltr' id='par_1_2' title="bbox 107 64 141 101">
     <span class='ocr_line' id='line_1_3' title="bbox 107 64 141 101; baseline 0 -28"><span class='ocrx_word' id='word_1_5' title='bbox 107 64 141 101; x_wconf 47' lang='grc' dir='ltr'>Γ,</span> 
     </span>
    </p>
   </div>
   <div class='ocr_carea' id='block_1_3' title="bbox 805 109 1919 193">
    <p class='ocr_par' dir='ltr' id='par_1_3' title="bbox 805 109 1919 193">
     <span class='ocr_line' id='line_1_4' title="bbox 805 109 1919 193; baseline -0.011 -2"><span class='ocrx_word' id='word_1_6' title='bbox 805 109 936 192; x_wconf 66' lang='lat' dir='ltr'>rins</span> <span class='ocrx_word' id='word_1_7' title='bbox 961 137 1163 193; x_wconf 66' lang='lat' dir='ltr'>raam.</span> <span class='ocrx_word' id='word_1_8' title='bbox 1228 116 1234 122; x_wconf 59' lang='lat'><strong>⁴</strong></span> <span class='ocrx_word' id='word_1_9' title='bbox 1835 131 1919 181; x_wconf 74' lang='lat'>627</span> 
     </span>
    </p>
   </div>
   <div class='ocr_carea' id='block_1_4' title="bbox 56 237 1947 1496">
    <p class='ocr_par' dir='ltr' id='par_1_4' title="bbox 56 237 1947 1300">
     <span class='ocr_line' id='line_1_5' title="bbox 56 237 1921 334; baseline -0.011 -18"><span class='ocrx_word' id='word_1_10' title='bbox 56 260 236 334; x_wconf 68' lang='lat' dir='ltr'>gutur.</span> <span class='ocrx_word' id='word_1_11' title='bbox 272 252 444 328; x_wconf 80' lang='lat' dir='ltr'>Igitur</span> <span class='ocrx_word' id='word_1_12' title='bbox 477 251 632 326; x_wconf 82' lang='lat' dir='ltr'>Papae</span> <span class='ocrx_word' id='word_1_13' title='bbox 663 247 941 324; x_wconf 72' lang='lat' dir='ltr'>iudicium</span> <span class='ocrx_word' id='word_1_14' title='bbox 985 259 1312 322; x_wconf 86' lang='lat' dir='ltr'>supremum</span> <span class='ocrx_word' id='word_1_15' title='bbox 1354 245 1459 310; x_wconf 87' lang='lat' dir='ltr'>est,</span> <span class='ocrx_word' id='word_1_16' title='bbox 1491 239 1569 298; x_wconf 90' lang='lat' dir='ltr'>ita</span> <span class='ocrx_word' id='word_1_17' title='bbox 1605 242 1725 297; x_wconf 88' lang='lat' dir='ltr'>uta</span> <span class='ocrx_word' id='word_1_18' title='bbox 1764 237 1921 297; x_wconf 87' lang='lat' dir='ltr'>nulla</span> 
     </span>
     <span class='ocr_line' id='line_1_6' title="bbox 59 335 1924 427; baseline -0.011 -14"><span class='ocrx_word' id='word_1_19' title='bbox 59 361 272 414; x_wconf 76' lang='lat' dir='ltr'>terrena</span> <span class='ocrx_word' id='word_1_20' title='bbox 313 354 580 427; x_wconf 70' lang='lat' dir='ltr'><strong>potestate</strong></span> <span class='ocrx_word' id='word_1_21' title='bbox 611 345 900 406; x_wconf 78' lang='lat' dir='ltr'>reformari</span> <span class='ocrx_word' id='word_1_22' title='bbox 936 343 1136 402; x_wconf 79' lang='lat' dir='ltr'>valeat.</span> <span class='ocrx_word' id='word_1_23' title='bbox 1174 339 1308 398; x_wconf 86' lang='lat' dir='ltr'>Inde</span> <span class='ocrx_word' id='word_1_24' title='bbox 1346 342 1533 396; x_wconf 87' lang='lat' dir='ltr'>autem</span> <span class='ocrx_word' id='word_1_25' title='bbox 1565 335 1808 412; x_wconf 81' lang='lat' dir='ltr'>rigorose</span> <span class='ocrx_word' id='word_1_26' title='bbox 1840 352 1924 394; x_wconf 89' lang='lat' dir='ltr'>se·-</span> 
     </span>
     <span class='ocr_line' id='line_1_7' title="bbox 60 429 1930 525; baseline -0.011 -17"><span class='ocrx_word' id='word_1_27' title='bbox 60 450 254 525; x_wconf 90' lang='lat' dir='ltr'>quitnr</span> <span class='ocrx_word' id='word_1_28' title='bbox 284 462 394 504; x_wconf 86' lang='lat' dir='ltr'>non</span> <span class='ocrx_word' id='word_1_29' title='bbox 431 461 593 521; x_wconf 90' lang='lat' dir='ltr'>posse</span> <span class='ocrx_word' id='word_1_30' title='bbox 626 443 827 519; x_wconf 81' lang='lat' dir='ltr'><strong>Papam</strong></span> <span class='ocrx_word' id='word_1_31' title='bbox 857 440 924 497; x_wconf 91' lang='lat' dir='ltr'>ab</span> <span class='ocrx_word' id='word_1_32' title='bbox 955 437 1072 495; x_wconf 91' lang='lat' dir='ltr'>ullo</span> <span class='ocrx_word' id='word_1_33' title='bbox 1109 433 1345 493; x_wconf 90' lang='lat' dir='ltr'>concilio</span> <span class='ocrx_word' id='word_1_34' title='bbox 1373 431 1635 510; x_wconf 85' lang='lat' dir='ltr'>judicari,</span> <span class='ocrx_word' id='word_1_35' title='bbox 1676 429 1930 508; x_wconf 82' lang='lat' dir='ltr'>punirive</span> 
     </span>
     <span class='ocr_line' id='line_1_8' title="bbox 63 529 1932 622; baseline -0.011 -17"><span class='ocrx_word' id='word_1_36' title='bbox 63 552 158 605; x_wconf 89' lang='lat' dir='ltr'>ant</span> <span class='ocrx_word' id='word_1_37' title='bbox 184 544 401 622; x_wconf 81' lang='lat' dir='ltr'><strong>deponi.</strong></span> <span class='ocrx_word' id='word_1_38' title='bbox 434 543 570 599; x_wconf 88' lang='lat' dir='ltr'>Nam</span> <span class='ocrx_word' id='word_1_39' title='bbox 611 538 896 599; x_wconf 83' lang='lat' dir='ltr'>sententiae</span> <span class='ocrx_word' id='word_1_40' title='bbox 935 553 1104 610; x_wconf 87' lang='lat' dir='ltr'>quam</span> <span class='ocrx_word' id='word_1_41' title='bbox 1141 531 1437 590; x_wconf 90' lang='lat' dir='ltr'>concilium</span> <span class='ocrx_word' id='word_1_42' title='bbox 1471 529 1699 603; x_wconf 82' lang='lat' dir='ltr'>aliquod</span> <span class='ocrx_word' id='word_1_43' title='bbox 1738 533 1932 586; x_wconf 88' lang='lat' dir='ltr'>contra</span> 
     </span>
     <span class='ocr_line' id='line_1_9' title="bbox 63 627 1935 720; baseline -0.01 -18"><span class='ocrx_word' id='word_1_44' title='bbox 63 647 262 720; x_wconf 86' lang='lat' dir='ltr'>Papam</span> <span class='ocrx_word' id='word_1_45' title='bbox 299 636 714 718; x_wconf 76' lang='lat' dir='ltr'>pronuntiaret,</span> <span class='ocrx_word' id='word_1_46' title='bbox 757 639 810 693; x_wconf 87' lang='lat' dir='ltr'>et</span> <span class='ocrx_word' id='word_1_47' title='bbox 847 652 953 709; x_wconf 86' lang='lat' dir='ltr'>qna</span> <span class='ocrx_word' id='word_1_48' title='bbox 991 634 1048 689; x_wconf 88' lang='lat' dir='ltr'>iu</span> <span class='ocrx_word' id='word_1_49' title='bbox 1085 650 1216 690; x_wconf 87' lang='lat' dir='ltr'>eum</span> <span class='ocrx_word' id='word_1_50' title='bbox 1256 629 1658 706; x_wconf 78' lang='lat' dir='ltr'>depositionem</span> <span class='ocrx_word' id='word_1_51' title='bbox 1699 627 1935 685; x_wconf 84' lang='lat' dir='ltr'>aliamve</span> 
     </span>
     <span class='ocr_line' id='line_1_10' title="bbox 67 725 1934 816; baseline -0.007 -20"><span class='ocrx_word' id='word_1_52' title='bbox 67 757 285 816; x_wconf 90' lang='lat' dir='ltr'>poenam</span> <span class='ocrx_word' id='word_1_53' title='bbox 328 738 664 803; x_wconf 81' lang='lat' dir='ltr'>decerneret,</span> <span class='ocrx_word' id='word_1_54' title='bbox 707 737 892 808; x_wconf 87' lang='lat' dir='ltr'>posset</span> <span class='ocrx_word' id='word_1_55' title='bbox 931 730 1071 804; x_wconf 89' lang='lat' dir='ltr'>Papa</span> <span class='ocrx_word' id='word_1_56' title='bbox 1112 746 1278 784; x_wconf 91' lang='lat' dir='ltr'>suum</span> <span class='ocrx_word' id='word_1_57' title='bbox 1316 725 1591 800; x_wconf 87' lang='lat' dir='ltr'>judicium</span> <span class='ocrx_word' id='word_1_58' title='bbox 1635 741 1934 800; x_wconf 87' lang='lat' dir='ltr'>opponere.</span> 
     </span>
     <span class='ocr_line' id='line_1_11' title="bbox 66 826 1937 911; baseline -0.007 -16"><span class='ocrx_word' id='word_1_59' title='bbox 66 840 249 895; x_wconf 89' lang='lat' dir='ltr'>Posset</span> <span class='ocrx_word' id='word_1_60' title='bbox 274 853 472 911; x_wconf 88' lang='lat' dir='ltr'>nempe</span> <span class='ocrx_word' id='word_1_61' title='bbox 497 831 716 891; x_wconf 90' lang='lat' dir='ltr'>concilii</span> <span class='ocrx_word' id='word_1_62' title='bbox 747 828 1080 887; x_wconf 87' lang='lat' dir='ltr'>sententiam</span> <span class='ocrx_word' id='word_1_63' title='bbox 1114 826 1332 882; x_wconf 90' lang='lat' dir='ltr'>nullam</span> <span class='ocrx_word' id='word_1_64' title='bbox 1363 833 1416 882; x_wconf 90' lang='lat' dir='ltr'>et</span> <span class='ocrx_word' id='word_1_65' title='bbox 1449 826 1665 882; x_wconf 89' lang='lat' dir='ltr'>irritam</span> <span class='ocrx_word' id='word_1_66' title='bbox 1690 842 1937 901; x_wconf 87' lang='lat' dir='ltr'>pronun-</span> 
     </span>
     <span class='ocr_line' id='line_1_12' title="bbox 71 923 1944 1006; baseline -0.007 -14"><span class='ocrx_word' id='word_1_67' title='bbox 71 936 229 992; x_wconf 87' lang='lat' dir='ltr'>tiare.</span> <span class='ocrx_word' id='word_1_68' title='bbox 264 935 510 1006; x_wconf 87' lang='lat' dir='ltr'>Cumque</span> <span class='ocrx_word' id='word_1_69' title='bbox 533 928 741 987; x_wconf 83' lang='lat' dir='ltr'>nemini</span> <span class='ocrx_word' id='word_1_70' title='bbox 769 927 929 983; x_wconf 89' lang='lat' dir='ltr'>liceat</span> <span class='ocrx_word' id='word_1_71' title='bbox 965 926 1032 981; x_wconf 89' lang='lat' dir='ltr'>de</span> <span class='ocrx_word' id='word_1_72' title='bbox 1056 926 1211 998; x_wconf 79' lang='lat' dir='ltr'>Papae</span> <span class='ocrx_word' id='word_1_73' title='bbox 1241 923 1450 996; x_wconf 89' lang='lat' dir='ltr'>jndicio</span> <span class='ocrx_word' id='word_1_74' title='bbox 1488 930 1813 994; x_wconf 89' lang='lat' dir='ltr'>retractare,</span> <span class='ocrx_word' id='word_1_75' title='bbox 1851 924 1944 979; x_wconf 87' lang='lat' dir='ltr'>de-</span> 
     </span>
     <span class='ocr_line' id='line_1_13' title="bbox 70 1022 1940 1106; baseline -0.006 -18"><span class='ocrx_word' id='word_1_76' title='bbox 70 1034 261 1090; x_wconf 88' lang='lat' dir='ltr'>berent</span> <span class='ocrx_word' id='word_1_77' title='bbox 295 1031 515 1106; x_wconf 87' lang='lat' dir='ltr'>ipsimet</span> <span class='ocrx_word' id='word_1_78' title='bbox 544 1026 766 1085; x_wconf 89' lang='lat' dir='ltr'>concilii</span> <span class='ocrx_word' id='word_1_79' title='bbox 800 1027 982 1081; x_wconf 86' lang='lat' dir='ltr'>Patres</span> <span class='ocrx_word' id='word_1_80' title='bbox 1018 1023 1147 1079; x_wconf 87' lang='lat' dir='ltr'>huic</span> <span class='ocrx_word' id='word_1_81' title='bbox 1171 1022 1380 1097; x_wconf 87' lang='lat' dir='ltr'>judicio</span> <span class='ocrx_word' id='word_1_82' title='bbox 1418 1041 1538 1079; x_wconf 91' lang='lat' dir='ltr'>sese</span> <span class='ocrx_word' id='word_1_83' title='bbox 1567 1023 1940 1080; x_wconf 89' lang='lat' dir='ltr'>submitttere.</span> 
     </span>
     <span class='ocr_line' id='line_1_14' title="bbox 71 1121 1947 1203; baseline -0.005 -16"><span class='ocrx_word' id='word_1_84' title='bbox 71 1131 216 1188; x_wconf 91' lang='lat' dir='ltr'>Unde</span> <span class='ocrx_word' id='word_1_85' title='bbox 237 1129 419 1203; x_wconf 88' lang='lat' dir='ltr'>reipsa</span> <span class='ocrx_word' id='word_1_86' title='bbox 445 1131 767 1202; x_wconf 87' lang='lat' dir='ltr'>potestatem</span> <span class='ocrx_word' id='word_1_87' title='bbox 795 1143 905 1180; x_wconf 90' lang='lat' dir='ltr'>non</span> <span class='ocrx_word' id='word_1_88' title='bbox 934 1123 1140 1179; x_wconf 88' lang='lat' dir='ltr'>habent</span> <span class='ocrx_word' id='word_1_89' title='bbox 1164 1121 1363 1197; x_wconf 87' lang='lat' dir='ltr'>Papam</span> <span class='ocrx_word' id='word_1_90' title='bbox 1383 1122 1693 1196; x_wconf 88' lang='lat' dir='ltr'>judicandi,</span> <span class='ocrx_word' id='word_1_91' title='bbox 1713 1122 1947 1198; x_wconf 89' lang='lat' dir='ltr'>punien-</span> 
     </span>
     <span class='ocr_line' id='line_1_15' title="bbox 74 1225 672 1300; baseline -0.01 -16"><span class='ocrx_word' id='word_1_92' title='bbox 74 1227 194 1285; x_wconf 78' lang='lat' dir='ltr'>dive</span> <span class='ocrx_word' id='word_1_93' title='bbox 219 1232 311 1283; x_wconf 86' lang='lat' dir='ltr'>aut</span> <span class='ocrx_word' id='word_1_94' title='bbox 343 1225 672 1300; x_wconf 87' lang='lat' dir='ltr'>deponendi.</span> 
     </span>
    </p>

    <p class='ocr_par' dir='ltr' id='par_1_5' title="bbox 80 1317 1947 1496">
     <span class='ocr_line' id='line_1_16' title="bbox 151 1317 1947 1391; baseline -0.004 -10"><span class='ocrx_word' id='word_1_95' title='bbox 151 1326 205 1382; x_wconf 81' lang='lat'>4⁰</span> <span class='ocrx_word' id='word_1_96' title='bbox 240 1324 499 1379; x_wconf 88' lang='lat' dir='ltr'>Eamdem</span> <span class='ocrx_word' id='word_1_97' title='bbox 540 1321 850 1377; x_wconf 84' lang='lat' dir='ltr'>doctrinam</span> <span class='ocrx_word' id='word_1_98' title='bbox 891 1319 970 1376; x_wconf 88' lang='lat' dir='ltr'>sic</span> <span class='ocrx_word' id='word_1_99' title='bbox 1006 1318 1265 1391; x_wconf 80' lang='lat' dir='ltr'>exprimit</span> <span class='ocrx_word' id='word_1_100' title='bbox 1299 1324 1520 1378; x_wconf 89' lang='lat' dir='ltr'>sanctus</span> <span class='ocrx_word' id='word_1_101' title='bbox 1553 1317 1868 1375; x_wconf 84' lang='lat' dir='ltr'>Bonifacins</span> <span class='ocrx_word' id='word_1_102' title='bbox 1905 1318 1947 1388; x_wconf 95' lang='grc' dir='ltr'>Ι,</span> 
     </span>
     <span class='ocr_line' id='line_1_17' title="bbox 80 1399 1158 1496; baseline -0.009 -18"><span class='ocrx_word' id='word_1_103' title='bbox 80 1422 174 1496; x_wconf 91' lang='lat' dir='ltr'>qui</span> <span class='ocrx_word' id='word_1_104' title='bbox 209 1428 425 1478; x_wconf 86' lang='lat' dir='ltr'>creatus</span> <span class='ocrx_word' id='word_1_105' title='bbox 451 1426 531 1475; x_wconf 84' lang='lat' dir='ltr'>cst</span> <span class='ocrx_word' id='word_1_106' title='bbox 563 1399 807 1474; x_wconf 69' lang='lat' dir='ltr'>Pontiseii</span> <span class='ocrx_word' id='word_1_107' title='bbox 841 1436 982 1472; x_wconf 87' lang='lat' dir='ltr'>anno</span> <span class='ocrx_word' id='word_1_108' title='bbox 1011 1416 1117 1471; x_wconf 73' lang='lat'>418</span> <span class='ocrx_word' id='word_1_109' title='bbox 1148 1436 1158 1468; x_wconf 76' lang='grc' dir='ltr'>ε</span> 
     </span>
    </p>
   </div>
   <div class='ocr_carea' id='block_1_5' title="bbox 0 1514 1975 3536">
    <p class='ocr_par' dir='ltr' id='par_1_6' title="bbox 0 1514 1962 2556">
     <span class='ocr_line' id='line_1_18' title="bbox 159 1514 1953 1591; baseline -0.002 -19"><span class='ocrx_word' id='word_1_110' title='bbox 159 1541 186 1572; x_wconf 87' lang='grc'>«</span> <span class='ocrx_word' id='word_1_111' title='bbox 210 1519 517 1591; x_wconf 78' lang='lat' dir='ltr'>Numquam</span> <span class='ocrx_word' id='word_1_112' title='bbox 546 1517 692 1572; x_wconf 90' lang='lat' dir='ltr'>enim</span> <span class='ocrx_word' id='word_1_113' title='bbox 726 1515 881 1571; x_wconf 87' lang='lat' dir='ltr'>licuit</span> <span class='ocrx_word' id='word_1_114' title='bbox 917 1514 982 1570; x_wconf 89' lang='lat' dir='ltr'>de</span> <span class='ocrx_word' id='word_1_115' title='bbox 1006 1533 1069 1570; x_wconf 85' lang='lat' dir='ltr'>eo</span> <span class='ocrx_word' id='word_1_116' title='bbox 1093 1533 1284 1570; x_wconf 81' lang='lat' dir='ltr'>rursus</span> <span class='ocrx_word' id='word_1_117' title='bbox 1317 1514 1463 1586; x_wconf 91' lang='lat' dir='ltr'>qnod</span> <span class='ocrx_word' id='word_1_118' title='bbox 1488 1514 1659 1570; x_wconf 90' lang='lat' dir='ltr'>semel</span> <span class='ocrx_word' id='word_1_119' title='bbox 1687 1519 1953 1570; x_wconf 85' lang='lat' dir='ltr'>statutum</span> 
     </span>
     <span class='ocr_line' id='line_1_19' title="bbox 82 1604 1954 1682; baseline -0.002 -17"><span class='ocrx_word' id='word_1_120' title='bbox 82 1615 162 1665; x_wconf 84' lang='lat' dir='ltr'>est</span> <span class='ocrx_word' id='word_1_121' title='bbox 191 1610 260 1664; x_wconf 84' lang='lat' dir='ltr'>ab</span> <span class='ocrx_word' id='word_1_122' title='bbox 285 1607 577 1682; x_wconf 85' lang='lat' dir='ltr'>apostolica</span> <span class='ocrx_word' id='word_1_123' title='bbox 603 1606 734 1662; x_wconf 80' lang='lat' dir='ltr'>Sede</span> <span class='ocrx_word' id='word_1_124' title='bbox 759 1605 983 1660; x_wconf 82' lang='lat' dir='ltr'>tractari</span> <span class='ocrx_word' id='word_1_125' title='bbox 1007 1627 1032 1655; x_wconf 76' lang='lat' dir='ltr'>n</span> <span class='ocrx_word' id='word_1_126' title='bbox 1070 1604 1238 1677; x_wconf 78' lang='lat' dir='ltr'>(apud</span> <span class='ocrx_word' id='word_1_127' title='bbox 1261 1605 1546 1672; x_wconf 80' lang='lat' dir='ltr'>Constant,</span> <span class='ocrx_word' id='word_1_128' title='bbox 1578 1605 1824 1677; x_wconf 64' lang='lat' dir='ltr'>Epistolae</span> <span class='ocrx_word' id='word_1_129' title='bbox 1850 1606 1954 1661; x_wconf 85' lang='lat' dir='ltr'>Ro-</span> 
     </span>
     <span class='ocr_line' id='line_1_20' title="bbox 86 1701 1951 1775; baseline -0.001 -15"><span class='ocrx_word' id='word_1_130' title='bbox 86 1723 355 1761; x_wconf 82' lang='lat' dir='ltr'>manorum</span> <span class='ocrx_word' id='word_1_131' title='bbox 399 1704 738 1773; x_wconf 77' lang='lat' dir='ltr'>Pontificmn,</span> <span class='ocrx_word' id='word_1_132' title='bbox 786 1703 892 1757; x_wconf 89' lang='lat' dir='ltr'>col.</span> <span class='ocrx_word' id='word_1_133' title='bbox 940 1701 1109 1771; x_wconf 74' lang='lat'>1055,</span> <span class='ocrx_word' id='word_1_134' title='bbox 1157 1701 1287 1756; x_wconf 88' lang='lat' dir='ltr'>edit.</span> <span class='ocrx_word' id='word_1_135' title='bbox 1344 1702 1598 1769; x_wconf 71' lang='lat' dir='ltr'>Parisiis,</span> <span class='ocrx_word' id='word_1_136' title='bbox 1652 1703 1840 1775; x_wconf 72' lang='lat'><strong>1721).</strong></span> <span class='ocrx_word' id='word_1_137' title='bbox 1883 1736 1951 1743; x_wconf 92' lang='lat'>—</span> 
     </span>
     <span class='ocr_line' id='line_1_21' title="bbox 86 1798 1960 1874; baseline 0.001 -21"><span class='ocrx_word' id='word_1_138' title='bbox 86 1802 300 1857; x_wconf 88' lang='lat' dir='ltr'>«Nemo</span> <span class='ocrx_word' id='word_1_139' title='bbox 323 1818 568 1873; x_wconf 89' lang='lat' dir='ltr'>unquam</span> <span class='ocrx_word' id='word_1_140' title='bbox 594 1799 892 1874; x_wconf 87' lang='lat' dir='ltr'>apostolico</span> <span class='ocrx_word' id='word_1_141' title='bbox 911 1798 1163 1869; x_wconf 67' lang='lat' dir='ltr'>culn-ini,</span> <span class='ocrx_word' id='word_1_142' title='bbox 1189 1799 1254 1853; x_wconf 85' lang='lat' dir='ltr'>de</span> <span class='ocrx_word' id='word_1_143' title='bbox 1279 1799 1440 1871; x_wconf 85' lang='lat' dir='ltr'>cujus</span> <span class='ocrx_word' id='word_1_144' title='bbox 1461 1799 1673 1872; x_wconf 89' lang='lat' dir='ltr'>jndicio</span> <span class='ocrx_word' id='word_1_145' title='bbox 1696 1817 1805 1854; x_wconf 90' lang='lat' dir='ltr'>non</span> <span class='ocrx_word' id='word_1_146' title='bbox 1832 1801 1960 1856; x_wconf 87' lang='lat' dir='ltr'>licet</span> 
     </span>
     <span class='ocr_line' id='line_1_22' title="bbox 83 1895 1955 1968; baseline 0 -14"><span class='ocrx_word' id='word_1_147' title='bbox 83 1899 390 1968; x_wconf 86' lang='lat' dir='ltr'>retractari,</span> <span class='ocrx_word' id='word_1_148' title='bbox 421 1915 618 1953; x_wconf 88' lang='lat' dir='ltr'>manus</span> <span class='ocrx_word' id='word_1_149' title='bbox 660 1896 844 1951; x_wconf 78' lang='lat' dir='ltr'>obvias</span> <span class='ocrx_word' id='word_1_150' title='bbox 878 1895 1140 1950; x_wconf 79' lang='lat' dir='ltr'>audacter</span> <span class='ocrx_word' id='word_1_151' title='bbox 1177 1895 1386 1962; x_wconf 81' lang='lat' dir='ltr'>intulit3</span> <span class='ocrx_word' id='word_1_152' title='bbox 1436 1914 1596 1951; x_wconf 85' lang='lat' dir='ltr'>nemo</span> <span class='ocrx_word' id='word_1_153' title='bbox 1630 1898 1687 1952; x_wconf 90' lang='lat' dir='ltr'>in</span> <span class='ocrx_word' id='word_1_154' title='bbox 1730 1900 1830 1954; x_wconf 85' lang='lat' dir='ltr'>hoc</span> <span class='ocrx_word' id='word_1_155' title='bbox 1875 1918 1955 1954; x_wconf 74' lang='lat' dir='ltr'>rc-</span> 
     </span>
     <span class='ocr_line' id='line_1_23' title="bbox 83 1993 1951 2069; baseline 0.001 -16"><span class='ocrx_word' id='word_1_156' title='bbox 83 1997 240 2053; x_wconf 78' lang='lat' dir='ltr'>bellis</span> <span class='ocrx_word' id='word_1_157' title='bbox 265 1996 462 2066; x_wconf 87' lang='lat' dir='ltr'>extitit,</span> <span class='ocrx_word' id='word_1_158' title='bbox 490 1994 595 2050; x_wconf 86' lang='lat' dir='ltr'>nisi</span> <span class='ocrx_word' id='word_1_159' title='bbox 623 1994 717 2066; x_wconf 90' lang='lat' dir='ltr'>qni</span> <span class='ocrx_word' id='word_1_160' title='bbox 745 1994 810 2048; x_wconf 90' lang='lat' dir='ltr'>de</span> <span class='ocrx_word' id='word_1_161' title='bbox 837 2010 893 2048; x_wconf 86' lang='lat' dir='ltr'>se</span> <span class='ocrx_word' id='word_1_162' title='bbox 918 1993 1085 2047; x_wconf 82' lang='lat' dir='ltr'>voluit</span> <span class='ocrx_word' id='word_1_163' title='bbox 1108 1993 1391 2065; x_wconf 74' lang='lat' dir='ltr'>judicari»</span> <span class='ocrx_word' id='word_1_164' title='bbox 1425 1995 1606 2063; x_wconf 66' lang='lat' dir='ltr'>(ibid,</span> <span class='ocrx_word' id='word_1_165' title='bbox 1631 1997 1734 2051; x_wconf 83' lang='lat' dir='ltr'>eol.</span> <span class='ocrx_word' id='word_1_166' title='bbox 1762 1998 1951 2069; x_wconf 67' lang='lat'><strong>1042).</strong></span> 
     </span>
     <span class='ocr_line' id='line_1_24' title="bbox 84 2090 1960 2167; baseline 0.001 -19"><span class='ocrx_word' id='word_1_167' title='bbox 84 2094 276 2167; x_wconf 83' lang='lat' dir='ltr'>Igitur,</span> <span class='ocrx_word' id='word_1_168' title='bbox 305 2099 442 2148; x_wconf 86' lang='lat' dir='ltr'>teste</span> <span class='ocrx_word' id='word_1_169' title='bbox 466 2091 736 2146; x_wconf 82' lang='lat' dir='ltr'>Bonisacio</span> <span class='ocrx_word' id='word_1_170' title='bbox 765 2091 807 2159; x_wconf 90' lang='grc' dir='ltr'>Ι,</span> <span class='ocrx_word' id='word_1_171' title='bbox 832 2090 1010 2145; x_wconf 89' lang='lat' dir='ltr'>scelus</span> <span class='ocrx_word' id='word_1_172' title='bbox 1032 2096 1113 2145; x_wconf 88' lang='lat' dir='ltr'>est</span> <span class='ocrx_word' id='word_1_173' title='bbox 1137 2090 1381 2146; x_wconf 84' lang='lat' dir='ltr'>Romano</span> <span class='ocrx_word' id='word_1_174' title='bbox 1401 2092 1644 2147; x_wconf 77' lang='lat' dir='ltr'>Pontifici</span> <span class='ocrx_word' id='word_1_175' title='bbox 1672 2093 1960 2166; x_wconf 83' lang='lat' dir='ltr'>ipsiusque</span> 
     </span>
     <span class='ocr_line' id='line_1_25' title="bbox 86 2186 1959 2258; baseline 0.001 -14"><span class='ocrx_word' id='word_1_176' title='bbox 86 2189 317 2245; x_wconf 82' lang='lat' dir='ltr'>decretis</span> <span class='ocrx_word' id='word_1_177' title='bbox 360 2188 643 2251; x_wconf 87' lang='lat' dir='ltr'>resistere;</span> <span class='ocrx_word' id='word_1_178' title='bbox 685 2193 849 2258; x_wconf 88' lang='lat' dir='ltr'>atque</span> <span class='ocrx_word' id='word_1_179' title='bbox 891 2186 946 2239; x_wconf 91' lang='lat' dir='ltr'>id</span> <span class='ocrx_word' id='word_1_180' title='bbox 986 2204 1202 2258; x_wconf 79' lang='lat' dir='ltr'>semper</span> <span class='ocrx_word' id='word_1_181' title='bbox 1245 2194 1456 2241; x_wconf 81' lang='lat' dir='ltr'>certum</span> <span class='ocrx_word' id='word_1_182' title='bbox 1499 2195 1550 2242; x_wconf 88' lang='lat' dir='ltr'>et</span> <span class='ocrx_word' id='word_1_183' title='bbox 1582 2188 1959 2246; x_wconf 82' lang='lat' dir='ltr'>indubitatum</span> 
     </span>
     <span class='ocr_line' id='line_1_26' title="bbox 0 2282 1962 2360; baseline 0.001 -19"><span class='ocrx_word' id='word_1_184' title='bbox 0 2287 2 2293; x_wconf 75' lang='grc'>’</span> <span class='ocrx_word' id='word_1_185' title='bbox 89 2285 233 2360; x_wconf 89' lang='lat' dir='ltr'>apud</span> <span class='ocrx_word' id='word_1_186' title='bbox 267 2302 455 2339; x_wconf 83' lang='lat' dir='ltr'>omnes</span> <span class='ocrx_word' id='word_1_187' title='bbox 491 2282 787 2337; x_wconf 83' lang='lat' dir='ltr'>catholicos</span> <span class='ocrx_word' id='word_1_188' title='bbox 830 2282 1027 2336; x_wconf 81' lang='lat' dir='ltr'>fuerat.</span> <span class='ocrx_word' id='word_1_189' title='bbox 1060 2282 1223 2336; x_wconf 87' lang='lat' dir='ltr'>Porro</span> <span class='ocrx_word' id='word_1_190' title='bbox 1259 2282 1479 2336; x_wconf 82' lang='lat' dir='ltr'>concilii</span> <span class='ocrx_word' id='word_1_191' title='bbox 1517 2285 1699 2340; x_wconf 86' lang='lat' dir='ltr'>Patres</span> <span class='ocrx_word' id='word_1_192' title='bbox 1736 2286 1831 2356; x_wconf 88' lang='lat' dir='ltr'>qni</span> <span class='ocrx_word' id='word_1_193' title='bbox 1871 2287 1962 2342; x_wconf 85' lang='lat' dir='ltr'>Pa-</span> 
     </span>
     <span class='ocr_line' id='line_1_27' title="bbox 91 2379 1962 2459; baseline 0.001 -20"><span class='ocrx_word' id='word_1_194' title='bbox 91 2403 215 2459; x_wconf 89' lang='lat' dir='ltr'>pam</span> <span class='ocrx_word' id='word_1_195' title='bbox 269 2383 325 2437; x_wconf 89' lang='lat' dir='ltr'>in</span> <span class='ocrx_word' id='word_1_196' title='bbox 369 2381 642 2455; x_wconf 87' lang='lat' dir='ltr'>judicium</span> <span class='ocrx_word' id='word_1_197' title='bbox 685 2397 878 2450; x_wconf 68' lang='lat' dir='ltr'>yecare</span> <span class='ocrx_word' id='word_1_198' title='bbox 926 2398 987 2434; x_wconf 90' lang='lat' dir='ltr'>ac</span> <span class='ocrx_word' id='word_1_199' title='bbox 1029 2379 1302 2453; x_wconf 78' lang='lat' dir='ltr'>deponere</span> <span class='ocrx_word' id='word_1_200' title='bbox 1352 2387 1718 2454; x_wconf 84' lang='lat' dir='ltr'>attentarent,</span> <span class='ocrx_word' id='word_1_201' title='bbox 1770 2388 1962 2458; x_wconf 79' lang='lat' dir='ltr'>procul</span> 
     </span>
     <span class='ocr_line' id='line_1_28' title="bbox 93 2477 1919 2556; baseline 0.002 -19"><span class='ocrx_word' id='word_1_202' title='bbox 93 2482 260 2538; x_wconf 88' lang='lat' dir='ltr'>dubio</span> <span class='ocrx_word' id='word_1_203' title='bbox 296 2480 397 2555; x_wconf 83' lang='lat' dir='ltr'>ipsi</span> <span class='ocrx_word' id='word_1_204' title='bbox 424 2486 476 2534; x_wconf 93' lang='lat' dir='ltr'>et</span> <span class='ocrx_word' id='word_1_205' title='bbox 514 2481 631 2552; x_wconf 89' lang='lat' dir='ltr'>ejus</span> <span class='ocrx_word' id='word_1_206' title='bbox 659 2477 871 2550; x_wconf 88' lang='lat' dir='ltr'>jndicio</span> <span class='ocrx_word' id='word_1_207' title='bbox 902 2478 1238 2534; x_wconf 81' lang='lat' dir='ltr'>resisterent.</span> <span class='ocrx_word' id='word_1_208' title='bbox 1279 2480 1416 2551; x_wconf 78' lang='lat' dir='ltr'>Ergo</span> <span class='ocrx_word' id='word_1_209' title='bbox 1456 2480 1647 2536; x_wconf 83' lang='lat' dir='ltr'>illicite</span> <span class='ocrx_word' id='word_1_210' title='bbox 1673 2494 1919 2556; x_wconf 79' lang='lat' dir='ltr'>agerent.</span> 
     </span>
    </p>

    <p class='ocr_par' dir='ltr' id='par_1_7' title="bbox 46 2575 1975 3423">
     <span class='ocr_line' id='line_1_29' title="bbox 169 2575 1958 2648; baseline 0.002 -12"><span class='ocrx_word' id='word_1_211' title='bbox 169 2581 223 2636; x_wconf 82' lang='lat'>5⁰</span> <span class='ocrx_word' id='word_1_212' title='bbox 267 2580 493 2634; x_wconf 82' lang='lat' dir='ltr'>Sanctus</span> <span class='ocrx_word' id='word_1_213' title='bbox 523 2576 794 2646; x_wconf 86' lang='lat' dir='ltr'>Gelasins,</span> <span class='ocrx_word' id='word_1_214' title='bbox 834 2575 928 2648; x_wconf 90' lang='lat' dir='ltr'>qui</span> <span class='ocrx_word' id='word_1_215' title='bbox 963 2582 1184 2630; x_wconf 85' lang='lat' dir='ltr'>creatus</span> <span class='ocrx_word' id='word_1_216' title='bbox 1221 2582 1300 2632; x_wconf 88' lang='lat' dir='ltr'>est</span> <span class='ocrx_word' id='word_1_217' title='bbox 1339 2577 1583 2635; x_wconf 80' lang='lat' dir='ltr'>Pontifex</span> <span class='ocrx_word' id='word_1_218' title='bbox 1629 2599 1774 2637; x_wconf 84' lang='lat' dir='ltr'>anne</span> <span class='ocrx_word' id='word_1_219' title='bbox 1804 2585 1909 2639; x_wconf 70' lang='lat'>492</span> <span class='ocrx_word' id='word_1_220' title='bbox 1948 2610 1958 2640; x_wconf 73' lang='grc' dir='ltr'>ε</span> 
     </span>
     <span class='ocr_line' id='line_1_30' title="bbox 102 2673 1965 2751; baseline 0.004 -20"><span class='ocrx_word' id='word_1_221' title='bbox 102 2698 129 2736; x_wconf 72' lang='grc' dir='ltr'><strong>α</strong></span> <span class='ocrx_word' id='word_1_222' title='bbox 167 2677 271 2751; x_wconf 88' lang='lat' dir='ltr'>lpsi</span> <span class='ocrx_word' id='word_1_223' title='bbox 324 2682 452 2731; x_wconf 87' lang='lat' dir='ltr'>sunt</span> <span class='ocrx_word' id='word_1_224' title='bbox 503 2692 741 2730; x_wconf 85' lang='lat' dir='ltr'>canones</span> <span class='ocrx_word' id='word_1_225' title='bbox 786 2673 882 2745; x_wconf 90' lang='lat' dir='ltr'>qui</span> <span class='ocrx_word' id='word_1_226' title='bbox 945 2673 1338 2746; x_wconf 82' lang='lat' dir='ltr'>appellationes</span> <span class='ocrx_word' id='word_1_227' title='bbox 1387 2677 1555 2733; x_wconf 87' lang='lat' dir='ltr'>totins</span> <span class='ocrx_word' id='word_1_228' title='bbox 1597 2679 1965 2748; x_wconf 61' lang='lat' dir='ltr'>Ecclesiaead</span> 
     </span>
     <span class='ocr_line' id='line_1_31' title="bbox 98 2769 1966 2850; baseline 0.005 -24"><span class='ocrx_word' id='word_1_229' title='bbox 98 2772 260 2843; x_wconf 86' lang='lat' dir='ltr'>hujus</span> <span class='ocrx_word' id='word_1_230' title='bbox 295 2771 438 2827; x_wconf 86' lang='lat' dir='ltr'>sedis</span> <span class='ocrx_word' id='word_1_231' title='bbox 478 2789 709 2827; x_wconf 87' lang='lat' dir='ltr'>examen</span> <span class='ocrx_word' id='word_1_232' title='bbox 743 2769 965 2825; x_wconf 80' lang='lat' dir='ltr'>volnere</span> <span class='ocrx_word' id='word_1_233' title='bbox 1003 2769 1223 2837; x_wconf 75' lang='lat' dir='ltr'>dese1‘ri;</span> <span class='ocrx_word' id='word_1_234' title='bbox 1268 2773 1335 2826; x_wconf 84' lang='lat' dir='ltr'>ab</span> <span class='ocrx_word' id='word_1_235' title='bbox 1371 2772 1487 2846; x_wconf 87' lang='lat' dir='ltr'>ipsa</span> <span class='ocrx_word' id='word_1_236' title='bbox 1523 2793 1648 2830; x_wconf 76' lang='lat' dir='ltr'>vere</span> <span class='ocrx_word' id='word_1_237' title='bbox 1691 2795 1966 2850; x_wconf 84' lang='lat' dir='ltr'>nusquam</span> 
     </span>
     <span class='ocr_line' id='line_1_32' title="bbox 101 2866 1967 2942; baseline 0.006 -22"><span class='ocrx_word' id='word_1_238' title='bbox 101 2883 327 2940; x_wconf 86' lang='lat' dir='ltr'>prorsus</span> <span class='ocrx_word' id='word_1_239' title='bbox 357 2866 619 2940; x_wconf 86' lang='lat' dir='ltr'>appellari</span> <span class='ocrx_word' id='word_1_240' title='bbox 645 2866 843 2922; x_wconf 87' lang='lat' dir='ltr'>debere</span> <span class='ocrx_word' id='word_1_241' title='bbox 867 2872 1189 2922; x_wconf 80' lang='lat' dir='ltr'>sanxerunt.</span> <span class='ocrx_word' id='word_1_242' title='bbox 1215 2867 1286 2921; x_wconf 84' lang='lat' dir='ltr'>Ac</span> <span class='ocrx_word' id='word_1_243' title='bbox 1311 2887 1408 2942; x_wconf 87' lang='lat' dir='ltr'>per</span> <span class='ocrx_word' id='word_1_244' title='bbox 1436 2871 1557 2939; x_wconf 82' lang='lat' dir='ltr'>hoe,</span> <span class='ocrx_word' id='word_1_245' title='bbox 1586 2871 1739 2927; x_wconf 88' lang='lat' dir='ltr'>illam</span> <span class='ocrx_word' id='word_1_246' title='bbox 1767 2874 1831 2928; x_wconf 89' lang='lat' dir='ltr'>de</span> <span class='ocrx_word' id='word_1_247' title='bbox 1854 2881 1967 2932; x_wconf 85' lang='lat' dir='ltr'>teta</span> 
     </span>
     <span class='ocr_line' id='line_1_33' title="bbox 103 2962 1970 3038; baseline 0.006 -21"><span class='ocrx_word' id='word_1_248' title='bbox 103 2962 336 3017; x_wconf 84' lang='lat' dir='ltr'>Ecclesia</span> <span class='ocrx_word' id='word_1_249' title='bbox 356 2962 625 3035; x_wconf 80' lang='lat' dir='ltr'>judicare,</span> <span class='ocrx_word' id='word_1_250' title='bbox 658 2965 823 3035; x_wconf 71' lang='lat' dir='ltr'>ipsam</span> <span class='ocrx_word' id='word_1_251' title='bbox 857 2965 926 3019; x_wconf 84' lang='lat' dir='ltr'>acl</span> <span class='ocrx_word' id='word_1_252' title='bbox 960 2963 1153 3019; x_wconf 75' lang='lat' dir='ltr'>nullius</span> <span class='ocrx_word' id='word_1_253' title='bbox 1182 2983 1469 3031; x_wconf 80' lang='lat' dir='ltr'>commeare</span> <span class='ocrx_word' id='word_1_254' title='bbox 1495 2969 1816 3038; x_wconf 77' lang='lat' dir='ltr'>judicium...</span> <span class='ocrx_word' id='word_1_255' title='bbox 1854 2973 1970 3029; x_wconf 79' lang='lat' dir='ltr'>Non</span> 
     </span>
     <span class='ocr_line' id='line_1_34' title="bbox 46 3045 1972 3138; baseline 0.007 -24"><span class='ocrx_word' id='word_1_256' title='bbox 46 3056 52 3063; x_wconf 79' lang='grc'><strong>’</strong></span> <span class='ocrx_word' id='word_1_257' title='bbox 105 3076 358 3114; x_wconf 60' lang='lat' dir='ltr'>veremur</span> <span class='ocrx_word' id='word_1_258' title='bbox 405 3045 474 3114; x_wconf 80' lang='lat' dir='ltr'>ne</span> <span class='ocrx_word' id='word_1_259' title='bbox 518 3059 810 3133; x_wconf 87' lang='lat' dir='ltr'>apostolica</span> <span class='ocrx_word' id='word_1_260' title='bbox 857 3061 1130 3116; x_wconf 88' lang='lat' dir='ltr'>sententia</span> <span class='ocrx_word' id='word_1_261' title='bbox 1179 3063 1503 3132; x_wconf 74' lang='lat' dir='ltr'>resolvatur,</span> <span class='ocrx_word' id='word_1_262' title='bbox 1551 3085 1716 3138; x_wconf 87' lang='lat' dir='ltr'>qnam</span> <span class='ocrx_word' id='word_1_263' title='bbox 1773 3075 1825 3124; x_wconf 87' lang='lat' dir='ltr'>et</span> <span class='ocrx_word' id='word_1_264' title='bbox 1869 3091 1972 3127; x_wconf 74' lang='lat' dir='ltr'>vox</span> 
     </span>
     <span class='ocr_line' id='line_1_35' title="bbox 107 3155 1975 3239; baseline 0.007 -28"><span class='ocrx_word' id='word_1_265' title='bbox 107 3155 330 3224; x_wconf 82' lang='lat' dir='ltr'>Christi,</span> <span class='ocrx_word' id='word_1_266' title='bbox 353 3161 404 3210; x_wconf 85' lang='lat' dir='ltr'>et</span> <span class='ocrx_word' id='word_1_267' title='bbox 431 3156 702 3227; x_wconf 86' lang='lat' dir='ltr'>majorum</span> <span class='ocrx_word' id='word_1_268' title='bbox 730 3156 975 3224; x_wconf 80' lang='lat' dir='ltr'>uaditio,</span> <span class='ocrx_word' id='word_1_269' title='bbox 1005 3164 1055 3212; x_wconf 88' lang='lat' dir='ltr'>et</span> <span class='ocrx_word' id='word_1_270' title='bbox 1080 3174 1370 3214; x_wconf 87' lang='lat' dir='ltr'>canonum</span> <span class='ocrx_word' id='word_1_271' title='bbox 1382 3161 1534 3217; x_wconf 78' lang='lat' dir='ltr'>fulcit</span> <span class='ocrx_word' id='word_1_272' title='bbox 1561 3166 1881 3239; x_wconf 85' lang='lat' dir='ltr'>anct01itas,</span> <span class='ocrx_word' id='word_1_273' title='bbox 1913 3179 1975 3228; x_wconf 90' lang='lat' dir='ltr'>ut</span> 
     </span>
     <span class='ocr_line' id='line_1_36' title="bbox 112 3254 1968 3341; baseline 0.008 -32"><span class='ocrx_word' id='word_1_274' title='bbox 112 3262 270 3309; x_wconf 84' lang='lat' dir='ltr'>totam</span> <span class='ocrx_word' id='word_1_275' title='bbox 302 3255 473 3325; x_wconf 77' lang='lat' dir='ltr'>potius</span> <span class='ocrx_word' id='word_1_276' title='bbox 500 3254 782 3309; x_wconf 65' lang='lat' dir='ltr'>Ecclesiam</span> <span class='ocrx_word' id='word_1_277' title='bbox 819 3271 1036 3327; x_wconf 88' lang='lat' dir='ltr'>semper</span> <span class='ocrx_word' id='word_1_278' title='bbox 1068 3254 1186 3328; x_wconf 89' lang='lat' dir='ltr'>ipsa</span> <span class='ocrx_word' id='word_1_279' title='bbox 1213 3255 1522 3330; x_wconf 83' lang='lat' dir='ltr'>dijudicet»</span> <span class='ocrx_word' id='word_1_280' title='bbox 1558 3261 1774 3335; x_wconf 87' lang='lat' dir='ltr'>(Labbe,</span> <span class='ocrx_word' id='word_1_281' title='bbox 1805 3273 1848 3322; x_wconf 86' lang='lat' dir='ltr'>t</span> <span class='ocrx_word' id='word_1_282' title='bbox 1886 3267 1968 3341; x_wconf 86' lang='lat' dir='ltr'>lv,</span> 
     </span>
     <span class='ocr_line' id='line_1_37' title="bbox 108 3349 1070 3440; baseline -0.002 -34"><span class='ocrx_word' id='word_1_283' title='bbox 108 3351 215 3406; x_wconf 88' lang='lat' dir='ltr'>col.</span> <span class='ocrx_word' id='word_1_284' title='bbox 250 3350 415 3420; x_wconf 83' lang='grc'>1168,</span> <span class='ocrx_word' id='word_1_285' title='bbox 438 3349 573 3440; x_wconf 60' lang='lat' dir='ltr'>edit2</span> <span class='ocrx_word' id='word_1_286' title='bbox 600 3349 841 3418; x_wconf 77' lang='lat' dir='ltr'>Pmisiis,</span> <span class='ocrx_word' id='word_1_287' title='bbox 881 3350 1070 3423; x_wconf 85' lang='grc'><strong>1671).</strong></span> 
     </span>
    </p>

    <p class='ocr_par' dir='ltr' id='par_1_8' title="bbox 190 3430 1974 3536">
     <span class='ocr_line' id='line_1_38' title="bbox 190 3430 1974 3536; baseline 0.006 -37"><span class='ocrx_word' id='word_1_288' title='bbox 190 3449 438 3505; x_wconf 86' lang='lat' dir='ltr'>«Cuncta</span> <span class='ocrx_word' id='word_1_289' title='bbox 473 3430 573 3523; x_wconf 67' lang='lat' dir='ltr'>per=</span> <span class='ocrx_word' id='word_1_290' title='bbox 610 3449 880 3504; x_wconf 89' lang='lat' dir='ltr'>mundum</span> <span class='ocrx_word' id='word_1_291' title='bbox 927 3448 1072 3504; x_wconf 86' lang='lat' dir='ltr'>novit</span> <span class='ocrx_word' id='word_1_292' title='bbox 1111 3449 1371 3522; x_wconf 89' lang='lat' dir='ltr'>Ecclesia,</span> <span class='ocrx_word' id='word_1_293' title='bbox 1412 3456 1669 3528; x_wconf 88' lang='lat' dir='ltr'>qnoniam</span> <span class='ocrx_word' id='word_1_294' title='bbox 1714 3475 1974 3536; x_wconf 75' lang='lat' dir='ltr'>quorum-</span> 
     </span>
    </p>
   </div>
   <div class='ocr_carea' id='block_1_6' title="bbox 113 3547 1991 3638">
    <p class='ocr_par' dir='ltr' id='par_1_9' title="bbox 113 3547 1991 3638">
     <span class='ocr_line' id='line_1_39' title="bbox 113 3547 1991 3638; baseline 0.008 -35"><span class='ocrx_word' id='word_1_295' title='bbox 113 3547 242 3603; x_wconf 83' lang='lat' dir='ltr'>libet</span> <span class='ocrx_word' id='word_1_296' title='bbox 293 3547 578 3604; x_wconf 86' lang='lat' dir='ltr'>sententiis</span> <span class='ocrx_word' id='word_1_297' title='bbox 619 3547 785 3621; x_wconf 80' lang='lat' dir='ltr'>ligata</span> <span class='ocrx_word' id='word_1_298' title='bbox 823 3547 1147 3604; x_wconf 84' lang='lat' dir='ltr'>Pontificum</span> <span class='ocrx_word' id='word_1_299' title='bbox 1186 3549 1351 3607; x_wconf 79' lang='lat' dir='ltr'>Sedes</span> <span class='ocrx_word' id='word_1_300' title='bbox 1386 3551 1531 3610; x_wconf 88' lang='lat' dir='ltr'>beati</span> <span class='ocrx_word' id='word_1_301' title='bbox 1565 3557 1705 3615; x_wconf 88' lang='lat' dir='ltr'>Petri</span> <span class='ocrx_word' id='word_1_302' title='bbox 1745 3568 1991 3638; x_wconf 77' lang='lat' dir='ltr'>apostoli·</span> 
     </span>
    </p>
   </div>
   <div class='ocr_carea' id='block_1_7' title="bbox 0 0 98 3990">
    <p class='ocr_par' dir='ltr' id='par_1_10' title="bbox 0 0 98 3990">
     <span class='ocr_line' id='line_1_40' title="bbox 0 0 98 3990; baseline 0 0"><span class='ocrx_word' id='word_1_303' title='bbox 0 0 98 3990; x_wconf 95' lang='lat' dir='ltr'> </span> 
     </span>
    </p>
   </div>
  </div>
 </body>
</html>
