2262 3990
840 198 969 247 PARS
995 195 1233 244 SECUNDA.
1893 191 1979 241 589

105 327 224 371 cam
253 309 447 366 Sedem
470 308 558 364 vix
591 324 653 363 ac
677 324 747 363 ne
771 306 859 362 vix
884 301 1112 377 quidem
1149 297 1400 356 decebat.
1446 295 1551 353 Sed
1584 295 1763 352 multo
1792 294 1972 370 magis

104 414 375 481 repugnat
425 409 761 478 usurpatum
797 402 864 457 ab
893 418 956 456 eo
992 397 1166 454 fuisse
1195 397 1588 468 argumentum
1630 409 1762 448 cum
1798 391 1966 448 citata

108 503 379 567 formula3
412 502 485 558 ita
527 507 610 568 ut,
654 499 886 567 scilicet,
917 497 975 552 in
1033 512 1097 551 eo
1144 493 1263 568 ipso
1302 490 1553 567 epistolae
1599 490 1720 547 loco
1762 489 1859 546 uhi
1889 488 1982 547 de·

109 602 284 659 cernit
310 601 589 658 venientes
622 598 690 654 ab
738 594 933 652 haeresi
962 590 1321 667 baptizandos
1367 607 1479 646 non
1523 606 1666 660 esse,
1721 587 1886 644 istam
1924 590 1979 645 et

113 717 222 755 non
267 697 433 754 aliam
469 692 675 750 decreti
725 689 813 746 sui
857 681 1132 744 rationem
1174 692 1227 742 et
1259 685 1644 742 auctoritatem
1691 683 1976 769 proferat:

111 797 238 854 Cum
267 795 363 867 ipsi
391 791 611 847 haeretici
637 788 703 843 ad
729 804 787 841 se
806 787 1069 840 venientes
1092 801 1197 838 non
1235 784 1512 855 baptizent.
1545 782 1672 838 Esto
1698 787 1824 855 post
1849 780 1983 837 alias

110 889 454 965 probationes
494 882 691 940 adduci
728 880 895 937 etiam
929 878 1282 950 aliquatenus
1319 876 1564 950 potuerit
1595 878 1983 934 haereticorum

108 984 313 1058 praxiS.
342 983 436 1036 Ast
466 996 587 1035 eam
621 975 894 1032 rationem
927 991 1037 1028 non
1073 972 1398 1046 protulisset
1429 972 1625 1027 saltem
1668 960 1982 1046 Stephanus

109 1089 168 1136 ut
190 1078 539 1153 praecipuam.
560 1077 701 1130 Dum
731 1079 915 1129 autem
940 1071 997 1125 in
1022 1089 1083 1126 eo
1109 1070 1492 1143 epistolaeloco
1511 1069 1811 1125 adducitur
1843 1071 1981 1141 sola,

105 1173 329 1250 perinde
356 1178 437 1229 est
462 1191 523 1227 ac
549 1171 595 1227 si
625 1175 891 1242 tanquam
920 1167 1199 1241 praecipua
1226 1167 1601 1223 invocaretur.

181 1272 236 1327 5⁰
269 1272 636 1345 Imposturam
666 1268 850 1343 prodit
887 1266 1122 1322 assertio
1162 1266 1298 1335 haee,
1337 1266 1567 1321 haeretici
1597 1266 1664 1320 acl
1691 1284 1747 1321 se
1775 1267 1982 1321 venien-

109 1379 183 1427 tes
222 1388 321 1425 non
364 1371 645 1442 baptizant.
685 1367 822 1422 Nam
866 1371 1088 1422 econtra
1128 1364 1370 1420 haeretici
1412 1371 1547 1420 tunc
1586 1365 1854 1438 temporis
1903 1382 1988 1421 re-

107 1466 476 1540 baptizabant,
512 1481 614 1518 nec
655 1462 831 1536 potuit
871 1461 1184 1535 Stephanus
1217 1477 1410 1516 eorum
1451 1460 1665 1534 praxim
1699 1460 1984 1532 ignorare.

106 1561 528 1634 Rebaptizabant
568 1558 914 1625 Marcionitae,
973 1557 1041 1612 de
1093 1556 1298 1629 quibus
1349 1557 1428 1611 sic
1477 1562 1715 1612 testatur
1752 1562 1983 1612 sanctus

106 1656 439 1731 Epiphanius
479 1656 674 1711 haeresi
714 1674 844 1709 xm:
879 1654 1142 1726 Baptismo
1176 1671 1278 1707 non
1311 1651 1493 1719 semel,
1535 1654 1625 1707 sed
1659 1655 1805 1708 tertio
1844 1653 1983 1724 apud

109 1753 223 1808 illos
264 1756 558 1808 initicmtm:
595 1753 730 1807 Item
768 1749 1039 1824 baptisma
1078 1749 1355 1804 iterabant
1388 1748 1779 1815 Valentiniani,
1817 1752 1983 1822 prout

109 1849 292 1906 edocet
334 1856 559 1904 sanctus
597 1848 963 1921 Hieronymus
1009 1846 1098 1919 (ad
1136 1845 1427 1919 epistolam
1467 1844 1535 1899 ad
1575 1844 1859 1918 EphesiOS‚
1895 1863 1984 1900 ca-

110 1947 219 2022 pite
256 1948 345 2019 ιν).
388 1947 488 2011 Qui
522 1965 620 2020 pro
650 1944 890 2019 genuina
934 1944 1134 1999 habent
1173 1942 1467 2016 epistolam
1506 1941 1761 2015 Cypriani
1794 1941 1863 1997 ad
1889 1941 1982 1997 Ju-

111 2043 390 2110 baianum‚
418 2042 709 2097 admittere
735 2040 942 2114 pariter
975 2040 1170 2097 debent
1207 2038 1451 2111 viguisse
1480 2037 1627 2111 apud
1658 2037 1984 2094 Novatianos

113 2138 482 2210 rebaptizandi
512 2137 746 2210 praxim.
776 2137 835 2189 In
869 2155 930 2191 ea
966 2136 1241 2206 siquidem
1279 2134 1511 2207 epistola
1538 2133 1615 2187 sic
1642 2134 1877 2206 loquens
1904 2135 1986 2190 in-

115 2231 335 2285 ducitur
362 2239 581 2286 sanctus
611 2231 943 2302 Cyprianus:
975 2230 1079 2285 Nec
1115 2248 1204 2283 nos
1239 2238 1428 2296 movet,
1469 2231 1637 2300 frater
1662 2231 1982 2301 charissime,

115 2319 248 2398 qu'od
272 2328 318 2379 in
345 2326 530 2380 litteris
561 2329 659 2379 tuis
686 2325 982 2396 complexus
1013 2345 1088 2394 ee,
1114 2325 1511 2382 Novatianenses
1546 2327 1869 2398 rebaptizare
1890 2345 1977 2382 eos

115 2441 238 2494 quos
280 2442 310 2478 a
345 2425 486 2478 nobis
530 2423 829 2478 sollicitant.
873 2423 990 2478 Jam
1031 2440 1157 2478 vero
1195 2423 1466 2495 ejusmodi
1514 2423 1658 2496 apud
1700 2424 1983 2481 haereticos

114 2521 380 2592 vigentem
405 2521 776 2594 rebaptizandi
799 2520 1009 2594 praxim
1038 2520 1290 2592 ignorare
1324 2539 1433 2576 non
1461 2521 1640 2595 potuit
1666 2520 1978 2593 Stephanus

109 2615 277 2690 Papa;
327 2617 630 2690 praesertim
677 2616 855 2690 quoad
901 2617 1226 2672 Novatianos
1271 2617 1366 2689 qui
1409 2618 1740 2691 praecipuam
1781 2616 1977 2673 Sedem

109 2713 290 2768 Romae
315 2715 647 2770 habuerunt.
680 2714 816 2786 Ergo
840 2714 1075 2788 supponi
1106 2722 1387 2776 nequeunt
1413 2733 1441 2770 a
1466 2714 1740 2788 Stephano
1767 2715 1976 2791 scripta

114 2811 274 2865 verba
303 2811 446 2868 haec:
481 2813 721 2868 Haeretici
751 2814 820 2868 ad
849 2832 904 2868 se
929 2816 1184 2868 venientes
1221 2832 1323 2869 non
1353 2815 1640 2886 baptizant.

186 2904 335 2967 Quod
375 2907 420 2960 si
463 2908 751 2979 objiciatur
791 2927 901 2964 non
944 2909 1200 2966 debuisse
1237 2928 1267 2965 a
1305 2910 1463 2965 nobis
1500 2910 1557 2964 in
1594 2910 1975 2982 probationem

114 2999 309 3055 adduci
358 3001 644 3073 epistolam
693 3004 942 3077 Cypriani
991 3005 1058 3060 ad
1106 3006 1468 3073 Jubaianum‚
1497 2989 1803 3076 'siquidem
1854 3021 1977 3059 eam

117 3096 361 3169 spuriam
410 3097 809 3167 existimamus,
856 3101 1297 3173 respondemus:
1342 3102 1470 3174 jure
1518 3101 1669 3154 illam
1711 3117 1976 3171 urgemus

117 3199 377 3265 tanquam
407 3204 759 3263 arywnemum
799 3197 865 3251 acl
907 3197 1181 3253 hominem.
1217 3201 1316 3254 Vos
1361 3216 1559 3270 nempe
1598 3196 1753 3251 illam
1789 3196 1980 3269 genui-

118 3306 243 3343 nam
288 3290 599 3344 desenditiS.
639 3291 774 3363 Ergo
805 3292 1085 3348 decretum
1120 3294 1381 3367 Stephani
1423 3302 1689 3364 tanquam
1732 3292 1983 3366 spurium

117 3383 342 3455 rejicere
369 3384 593 3439 debetis,
627 3387 758 3440 (jum
795 3406 991 3462 nempe
1021 3389 1130 3444 duo
1152 3390 1265 3445 haec
1291 3390 1617 3446 documenta
1647 3389 1753 3446 sibi
1790 3397 1972 3464 aperte

118 3481 513 3551 contradicant,
544 3481 874 3539 alterutrum
900 3484 1094 3540 saltem
1120 3485 1413 3542 confictum
1445 3486 1727 3543 fateamini
1754 3503 1978 3545 necesse

119 3582 219 3633 est.
241 3578 347 3634 Nos
374 3586 669 3652 utrumque
695 3582 956 3655 spurium·
974 3575 1292 3657 probamus.
