2306 4010
840 216 964 265 PARS
994 212 1232 261 SECUNDA.
1893 211 1982 260 523

102 324 246 382 dam.
278 326 399 381 Jam
426 340 550 380 vero
576 323 663 379 his
694 323 974 381 stantibus
1011 316 1474 389 circumstantiis,
1518 316 1788 374 nimirum
1823 321 1979 373 antc-

104 443 269 498 quam
320 424 388 479 ad
426 441 651 480 sensum
694 420 1191 479 monothelitarum
1246 416 1460 475 redacta
1508 416 1706 474 fuisset
1755 415 1982 473 locutio-

106 523 192 579 nis
231 523 297 578 de
320 540 424 578 una
461 521 518 577 in
543 520 756 578 Christo
787 522 998 592 eneryia
1040 516 1392 591 significatio,
1425 515 1608 591 potuit
1634 515 1845 588 absque
1867 514 1982 571 ullo

105 638 291 677 errore
312 617 608 685 HonoriuS,
634 615 814 691 potuit
840 615 1079 687 quilibet
1103 613 1273 681 alius»,
1301 630 1530 670 censere
1561 630 1626 669 ac
1657 612 1841 669 dicere
1863 633 1876 667 ι
1898 612 1983 669 Ad

106 719 350 789 domnam
373 715 715 770 ecclesiastica
737 712 1048 766 trahendum
1072 727 1175 765 non
1195 728 1308 766 esse
1323 712 1433 767 sive
1456 713 1608 767 unius
1628 713 1738 767 sive
1757 710 1984 785 duplicis

106 811 319 883 enerqiae
333 809 651 871 vocabulum
667 806 724 860 id
741 812 846 874 est,
859 823 972 860 non
988 822 1111 860 esse
1124 822 1224 879 pro
1240 806 1499 862 haeretico
1515 807 1832 864 habendum
1843 850 1858 877 ,
1871 807 1986 863 sive

109 905 203 980 qui
218 919 386 960 unam
401 900 515 956 sive
535 899 640 972 qui,
653 898 930 973 duplicem
955 904 1191 972 ἐνεργείαν
1225 907 1516 956 assereret.
1546 901 1604 956 Id
1629 908 1766 957 tunc
1789 921 1983 959 verum

116 1004 218 1061 l'uit
241 1003 306 1058 de
328 1001 429 1058 ista
456 997 754 1066 locutione,
787 997 931 1052 sicut
957 996 1124 1052 hodie
1144 1014 1340 1052 verum
1369 1003 1450 1052 est
1482 997 1550 1054 de
1577 1000 1825 1072 qualibet
1854 1002 1983 1071 alia,

119 1100 270 1174 cujus
289 1113 477 1154 sensus
503 1094 683 1149 adhuc
703 1093 951 1148 incertus
971 1098 1074 1162 est,
1104 1092 1178 1147 ita
1202 1098 1265 1148 ut
1291 1091 1442 1148 varie
1464 1111 1494 1148 a
1518 1094 1687 1150 variis
1714 1095 1988 1170 intelliga-

116 1203 224 1265 tur,
248 1199 300 1250 et
331 1191 699 1249 orthodoxum
732 1208 958 1246 sensum
997 1208 1108 1246 non
1135 1189 1412 1246 excludat.
1440 1189 1726 1263 Ejusmodi
1755 1191 1986 1248 locutio-

113 1291 271 1348 nibus
300 1295 458 1346 utens
485 1307 775 1363 perperam
806 1289 1074 1344 haereseos
1108 1290 1485 1343 accusaretur.
1515 1288 1573 1343 In
1609 1289 1712 1345 hoc
1745 1306 1874 1362 ergo
1902 1307 1988 1344 er-

115 1393 235 1446 rant
260 1386 556 1443 adversarii
576 1385 719 1458 quod
746 1390 1062 1459 supponant
1088 1384 1155 1439 ab
1184 1383 1420 1439 Honorio
1448 1384 1787 1441 intellectam
1814 1386 1989 1442 fuisse

115 1487 258 1542 unius
289 1485 507 1555 eneryiae
531 1482 867 1538 locutionem
890 1481 1050 1555 juxta
1086 1480 1244 1536 illum
1290 1481 1725 1537 determinatum
1762 1501 1985 1538 sensum

91 1582 208 1657 'qui
243 1583 386 1640 solus
415 1583 581 1657 paulo
607 1587 728 1656 post
753 1581 802 1636 ei
834 1581 1072 1648 inlizesit,
1119 1580 1502 1636 monothelitis
1544 1588 1787 1637 mentem
1825 1600 1986 1638 suam

117 1680 252 1737 clarc
277 1679 666 1755 pandentibus,
701 1679 954 1734 Nondum
988 1680 1102 1734 haec
1148 1678 1455 1751 contigerat
1492 1697 1690 1735 sensus
1726 1679 1986 1736 determi-

114 1775 273 1832 natio.
312 1774 577 1848 Loquitur
609 1774 840 1849 proinde
879 1775 1151 1831 Honorius
1191 1775 1256 1830 de
1307 1776 1586 1831 locutione
1626 1779 1782 1832 unius
1819 1783 1871 1832 et
1900 1778 1988 1831 (Iu-

108 1874 253 1948 plicis
291 1878 532 1946 eneryiae,
569 1880 728 1947 prout
756 1874 985 1929 sonabat
1021 1873 1179 1928 initio
1213 1874 1623 1930 controversi-te.
1662 1874 1803 1930 Nova
1842 1883 1982 1944 erat,

114 1989 210 2028 nec
231 1979 377 2028 certo
407 1972 591 2040 unico,
623 1971 717 2027 sed
745 1970 895 2026 vario
923 1989 951 2026 a
986 1970 1155 2025 variis
1182 1988 1347 2026 sensu
1388 1978 1655 2046 usurpata
1691 1973 1986 2030 circumse-

115 2068 351 2126 rebatur.
391 2069 808 2143 Logomachiam
844 2087 965 2124 eam
1027 2069 1256 2124 vocabat
1291 2069 1548 2142 Sergius3
1582 2088 1684 2126 nec
1719 2072 1861 2127 forte
1896 2091 1986 2128 su-

118 2165 420 2239 spicabatur
436 2166 706 2222 Honorius
733 2184 831 2240 per
848 2168 1053 2221 unicam
1087 2168 1347 2238 enerqiam
1370 2166 1583 2223 intendi
1610 2187 1639 2223 a
1669 2169 1982 2239 nonnullis,

114 2261 191 2331 (id
232 2270 330 2331 est,
377 2265 442 2320 ab
471 2263 539 2320 iis
579 2263 850 2320 hau·eticis
901 2263 996 2336 qui
1028 2268 1213 2336 postea
1244 2265 1621 2320 monothelitae
1659 2267 1981 2337 dicti'suntv)

119 2358 363 2415 humanae
384 2360 439 2415 in
468 2362 677 2418 Christo
712 2361 1010 2417 voluntatis
1054 2361 1423 2432 negationem.
1456 2361 1573 2417 Non
1603 2381 1731 2435 ergo
1766 2366 1984 2422 errabat

118 2453 379 2512 llonorius
407 2457 651 2530 dicendO,
686 2461 826 2515 hanc
850 2458 1209 2527 locutionem,
1244 2459 1322 2514 sic
1345 2476 1401 2514 se
1430 2466 1564 2515 tunc
1589 2460 1906 2534 habentem,
1929 2464 1984 2518 id

114 2557 213 2621 est,
251 2554 557 2626 ambiguam
582 2563 633 2612 et
672 2556 1063 2630 multipliciter
1089 2562 1402 2628 sonantem,
1434 2575 1544 2613 non
1589 2576 1708 2615 esse
1740 2560 1808 2615 ad
1851 2560 1982 2634 dog-

110 2656 252 2705 mata
281 2654 623 2710 trahendam.

179 2747 438 2820 Equidem
480 2753 640 2824 paulo
683 2759 829 2826 post,
869 2758 1089 2806 mortuo
1128 2751 1243 2823 jam
1290 2751 1551 2825 llonorio,
1597 2753 1760 2828 plane
1804 2757 1982 2831 patuit

108 2859 214 2911 quo
236 2861 397 2899 sensu
418 2848 790 2904 monothelitae
811 2848 1015 2904 dictam
1041 2851 1195 2903 unius
1214 2851 1432 2921 eneryiae
1455 2850 1793 2909 locutionem
1817 2872 1980 2910 usur-

111 2944 302 3008 parent
326 2946 379 2993 et
407 2940 796 3013 intelligerent.
829 2946 1028 3018 Aperte
1064 2947 1271 3003 scilicet
1298 2947 1740 3020 dogmatizarunt
1767 2952 1981 3006 nullam

113 3033 166 3086 in
208 3033 421 3089 Christo
463 3053 581 3092 6556
615 3039 951 3096 voluntatem
991 3045 1316 3111 humanam,
1359 3047 1453 3101 sed
1496 3047 1739 3102 divinam
1774 3048 1983 3102 solum-

113 3130 294 3184 modo.
327 3131 399 3184 Ex
427 3138 556 3187 tunc
580 3136 804 3191 omnino
831 3139 1232 3196 determinatus
1257 3142 1430 3197 evasit
1457 3160 1655 3198 sensus
1688 3144 1982 3201 locutionis

113 3226 259 3278 unius
288 3231 338 3279 et
369 3227 582 3298 duplicis
618 3231 838 3299 eneryiae
861 3248 956 3285 seu
1000 3234 1370 3305 operationis;
1416 3255 1517 3291 nec
1558 3238 1827 3310 potuisset
1865 3240 1979 3313 jam

112 3318 379 3375 Honorius
408 3321 613 3394 absque
645 3339 828 3377 errore
852 3323 1056 3392 dicere,
1092 3333 1347 3383 neutram
1379 3329 1718 3388 locutionem
1750 3336 1819 3391 ad
1849 3337 1980 3412 dog-

110 3425 256 3474 mata
289 3438 407 3474 6556
442 3418 781 3475 trahendam.
821 3419 921 3474 Sed
960 3438 1086 3475 cum
1125 3423 1228 3477 hoc
1258 3424 1458 3482 dixerit
1484 3435 1611 3485 ante
1645 3432 1979 3493 determina-

113 3520 226 3568 tum
269 3516 367 3570 hoc
407 3515 568 3570 modo
609 3514 902 3569 locutionis
936 3532 1185 3583 sensum,
1230 3518 1439 3592 absque
1475 3523 1586 3580 ullo
1612 3545 1796 3587 errore
1820 3532 1977 3591 dixit.

185 3609 729 3684 ObjicieS.—E1¹1·avit
759 3610 952 3666 saltem
993 3610 1225 3669 dicendo
1250 3621 1630 3686 grammaticis
1666 3626 1987 3703 relinquen·
