2262 3990
833 141 962 191 PARS
991 139 1230 189 SECUNDA.
1883 138 1975 187 425

96 247 265 305 bianae
293 244 528 301 historice
556 260 668 299 esse
697 244 1068 318 apocrypham.
1086 274 1157 283 —
1182 240 1235 296 1⁰
1259 237 1315 295 Si
1348 237 1609 312 legantur
1646 255 1760 295 uno
1789 244 1975 298 tractu

95 347 263 418 caput
287 339 592 399 secundum
613 346 666 396 et
690 346 858 416 caput
874 345 1159 415 quartum,
1181 335 1387 394 omisso
1412 334 1600 407 tertio,
1619 353 1732 394 non
1754 341 1975 396 tantum

98 437 364 498 orationis
386 437 558 494 series
574 436 727 493 nulla
753 434 1144 493 incohaerentia
1178 430 1630 507 interrumpitur,
1656 433 1753 491 sed
1778 433 1979 491 melius

98 553 226 592 cum
274 533 502 607 reliquis
549 532 801 607 quadrat.
845 531 1000 596 Quod
1045 537 1107 588 ut
1147 534 1499 606 compertum
1546 530 1747 587 habeat
1782 530 1978 600 lector,

101 638 225 708 post
279 630 541 687 ultimum
593 629 789 704 capitis
835 627 1067 686 secundi
1095 625 1374 698 'verbum‚
1424 627 1722 702 subjungat
1772 629 1984 703 primas

99 729 298 804 capitis
323 728 508 802 quarti
534 744 715 793 voceS‚
748 731 801 781 et
829 725 1036 782 videbit
1062 725 1403 781 narrationis
1432 725 1591 782 filum
1623 726 1833 802 optime
1856 744 1983 802 pro·

98 828 313 886 cedere.
351 826 541 882 Melius
580 824 811 896 insuper
841 823 1081 878 cohaeret
1111 840 1240 878 cum
1272 823 1453 879 citatis
1487 824 1733 902 Dionysii
1757 826 1981 883 litteris,

94 924 231 981 Nam
245 922 554 999 Dionysius,
572 920 723 976 Xisto
735 919 981 974 Romano
995 918 1246 974 Pontifici
1274 919 1522 1000 scribens
1553 938 1616 976 ac
1633 921 1874 979 breviter
1897 941 1984 979 re-

96 1037 328 1079 censens
361 1018 494 1091 quid
523 1017 592 1074 de
634 1016 938 1091 quaestione
984 1016 1338 1091 baptismatis
1388 1017 1680 1090 contigerit
1717 1021 1823 1076 sub
1866 1019 1986 1094 ejus

90 1114 777 1192 praedecessoreStephano
795 1114 958 1188 Papa,
979 1114 1147 1170 refert
1170 1114 1407 1188 scriptas
1428 1132 1458 1169 a
1473 1113 1750 1188 Stephano
1768 1118 1986 1174 litteras

91 1214 157 1270 de
195 1213 386 1269 Heleno
426 1220 476 1268 et
516 1213 579 1267 de
610 1211 655 1267 F
658 1213 939 1281 irmilianO,
987 1213 1051 1268 cle
1094 1215 1324 1269 omnibus
1360 1214 1582 1285 denique
1625 1216 1987 1271 sacerdotibus

86 1327 185 1384 per
211 1310 468 1378 Ciliciam,
503 1310 889 1383 Cappadociam
919 1318 1230 1383 cunctasque
1263 1312 1514 1382 finitimas
1543 1314 1840 1384 provincias
1868 1331 1987 1369 con—

90 1408 305 1475 stantia,
339 1407 543 1478 quihus
583 1406 640 1460 in
674 1406 877 1462 litteris
914 1406 1236 1462 declarabat
1275 1407 1586 1481 Stephanus
1633 1426 1744 1464 sese
1779 1411 1839 1463 ob
1873 1428 1988 1465 eam

96 1520 303 1558 causam
322 1503 382 1557 ab
406 1503 613 1557 illoram
641 1505 996 1559 communione
1022 1504 1390 1559 discessurwn.
1409 1504 1531 1559 llaec
1554 1503 1805 1579 Dionysii
1824 1504 1987 1560 verba

92 1607 414 1674 supponunt
451 1619 562 1656 non
602 1601 849 1657 extitisse
875 1608 1205 1677 praetensam
1245 1601 1501 1676 Cypriani
1541 1621 1671 1657 cum
1707 1601 1985 1676 Stephano

91 1698 521 1754 contentionem.
550 1697 685 1753 Nam
714 1698 759 1754 si
788 1699 1080 1772 extitisset,
1111 1717 1235 1755 eam
1264 1699 1543 1773 praecipue
1578 1699 1874 1774 Dyonisius
1900 1705 1987 1754 ut-

91 1802 220 1869 pote
257 1796 618 1865 acerbiorem,
648 1804 1141 1854 commemorasset
1179 1797 1238 1852 in
1266 1799 1370 1853 hac
1397 1797 1519 1871 ipsa
1546 1797 1762 1871 phrasi,
1791 1797 1849 1852 in
1877 1815 1986 1870 qua

88 1899 378 1950 enumerat
406 1894 734 1967 provinciaS,
765 1913 1004 1967 quorum
1030 1895 1313 1969 Episcopis
1345 1896 1982 1951 excommunicationem

89 1990 458 2046 comminatus
498 1991 678 2046 suerat
712 1991 1044 2065 Stephanus
1083 1992 1218 2047 Cum
1256 2010 1384 2065 ergo
1417 1992 1715 2071 Dionysius
1751 1993 1820 2048 de
1856 2011 1986 2048 con-

92 2087 338 2143 tentione
369 2088 623 2162 Cypriani
665 2094 718 2145 et
753 2089 1150 2164 Episcoporum
1187 2090 1383 2146 Africae
1427 2109 1658 2164 prorsus
1703 2091 1884 2162 sileat,
1931 2098 1985 2148 et

94 2192 358 2240 memoret
383 2185 567 2240 solum
592 2204 719 2240 cum
750 2186 1125 2242 Orientalibus
1152 2187 1435 2260 Episcopis
1463 2188 1781 2258 dissidium,
1803 2189 1984 2263 ipsius

98 2280 402 2333 narrationi
426 2299 536 2335 non
557 2283 788 2337 cohaeret
814 2288 980 2352 caput
1002 2283 1229 2337 tertium
1256 2283 1497 2356 Eusehii,
1529 2285 1737 2340 factum
1764 2286 1983 2359 Cypria-

99 2370 288 2427 nicum
328 2373 644 2429 enuntians.
688 2374 997 2430 Praesertim
1040 2382 1333 2449 postquam
1373 2386 1668 2435 monuerat
1711 2380 1981 2438 Eusebius
2054 2411 2066 2419 -

96 2485 155 2524 se
181 2452 608 2543 desumpturum
642 2488 701 2526 ex
731 2471 979 2545 epistolis
1006 2473 1249 2548 Dionysii
1296 2475 1571 2550 quidquid
1609 2476 1667 2532 in
1699 2478 1802 2533 hoc
1835 2478 1980 2535 libro

97 2570 428 2621 narraturus
469 2573 602 2621 erat.
648 2567 820 2639 Igitur
867 2587 930 2624 ex
976 2587 1037 2625 eo
1088 2571 1234 2642 quod
1275 2571 1486 2628 dictum
1532 2579 1700 2647 caput
1746 2574 1976 2630 tertium

92 2660 412 2718 nullatenus
438 2663 812 2719 necessarium
841 2666 913 2720 sit
935 2667 1003 2721 ad
1025 2668 1364 2725 narrationis
1390 2669 1567 2742 filum,
1593 2678 1645 2727 et
1670 2671 1813 2725 male
1839 2690 1975 2744 qua—

93 2753 217 2809 dret
238 2773 364 2810 cum
390 2758 707 2814 narratione
736 2760 974 2833 reliqua,
998 2761 1111 2834 jam
1138 2764 1435 2821 vehemens
1460 2766 1675 2839 exurgit
1706 2768 1973 2841 suspiciO,

97 2842 418 2907 nihil'aliud
450 2873 566 2911 esse
604 2858 770 2912 hocce
806 2866 994 2932 caput,
1029 2878 1128 2915 seu
1171 2860 1309 2917 duas
1342 2862 1467 2918 illas
1504 2865 1735 2937 phrases
1770 2865 1977 2935 quibus

99 2951 335 3014 constat,
367 2967 535 3020 quam
567 2959 753 3008 notam
780 2955 1022 3026 aliquam
1051 2956 1108 3011 in
1139 2959 1387 3030 margine
1415 2960 1675 3032 positam,
1704 2965 1757 3014 et
1791 2965 1977 3032 postea

98 3042 274 3096 textui
301 3042 585 3114 insertam;
633 3057 820 3106 notam
850 3059 1036 3107 autem
1078 3053 1244 3109 istam
1274 3055 1637 3127 marginalem
1681 3057 1748 3110 ab
1789 3055 1976 3128 aliquo

100 3137 363 3211 scriptam
402 3140 572 3197 fuisse
604 3144 699 3215 qui
736 3163 927 3201 verum
955 3150 1290 3221 reputaverit
1325 3150 1532 3206 sactum
1566 3151 1973 3224 Cyprianicum‚

100 3235 184 3290 vel
216 3236 594 3294 fraudulenter
630 3240 768 3295 illud
801 3245 1132 3316 persuadere
1162 3248 1420 3304 voluerit.
1453 3247 1550 3304 Cui
1581 3249 1822 3306 tundatae
1851 3270 1974 3309 sus-

102 3330 326 3404 picioni,
356 3334 702 3405 probationes
727 3338 951 3411 proprie
970 3339 1142 3395 dictas
1169 3342 1450 3411 addimuS‚
1477 3363 1597 3418 quae
1622 3354 1933 3419 sequuntur
1958 3371 1967 3402 :

178 3427 234 3481 2⁰
261 3428 374 3483 Non
410 3431 586 3504 potuit
617 3433 884 3489 Eusebius
926 3435 1166 3493 scribere
1205 3440 1350 3510 quod
1380 3441 1564 3514 palam
1610 3443 1814 3502 falsum
1852 3465 1973 3504 esse

102 3523 333 3594 sciebat,
367 3526 632 3586 nimirum
671 3533 894 3604 primam
930 3534 1095 3605 faisse
1130 3535 1447 3610 Cyprianam
1482 3540 1539 3598 in
1575 3546 1973 3620 propugnanda
