2262 3990
800 158 924 207 PARS
952 156 1191 205 SECUNDA.
1847 149 1936 198 425

65 269 221 331 verba
254 268 496 344 Dionysii
534 283 793 343 expresse
819 264 1035 335 asserit,
1065 280 1177 320 non
1212 261 1412 336 potuit,
1439 259 1637 317 stolide
1670 260 1776 317 sibi
1802 244 1932 317 eon-

59 365 399 437 tradicendO,
430 364 671 422 seribere
703 366 954 438 primum,
991 378 1090 418 seu
1123 365 1252 417 ante
1285 358 1425 415 alios
1458 375 1669 429 omnes,
1711 357 1933 433 Cypria-

61 484 197 521 num
225 461 600 537 rebaptizandi
626 461 842 536 praxim
870 457 1202 516 defendisse.

138 562 395 628 Secundo,'
424 577 525 616 nec
548 558 715 615 etiam
739 556 971 614 Eusebio
996 555 1168 612 tribui
1195 560 1372 629 potest
1400 554 1611 610 dictum
1638 559 1802 628 eaput
1827 560 1938 611 ter-

64 661 226 731 tium,
264 660 321 715 in
347 657 632 736 hypothesi
658 656 805 730 quod
837 673 938 711 vox
958 656 1161 726 primus
1191 652 1273 708 ibi
1299 651 1658 725 intelligenda
1693 651 1786 719 sit,
1821 669 1933 709 non

60 757 242 831 quoad
265 764 506 830 tempus,
545 753 640 815 sed
672 750 852 824 quoad
880 749 1087 805 famam
1126 765 1225 804 seu
1261 748 1547 805 meritum.
1581 748 1742 804 Juxta
1773 748 1928 805 illam

59 853 401 929 hypothesim
441 867 569 907 vera
608 846 770 904 lectio
809 846 970 914 soret,
1011 854 1197 918 πρῶτος
1227 855 1323 901 τῶν
1358 852 1485 915 τότε,
1523 847 1721 918 primus
1755 865 1932 903 eorum

56 951 142 1020 qui
180 957 301 1004 tunc
339 947 584 1019 temporis
617 944 919 1004 extiterunt5
960 947 1011 996 et
1034 939 1188 996 hisee
1224 940 1406 995 verbis
1438 940 1798 999 intellexisset
1824 942 1931 999 Eu-

52 1045 262 1114 sebiuS,
301 1031 629 1116 Cyprianum
653 1043 910 1114 primum,
956 1039 1154 1109 idest,
1195 1039 1531 1094 illustriorem
1575 1039 1746 1096 fuisse
1785 1041 1931 1097 inter

0 1143 3 1231 j
49 1139 341 1213 Episcopos
378 1137 474 1210 qui
515 1136 936 1210 rebaptizandos
971 1134 1256 1191 haereticos
1290 1141 1733 1210 propugnarunt.
1763 1137 1928 1192 Porro

0 1233 2 1313 ᾗ
48 1235 265 1291 admitti
289 1235 483 1308 nequit
509 1253 571 1292 eo
598 1253 763 1292 sensu
789 1235 1039 1291 locutum
1067 1234 1392 1289 Eusebium.

0 1341 3 1408 Ι

120 1333 254 1389 Nam
298 1340 423 1389 ante
468 1339 799 1407 praetensam
853 1331 1107 1408 Cypriani
1153 1331 1605 1387 colluctationem
1649 1341 1929 1391 exarserat

0 1410 3 1487 l
46 1429 419 1501 controversia
450 1430 790 1503 Stephanum
826 1428 970 1484 inter
1005 1434 1057 1483 et
1094 1429 1280 1502 plures
1317 1427 1553 1484 Orientis
1591 1429 1922 1501 provincia&

0 1544 2 1570 l

47 1532 99 1581 et
142 1543 204 1580 eo
252 1543 339 1581 res
390 1532 769 1599 processerant
825 1530 883 1579 ut
922 1524 1246 1598 ¹Stephanus
1294 1525 1926 1582 excommunicationem

47 1623 416 1679 comminatus
442 1630 580 1679 esset
618 1623 988 1695 Orientalibus
1018 1622 1324 1696 Episcopis,
1367 1623 1513 1677 inter
1554 1641 1690 1694 quos
1722 1624 1927 1679 emine-

45 1719 138 1775 bat
184 1719 559 1776 FirmilianuS.
603 1719 886 1776 Contentio
935 1720 1070 1788 haec,
1119 1737 1241 1790 quae
1287 1718 1564 1774 Orientem
1605 1719 1924 1787 commovit,

45 1831 157 1868 non
195 1815 451 1885 minoris,
486 1815 597 1871 imo
641 1814 867 1887 majoris
907 1814 1178 1870 momenti
1204 1814 1439 1869 Eusebio
1492 1813 1667 1869 videri
1710 1814 1921 1884 debuit,

43 1926 210 1982 quam
238 1912 528 1968 subsecuta
556 1912 809 1986 Cypriani
832 1918 883 1967 et
908 1911 1167 1966 Afrorum
1197 1911 1597 1984 Episcoporum
1623 1912 1768 1966 idem
1802 1929 1925 1985 pro-

43 2010 410 2081 pugnantium
436 2009 761 2084 pertinacia.
801 2009 917 2065 Non
951 2009 997 2065 is
1035 2009 1137 2065 suit
1169 2010 1442 2065 Eusebius
1481 2010 1578 2082 qui
1614 2027 1703 2065 res
1728 2009 1924 2066 Africa*

47 2106 210 2162 rebus
243 2097 478 2165 Orientis
516 2114 872 2182 praeponeret,
914 2115 1009 2163 aut
1043 2108 1364 2162 Firmiliano
1403 2109 1673 2180 majorem
1710 2108 1927 2182 Cypria-

49 2217 183 2254 num
209 2203 428 2259 faceret.
454 2205 602 2259 Unde
619 2209 887 2275 repugnat
914 2186 982 2256 ab
1007 2203 1239 2257 Eusebio
1272 2203 1481 2257 dictum
1506 2204 1681 2259 fuisse
1707 2204 1927 2280 Cypria-

51 2310 185 2347 num
205 2302 334 2349 tunc
358 2296 620 2368 temporis
643 2300 887 2367 primum,
918 2314 980 2351 eo
1008 2313 1174 2350 sensu
1201 2297 1348 2368 quod
1369 2297 1691 2352 Firmiliano
1717 2305 1769 2353 et
1800 2299 1924 2354 aliis

50 2389 418 2446 Orientalibus
451 2395 711 2465 majorem
742 2412 868 2448 eum
897 2411 991 2448 seu
1023 2394 1363 2466 superiorem
1391 2396 1713 2452 asseruerit.

123 2486 386 2543 Caeterum
411 2490 680 2561 posterior
721 2489 833 2545 haec
869 2490 1266 2563 interpretatiO,
1316 2510 1422 2564 qua
1464 2511 1565 2548 vox
1595 2496 1796 2566 primus
1835 2494 1920 2549 in-

48 2582 313 2654 telligitur
338 2586 404 2639 de
434 2586 652 2655 merito,
685 2604 793 2641 non
820 2587 885 2642 de
913 2594 1181 2661 tempore,
1215 2588 1350 2643 mihi
1383 2606 1507 2644 vera
1542 2607 1652 2644 non
1678 2590 1917 2658 videtur;

45 2683 98 2734 et
129 2679 176 2734 ei
212 2680 529 2737 adversatur
565 2684 934 2739 summarium
961 2685 1178 2758 eapitis,
1220 2686 1367 2758 quod
1410 2686 1487 2742 sie
1530 2688 1692 2744 habet
1722 2708 1732 2742 :
1778 2688 1920 2755 Quo-

45 2774 195 2827 modo
229 2775 532 2847 Cyprianus,
569 2797 681 2834 cum
711 2779 908 2852 aliquot
943 2783 1038 2835 sibi
1079 2782 1335 2854 adjunctis
1371 2783 1662 2856 Episcopi3‚
1708 2802 1792 2839 eos
1832 2789 1917 2857 qui

49 2870 108 2923 ab
135 2870 374 2927 haeretico
397 2893 573 2931 errore
601 2886 1018 2934 converterentur
1042 2880 1444 2952 rebaptizandos
1463 2883 1666 2952 primus
1698 2885 1920 2949 censuit,

48 2976 229 3037 πρῶτος
254 2973 541 3039 &ayunt-cies.
569 2973 809 3029 Priorem
835 2980 1083 3048 tempore
1108 2976 1486 3052 Cyprianicam
1510 2977 1915 3031 contentionem

51 3062 387 3120 intellexisse
418 3084 478 3121 ac
502 3085 743 3125 asserere
765 3071 1003 3127 voluisse
1036 3072 1173 3126 mihi
1194 3072 1413 3127 videtur
1437 3072 1533 3144 qui
1559 3073 1723 3128 hocce
1754 3081 1918 3146 eaput

52 3156 276 3212 tertium
305 3159 542 3232 scripsit.
571 3162 674 3218 Sed
699 3182 1052 3238 quocumque
1077 3184 1245 3223 sensu
1272 3166 1635 3238 intelligatur,
1667 3175 1918 3225 remanet

49 3252 186 3308 illud
224 3254 454 3311 Eusebio
489 3257 659 3313 tribui
698 3276 807 3314 non
850 3278 1029 3333 posse.
1071 3262 1210 3334 Ergo
1247 3262 1586 3318 censendum
1630 3269 1712 3319 est
1753 3264 1919 3322 Euse-

49 3349 211 3406 biano
245 3353 415 3407 textui
447 3354 738 3420 insertum;
767 3373 832 3410 ex
872 3357 1123 3429 margine
1148 3358 1359 3428 forsan,
1401 3359 1498 3414 ubi
1530 3359 1777 3433 primum
1807 3362 1914 3419 sub

51 3447 226 3505 forma
258 3451 457 3506 notulae
485 3452 798 3526 appositum
823 3452 1008 3510 suerit.
1105 3454 1109 3458 ’

124 3549 180 3603 5⁰
206 3548 258 3603 Si
291 3549 485 3623 capitis
519 3551 749 3625 hujusce
788 3560 979 3610 auctor
1004 3554 1139 3612 soret
1169 3555 1459 3629 EusebiuS,
1495 3557 1713 3617 citasset
1736 3576 1802 3617 ex
1828 3558 1917 3615 lit-
