2262 3990
848 135 977 207 mas
1003 135 1232 193 marm
1872 130 1966 185 591

97 264 217 337 qua]
237 255 487 316 ‘debeatis
522 270 795 314 consensu
822 238 1046 331 proprio
1086 250 1156 309 ad
1193 243 1659 323 tranquillitatem
1680 250 1736 304 et
1762 262 1959 323 pacem

90 336 285 416 cuncta
313 353 632 432 perducere.
687 352 778 410 Sic
817 350 969 410 enim
1004 348 1230 408 haeresis
1253 363 1377 423 quae
1401 343 1662 417 surrexit,
1693 348 1747 402 et
1779 338 1960 402 turbae

90 470 212 528 quae
235 459 460 530 propter
481 469 610 511 eum
638 450 795 508 faetae
825 453 978 520 sunt,
1011 445 1274 504 facillime
1300 443 1683 512 destruentur,
1708 441 1815 499 Deo
1833 457 1959 500 eoo-

88 555 337 627 perante,
369 567 467 625 per
496 554 702 607 vestras
731 545 1135 605 sacratissimas
1166 543 1405 601 litteras.
1430 538 1829 598 Removebitur
1860 556 1958 596 au-

88 649 199 704 t'em
222 632 275 704 et
301 632 622 718 concilium,
638 644 785 719 quod
806 643 927 701 lieri
945 640 1284 716 divulgatur,
1305 645 1579 714 quatenus
1604 651 1960 712 nequaquam

89 741 293 816 ubique
311 742 671 799 sanctissimae
700 741 998 798 turbentur
1019 737 1319 795 Ecclesiae»
1350 736 1570 809 (Labbe,
1591 741 1633 792 t.
1655 732 1739 806 lV,
1761 734 1867 792 col.
1886 733 1958 792 14

77 843 140 898 et
166 822 259 910 15,
279 838 412 896 edit.
439 836 684 909 Parisiis,
716 824 908 908 1'671).
935 834 1014 890 lbi
1046 834 1163 907 jam
1197 830 1347 889 videt
1370 832 1543 892 lector
1567 832 1801 889 Romani
1818 833 1956 889 Pon-

88 935 248 995 tineis
274 933 649 1010 dogmaticum
669 931 944 1007 judicium
965 930 1222 987 Flaviano
1246 927 1426 985 visum
1450 928 1624 986 fuisse
1649 928 1955 1004 sufficienS,

89 1035 294 1109 absque
317 1031 550 1090 concilio
581 1028 940 1100 oecumenicO,
972 1035 1035 1085 ut
1058 1045 1198 1084 nova
1228 1026 1450 1084 haeresis
1475 1026 1876 1100 destrueretur,
1905 1036 1958 1086 et

86 1149 212 1209 pax,
244 1130 299 1187 id
323 1135 425 1202 est,
450 1128 576 1186 fidei
593 1126 779 1185 unitas
804 1127 1143 1184 firmaretur.
1171 1124 1231 1181 Id
1250 1141 1579 1200 persuasum
1606 1143 1718 1182 non
1737 1127 1961 1184 habuis-

86 1236 165 1286 set
195 1228 507 1298 Flavianus,
545 1226 652 1282 nisi
680 1224 1003 1282 insa-llibiles
1036 1231 1088 1282 et
1128 1223 1557 1282 irretractabiles
1583 1222 1957 1284 existimasset

88 1326 240 1385 Sedis
271 1325 582 1402 apostolicae
607 1323 751 1381 eirca
777 1322 940 1380 fidem
967 1321 1334 1379 definitiones

158 1424 214 1480 2⁰
238 1421 515 1479 Damnavit
540 1420 595 1477 S.
637 1421 738 1478 Leo
770 1419 1086 1495 Eutychetis
1111 1418 1399 1476 haeresim¹
1433 1438 1531 1495 per
1563 1439 1723 1478 suam
1751 1423 1819 1479 ad
1842 1423 1955 1481 Fla—

87 1520 309 1579 vianum
335 1521 638 1598 epistolam,
674 1538 842 1594 quam
874 1519 997 1578 vide
1035 1520 1181 1596 apud
1228 1520 1407 1577 Labbe
1451 1525 1511 1595 (t.
1554 1523 1637 1593 IV,
1673 1523 1777 1579 col.
1819 1522 1953 1595 544,

86 1619 214 1676 edit.
246 1620 490 1689 Parisiis,
531 1619 719 1692 1671).
746 1617 1115 1676 Nihilominus
1164 1638 1291 1676 cum
1337 1619 1595 1677 voluisset
1620 1621 1954 1679 Theodosius

83 1717 380 1793 imperator
411 1718 721 1792 generalem
762 1718 1034 1792 synodum
1079 1719 1274 1794 Ephesi
1324 1719 1591 1791 indicare,
1646 1721 1951 1792 consensit,

80 1832 219 1891 mgre
240 1817 388 1891 licet,
415 1818 469 1874 S.
503 1818 623 1875 Lco,
646 1816 918 1892 Ephesina
941 1817 1037 1873 illa
1066 1818 1308 1894 synodus
1327 1817 1383 1872 in
1410 1817 1766 1874 latrocinium
1795 1837 1951 1875 versa

79 1919 188 1977 est3
219 1922 271 1971 et
299 1914 587 1971 Theodosii
611 1931 895 1970 successor
919 1914 1225 1970 Marcianus
1245 1913 1411 1970 aliam
1437 1914 1728 1990 synodum,
1749 1933 1950 1992 nempe

79 1997 589 2079 Chalcedonensem,
635 2009 861 2076 indixit3
894 2009 985 2067 cui
1023 2010 1191 2067 etiam
1229 2010 1282 2066 S.
1316 2011 1419 2068 Leo
1450 2029 1781 2071 consensum
1810 2034 1947 2090 prce-

78 2108 219 2180 buit,
250 2128 318 2166 ne
349 2108 719 2184 imperatoriS,
758 2116 818 2165 ut
852 2108 968 2183 ipse
995 2109 1092 2180 ait,
1126 2110 1308 2165 devoto
1335 2112 1544 2166 obviare
1577 2114 1950 2170 videreturim-

74 2208 238 2281 perio,
270 2193 440 2279 utque
471 2206 655 2263 omnia
686 2207 752 2262 ad
782 2208 1030 2262 unitatem
1055 2209 1225 2279 paciS,
1263 2226 1558 2280 compressa
1581 2213 1719 2265 omni
1753 2211 1948 2266 dissen-

75 2305 241 2374 sione,
259 2311 619 2360 revocarentur
635 2303 899 2378 (Operum
917 2302 970 2358 S.
992 2302 1207 2374 Leonis,
1232 2302 1391 2377 epist.
1413 2322 1613 2377 Lxxnx,
1635 2306 1774 2363 alias
1792 2311 1944 2382 mx).

76 2400 179 2458 Sed
212 2405 363 2458 notet
391 2401 561 2457 lector
596 2399 882 2473 sequentia
911 2399 964 2455 S.
1005 2398 1197 2455 Leonis
1234 2399 1380 2456 dicta
1410 2422 1421 2455 t

154 2520 182 2552 «ι
212 2496 289 2556 Ne
330 2498 657 2573 cujusquam
685 2497 902 2573 procaci
944 2496 1370 2574 impudentique
1401 2501 1666 2573 versutia,
1712 2507 1862 2577 quasi
1886 2501 1949 2564 cle

78 2597 295 2666 incerte,
327 2595 523 2653 sinatis
561 2595 822 2671 inquiri»
859 2595 1042 2671 (epist.
1086 2614 1275 2667 Lxxxn,
1313 2595 1449 2654 alias
1482 2617 1603 2670 an,
1640 2617 1761 2676 cap.
1804 2621 1840 2673 1,
1878 2590 1947 2660 ad

79 2691 483 2769 imperatorem)
498 2736 507 2749 .

159 2808 187 2842 (ι
212 2789 329 2846 Non
351 2790 629 2864 cujusmodi
659 2791 725 2847 sit
759 2790 888 2866 fides
918 2792 1136 2849 tenenda
1167 2791 1521 2851 tractandum
1552 2801 1655 2867 est,
1692 2797 1787 2855 sed
1810 2785 1945 2874 quo-

84 2899 207 2942 rum
234 2886 488 2961 precibus
516 2894 567 2945 et
594 2888 833 2962 qualiter
858 2890 1213 2947 annuendum
1242 2913 1268 2946 »
1292 2892 1478 2966 (ibid,
1507 2900 1671 2968 caput
1713 2896 1792 2965 ιι).

155 2981 439 3055 Similiter,
468 2983 695 3058 epistola
729 3004 789 3042 xc
808 2987 967 3060 (alias
1000 2988 1192 3061 Lxxui),
1218 2988 1558 3046 Marcianum
1582 2998 1738 3063 rogat
1760 3010 1830 3049 ne
1853 3013 1946 3069 pa-

82 3083 288 3136 teretur
313 3078 472 3135 sidem
496 3082 637 3152 quasi
668 3081 873 3137 dubiam
892 3082 955 3138 in
982 3084 1190 3158 synodo
1225 3087 1530 3143 retractari.
1556 3086 1709 3151 Quod
1736 3087 1793 3143 in
1822 3087 1947 3147 aliis

79 3177 212 3233 item
234 3174 483 3251 epistolis
509 3174 766 3235 inculcat.
786 3178 846 3234 Et
872 3178 932 3235 in
950 3180 1067 3237 suis
1086 3181 1154 3237 ad
1170 3182 1356 3239 Patres
1378 3182 1846 3245 chalcedonenses
1859 3187 1947 3246 lit-

78 3271 210 3329 teris
238 3294 248 3327 :
281 3293 308 3325 α
328 3270 498 3344 Unde,
525 3273 722 3330 fratres
759 3274 1059 3348 carissimi,
1084 3278 1284 3351 rejecta
1314 3279 1537 3353 penitus
1573 3281 1805 3342 audacia
1833 3284 1944 3343 dis—

133 3429 185 3481 (l',
213 3427 373 3471 Putavit
396 3427 668 3471 Bellarminus
690 3441 715 3472 a
739 3427 869 3473 Leone
894 3428 1060 3472 missam
1087 3429 1200 3474 illam
1224 3432 1454 3488 epistolam,
1482 3448 1562 3479 non
1590 3441 1639 3493 ‚ut
1670 3441 1942 3488 commentam

80 3495 266 3539 intimam
282 3500 323 3539 et
340 3496 594 3549 definitivam
623 3495 887 3549 sententiam,
906 3497 980 3541 sed
1000 3501 1043 3540 ue
1071 3497 1382 3545 instructionem
1407 3505 1567 3548 tantum
1588 3504 1651 3560 (de
1668 3507 1941 3554 conciliorum

78 3567 208 3615 unct„
232 3565 301 3608 lib.
322 3565 374 3616 ll,
396 3578 483 3620 cap.
504 3567 595 3622 m).
622 3566 699 3610 Sed
724 3566 763 3608 in
786 3567 864 3610 hoc
888 3566 1207 3620 derelinquitur.
