2262 3990
876 195 998 242 PARS
1027 194 1229 242 TERTIA.
1909 192 1994 240 ‘379

127 301 263 358 ralis
303 302 522 359 concilii
555 302 612 358 in
645 319 839 364 verum
879 301 1021 360 inter
1064 302 1264 359 dubios
1289 298 1630 368 Pontificem,
1658 316 1780 374 quae
1809 297 1892 356 sic
1929 298 1996 355 de

128 399 270 456 sacto
316 400 373 455 in
412 399 650 456 Ecclesia
688 398 960 456 catholica
1001 398 1209 455 incerta
1252 402 1337 453 est
1376 402 1431 453 et
1469 393 1851 456 controversiae
1898 394 1995 450 ob-

128 496 310 567 noxia,
339 497 441 552 hoc
474 496 593 571 ipso
620 494 964 552 insufficiens
1000 499 1054 551 et
1084 494 1270 568 inepta
1292 498 1372 549 est
1398 491 1466 548 ad
1492 490 1826 548 medendum
1852 490 1998 547 dicto

129 594 437 650 schismati.
480 594 619 667 Ergo
655 594 722 650 de
765 592 909 650 facto
941 599 1216 668 praetensa
1263 593 1378 647 haec
1415 589 1729 665 jurisdictio
1768 606 1880 646 non
1920 595 2003 645 est

128 690 439 746 remedium
474 708 504 746 a
533 689 748 746 Christo
787 689 1108 745 institutum
1139 690 1198 743 in
1243 687 1389 744 dicto
1424 705 1578 743 casu.
1617 685 1816 759 Nequit
1851 685 2001 743 enim

127 786 395 857 ChristuS‚
423 788 490 843 ad
514 787 921 860 assequendum
944 785 1187 859 aliquem
1214 786 1404 853 tinem,
1432 785 1725 841 instituere
1758 783 2003 841 medium

128 882 492 954 insufficiens,
520 882 766 957 ineptum
800 900 863 937 ac
890 880 1107 936 inutile.
1136 880 1194 935 Id
1224 880 1503 952 siquidem
1527 880 1809 960 ⁴insipiens
1835 881 1998 947 foret,

127 985 177 1034 et
213 979 438 1054 insuper
484 978 591 1034 tale
625 978 870 1034 medium
903 994 1001 1033 seu
1035 975 1349 1031 remedium
1388 975 1702 1046 instituere,
1738 976 1884 1032 idem
1921 982 2001 1032 est

126 1089 188 1127 ac
211 1074 429 1129 nullum
462 1073 777 1130 instituere.
810 1073 963 1137 Quod
991 1071 1343 1128 ratiocinium
1381 1071 1462 1127 sic
1498 1072 1608 1128 alio
1650 1071 1813 1127 modo
1849 1072 2003 1128 exhi-

123 1169 238 1224 beri
267 1175 463 1243 potest.

199 1267 259 1320 Il.
291 1267 343 1321 Si
381 1267 710 1323 instituisset
746 1267 1019 1334 Christus,
1063 1285 1163 1340 pro
1202 1265 1334 1321 dicti
1368 1264 1690 1321 schismatis
1733 1265 1998 1334 remedio,

126 1364 343 1418 concilii
377 1350 646 1436 generalis
664 1365 1113 1438 jurisdictionem
1150 1365 1207 1418 in
1235 1382 1429 1419 verum
1456 1363 1601 1419 inter
1630 1362 1830 1418 dubios
1866 1363 2002 1417 Pon-

129 1459 354 1530 tificem,
403 1463 545 1517 hanc
589 1480 742 1517 suam
794 1461 1199 1517 institutionem
1247 1461 1322 1516 ita
1380 1460 1699 1530 revelasset,
1754 1468 1817 1515 ut
1860 1466 2002 1515 esset

130 1555 329 1627 dogma
361 1558 580 1631 proprie
616 1559 849 1627 dictum,
891 1558 947 1612 id
974 1564 1077 1626 est,
1117 1565 1177 1614 ut
1217 1557 1325 1614 tale
1357 1558 1414 1612 in
1455 1557 1693 1613 Ecclesia
1735 1557 2004 1612 catholica

126 1653 411 1725 cognituni
447 1673 511 1710 ae
547 1663 845 1730 receptum;
891 1674 1002 1711 non
1037 1662 1222 1711 autem
1260 1655 1529 1730 potuisset
1567 1656 1817 1711 Christus
1859 1657 2000 1710 hanc

129 1766 289 1803 suam
327 1750 731 1807 institutionem
765 1754 1033 1808 incertam
1073 1770 1138 1808 ac
1162 1752 1550 1808 controversiae
1580 1752 1877 1808 obnoxiam
1918 1768 2002 1806 re-

92 1845 395 1923 'linquere;
443 1848 572 1920 quia
614 1849 693 1904 sic
726 1849 936 1904 incerta
986 1835 1295 1904 remedium
1329 1866 1448 1904 esse
1495 1849 1706 1921 nequit.
1752 1849 2002 1919 Cumque

121 1942 280 1999 dictae
316 1945 519 2018 speciei
558 1946 802 2001 schisma
835 1946 1058 2001 nonnisi
1094 1946 1263 2001 semel
1302 1946 1357 2000 in
1387 1951 1501 2001 tota
1538 1946 1797 2002 Ecclesiae
1835 1947 2002 2001 dura-

124 2039 271 2095 tione
309 2041 623 2114 contingere
659 2043 883 2098 deberet
924 2043 1032 2115 (vix
1071 2043 1219 2098 enim
1258 2043 1565 2100 reincidere
1608 2047 1831 2118 potest),
1871 2062 1997 2118 pro-

121 2136 347 2193 vidisset
402 2139 650 2194 Christus
707 2140 992 2212 praefatam
1049 2159 1208 2195 suam
1270 2141 1679 2196 institutionem
1732 2149 1996 2214 tanquam

122 2232 317 2305 dogma
359 2237 733 2292 certissimum
772 2237 838 2291 ab
867 2237 1103 2292 Ecclesia
1138 2238 1393 2309 explicite
1426 2240 1645 2310 agnosci
1688 2258 1750 2295 ac
1787 2240 1992 2312 doceri,

121 2345 183 2382 eo
216 2331 517 2402 prasertim
551 2339 797 2405 tempore
836 2350 943 2405 quo
968 2350 1128 2388 casus
1161 2333 1374 2402 incidit;
1407 2339 1459 2388 et
1496 2352 1525 2388 a
1551 2343 1806 2408 tempore
1847 2335 1999 2390 illius

122 2426 456 2496 schismatis,
484 2427 629 2483 idem
659 2429 850 2501 dogma
880 2448 991 2485 non
1016 2431 1286 2503 potuisset
1317 2431 1593 2488 incertum
1621 2451 1908 2490 remanere
1934 2452 1998 2489 ac

120 2524 468 2579 controverti.
498 2526 662 2581 Porro
683 2527 864 2582 adhuc
903 2527 1087 2596 hodie,
1121 2528 1375 2600 pluribus
1409 2529 1611 2603 clapsis
1635 2538 1757 2604 post
1785 2531 1996 2586 dictum

118 2617 356 2673 schisma
392 2620 628 2690 saeculis,
656 2621 902 2676 doctrina
933 2622 1000 2677 de
1041 2623 1340 2679 constituto
1362 2625 1608 2680 remedio
1642 2626 1698 2681 in
1724 2627 1997 2699 generalis

117 2710 337 2764 concilii
363 2729 533 2785 supra
553 2714 750 2786 Papam
772 2714 1178 2787 jurisdictione,
1198 2734 1350 2772 mera
1376 2719 1784 2775 nonnullorum
1800 2723 1997 2796 opinio

117 2810 223 2872 est,
253 2824 373 2877 quae
409 2810 763 2866 communius
798 2829 827 2865 a
865 2811 1184 2868 doctoribus
1218 2815 1506 2870 catholicis
1546 2824 1811 2889 tanquam
1846 2838 1996 2875 erro·
2078 2893 2080 2895 ‚

123 2918 223 2956 nea
258 2904 573 2962 confutatur
614 2927 676 2964 ac
706 2909 977 2981 rejicitur.
1015 2911 1154 2983 Ergo
1193 2913 1258 2967 de
1289 2913 1432 2969 facto
1473 2923 1742 2986 praetensa
1785 2917 1878 2971 illa
1907 2936 1997 2990 ge-

118 3000 322 3055 neralis
354 3003 571 3058 concilii
597 3004 654 3059 in
683 3024 874 3062 verum
918 3008 1063 3064 inter
1101 3009 1297 3065 dubios
1339 3011 1658 3067 Pontificem
1687 3013 1994 3085 juridictio,

117 3094 187 3148 ad
208 3095 394 3151 minus
410 3096 618 3166 incerta
636 3107 738 3166 cst3
760 3118 888 3172 ergo
908 3103 975 3158 de
994 3102 1133 3160 facto
1156 3124 1266 3160 non
1286 3113 1371 3162 est
1394 3109 1707 3164 remedium
1728 3129 1756 3165 a
1777 3110 1993 3169 Christo

119 3191 461 3247 institutum.

196 3288 282 3344 Ill.
312 3290 403 3344 Est
426 3290 622 3362 dogma
647 3294 1008 3367 catholicum,
1050 3299 1106 3353 in
1131 3299 1311 3356 Sacris
1343 3301 1648 3376 Scripturis
1687 3307 1991 3363 revelatum

119 3388 175 3438 et
219 3384 287 3438 ab
328 3384 565 3442 Ecclesia
595 3405 847 3463 expresse
884 3392 1194 3463 definitum,
1229 3395 1490 3452 Romanis
1513 3398 1891 3473 Pontificibus,
1936 3403 1993 3459 in

120 3496 352 3552 persona
395 3482 538 3539 beati
564 3484 729 3556 Petri,
763 3487 1020 3544 collatam
1059 3509 1089 3546 a
1113 3491 1331 3548 Christo
1363 3493 1537 3560 fuisse
1568 3497 1780 3569 plenam
1812 3509 1992 3573 potes-

121 3583 279 3631 tatem
319 3580 546 3651 ·reqendi,
578 3585 827 3654 pascendi
864 3604 922 3640 ac
953 3588 1272 3658 {jubernandi
1308 3593 1650 3650 miiversalem
1675 3595 1994 3654 Ecclesiam.
