<?xml version="1.0" encoding="UTF-8"?>
<!DOCTYPE html PUBLIC "-//W3C//DTD XHTML 1.0 Transitional//EN"
    "http://www.w3.org/TR/xhtml1/DTD/xhtml1-transitional.dtd">
<html xmlns="http://www.w3.org/1999/xhtml" xml:lang="en" lang="en">
 <head>
  <title>
</title>
<meta http-equiv="Content-Type" content="text/html;charset=utf-8" />
  <meta name='ocr-system' content='tesseract 3.04.00' />
  <meta name='ocr-capabilities' content='ocr_page ocr_carea ocr_par ocr_line ocrx_word'/>
</head>
<body>
  <div class='ocr_page' id='page_1' title='image "a548470102bouiuoft_0560.png"; bbox 0 0 2262 3990; ppageno 0'>
   <div class='ocr_carea' id='block_1_1' title="bbox 230 126 1490 187">
    <p class='ocr_par' dir='ltr' id='par_1_1' title="bbox 230 126 1490 187">
     <span class='ocr_line' id='line_1_1' title="bbox 230 126 1490 187; baseline -0.012 0"><span class='ocrx_word' id='word_1_1' title='bbox 230 141 317 187; x_wconf 71' lang='lat'>552</span> <span class='ocrx_word' id='word_1_2' title='bbox 906 126 1200 174; x_wconf 79' lang='lat' dir='ltr'><strong>TRACTATUS</strong></span> <span class='ocrx_word' id='word_1_3' title='bbox 1230 126 1297 173; x_wconf 86' lang='lat' dir='ltr'>DE</span> <span class='ocrx_word' id='word_1_4' title='bbox 1326 126 1490 174; x_wconf 51' lang='grc' dir='ltr'>ΡΑΡΑ.Ἴ</span> 
     </span>
    </p>
   </div>
   <div class='ocr_carea' id='block_1_2' title="bbox 212 235 2222 2281">
    <p class='ocr_par' dir='ltr' id='par_1_2' title="bbox 212 235 2222 2281">
     <span class='ocr_line' id='line_1_2' title="bbox 230 235 2141 317; baseline -0.001 -15"><span class='ocrx_word' id='word_1_5' title='bbox 230 243 525 302; x_wconf 86' lang='lat' dir='ltr'>accesserit</span> <span class='ocrx_word' id='word_1_6' title='bbox 556 236 780 295; x_wconf 90' lang='lat' dir='ltr'>concilii</span> <span class='ocrx_word' id='word_1_7' title='bbox 808 241 906 293; x_wconf 92' lang='lat' dir='ltr'>aut</span> <span class='ocrx_word' id='word_1_8' title='bbox 932 235 1194 293; x_wconf 85' lang='lat' dir='ltr'>Ecclesiae</span> <span class='ocrx_word' id='word_1_9' title='bbox 1215 235 1481 312; x_wconf 86' lang='lat' dir='ltr'>dispersae</span> <span class='ocrx_word' id='word_1_10' title='bbox 1504 255 1835 298; x_wconf 79' lang='lat' dir='ltr'>consensuS.</span> <span class='ocrx_word' id='word_1_11' title='bbox 1853 239 1993 297; x_wconf 87' lang='lat' dir='ltr'>Item</span> <span class='ocrx_word' id='word_1_12' title='bbox 2019 243 2141 317; x_wconf 85' lang='lat' dir='ltr'>ejus</span> 
     </span>
     <span class='ocr_line' id='line_1_3' title="bbox 230 334 2140 417; baseline 0 -18"><span class='ocrx_word' id='word_1_13' title='bbox 230 334 562 415; x_wconf 79' lang='lat' dir='ltr'>dogmaticis</span> <span class='ocrx_word' id='word_1_14' title='bbox 589 335 1018 392; x_wconf 83' lang='lat' dir='ltr'>definitionibus</span> <span class='ocrx_word' id='word_1_15' title='bbox 1044 340 1311 393; x_wconf 88' lang='lat' dir='ltr'>tenentur</span> <span class='ocrx_word' id='word_1_16' title='bbox 1335 354 1532 393; x_wconf 90' lang='lat' dir='ltr'>omnes</span> <span class='ocrx_word' id='word_1_17' title='bbox 1545 336 1803 410; x_wconf 86' lang='lat' dir='ltr'>obsequi,</span> <span class='ocrx_word' id='word_1_18' title='bbox 1821 338 2140 417; x_wconf 89' lang='lat' dir='ltr'>etquidem,</span> 
     </span>
     <span class='ocr_line' id='line_1_4' title="bbox 225 434 2139 510; baseline 0.002 -16"><span class='ocrx_word' id='word_1_19' title='bbox 225 456 337 494; x_wconf 92' lang='lat' dir='ltr'>non</span> <span class='ocrx_word' id='word_1_20' title='bbox 380 435 716 510; x_wconf 89' lang='lat' dir='ltr'>obsequioso</span> <span class='ocrx_word' id='word_1_21' title='bbox 765 434 1009 510; x_wconf 88' lang='lat' dir='ltr'>silentio,</span> <span class='ocrx_word' id='word_1_22' title='bbox 1055 435 1153 492; x_wconf 92' lang='lat' dir='ltr'>sed</span> <span class='ocrx_word' id='word_1_23' title='bbox 1196 453 1261 492; x_wconf 80' lang='lat' dir='ltr'>ex</span> <span class='ocrx_word' id='word_1_24' title='bbox 1303 438 1503 507; x_wconf 82' lang='lat' dir='ltr'>animo,</span> <span class='ocrx_word' id='word_1_25' title='bbox 1543 440 1674 491; x_wconf 88' lang='lat' dir='ltr'>ante</span> <span class='ocrx_word' id='word_1_26' title='bbox 1717 453 1942 492; x_wconf 90' lang='lat' dir='ltr'>omnem</span> <span class='ocrx_word' id='word_1_27' title='bbox 1975 438 2139 499; x_wconf 86' lang='lat' dir='ltr'>etiam</span> 
     </span>
     <span class='ocr_line' id='line_1_5' title="bbox 221 533 2142 610; baseline 0.002 -19"><span class='ocrx_word' id='word_1_28' title='bbox 221 534 445 591; x_wconf 91' lang='lat' dir='ltr'>concilii</span> <span class='ocrx_word' id='word_1_29' title='bbox 483 540 580 591; x_wconf 91' lang='lat' dir='ltr'>aut</span> <span class='ocrx_word' id='word_1_30' title='bbox 611 533 874 591; x_wconf 87' lang='lat' dir='ltr'>Ecclesiae</span> <span class='ocrx_word' id='word_1_31' title='bbox 906 533 1174 610; x_wconf 89' lang='lat' dir='ltr'>dispersae</span> <span class='ocrx_word' id='word_1_32' title='bbox 1199 551 1566 606; x_wconf 89' lang='lat' dir='ltr'>consensum,</span> <span class='ocrx_word' id='word_1_33' title='bbox 1594 539 1762 609; x_wconf 90' lang='lat' dir='ltr'>prout</span> <span class='ocrx_word' id='word_1_34' title='bbox 1794 539 1987 591; x_wconf 85' lang='lat' dir='ltr'>contra</span> <span class='ocrx_word' id='word_1_35' title='bbox 2017 535 2142 594; x_wconf 89' lang='lat' dir='ltr'>Jan-</span> 
     </span>
     <span class='ocr_line' id='line_1_6' title="bbox 223 631 2171 708; baseline 0.003 -20"><span class='ocrx_word' id='word_1_36' title='bbox 223 633 462 689; x_wconf 88' lang='lat' dir='ltr'>senistas</span> <span class='ocrx_word' id='word_1_37' title='bbox 497 631 795 689; x_wconf 87' lang='lat' dir='ltr'>definitum</span> <span class='ocrx_word' id='word_1_38' title='bbox 834 637 939 689; x_wconf 83' lang='lat' dir='ltr'>est.</span> <span class='ocrx_word' id='word_1_39' title='bbox 976 632 1213 708; x_wconf 85' lang='lat' dir='ltr'><strong>Insuper</strong></span> <span class='ocrx_word' id='word_1_40' title='bbox 1253 631 1300 687; x_wconf 91' lang='lat' dir='ltr'>si</span> <span class='ocrx_word' id='word_1_41' title='bbox 1330 650 1580 705; x_wconf 82' lang='lat' dir='ltr'>suprema</span> <span class='ocrx_word' id='word_1_42' title='bbox 1617 638 1670 688; x_wconf 91' lang='lat' dir='ltr'>et</span> <span class='ocrx_word' id='word_1_43' title='bbox 1706 631 1867 705; x_wconf 79' lang='lat' dir='ltr'>plena-</span> <span class='ocrx_word' id='word_1_44' title='bbox 1903 636 2171 706; x_wconf 86' lang='lat' dir='ltr'>potestas·</span> 
     </span>
     <span class='ocr_line' id='line_1_7' title="bbox 222 711 2187 806; baseline 0.002 -18"><span class='ocrx_word' id='word_1_45' title='bbox 222 733 530 790; x_wconf 82' lang='lat' dir='ltr'>Ecclesiam</span> <span class='ocrx_word' id='word_1_46' title='bbox 564 732 803 789; x_wconf 90' lang='lat' dir='ltr'>docendi</span> <span class='ocrx_word' id='word_1_47' title='bbox 836 737 890 790; x_wconf 90' lang='lat' dir='ltr'>et</span> <span class='ocrx_word' id='word_1_48' title='bbox 929 731 1161 806; x_wconf 84' lang='lat' dir='ltr'>regendi</span> <span class='ocrx_word' id='word_1_49' title='bbox 1188 749 1301 788; x_wconf 91' lang='lat' dir='ltr'>non</span> <span class='ocrx_word' id='word_1_50' title='bbox 1334 711 1429 801; x_wconf 87' lang='lat' dir='ltr'>sit,</span> <span class='ocrx_word' id='word_1_51' title='bbox 1458 749 1560 788; x_wconf 91' lang='lat' dir='ltr'>nec</span> <span class='ocrx_word' id='word_1_52' title='bbox 1593 729 1651 786; x_wconf 92' lang='lat' dir='ltr'>in</span> <span class='ocrx_word' id='word_1_53' title='bbox 1675 730 1820 805; x_wconf 91' lang='lat' dir='ltr'>Papa</span> <span class='ocrx_word' id='word_1_54' title='bbox 1863 730 2005 803; x_wconf 80' lang='lat' dir='ltr'>sole,</span> <span class='ocrx_word' id='word_1_55' title='bbox 2043 749 2140 792; x_wconf 88' lang='lat' dir='ltr'>nec</span> <span class='ocrx_word' id='word_1_56' title='bbox 2185 767 2187 770; x_wconf 57' lang='lat'>&lt;</span> 
     </span>
     <span class='ocr_line' id='line_1_8' title="bbox 221 830 2141 907; baseline 0.002 -20"><span class='ocrx_word' id='word_1_57' title='bbox 221 831 279 887; x_wconf 92' lang='lat' dir='ltr'>in</span> <span class='ocrx_word' id='word_1_58' title='bbox 312 832 428 888; x_wconf 89' lang='lat' dir='ltr'>solo</span> <span class='ocrx_word' id='word_1_59' title='bbox 465 850 695 907; x_wconf 90' lang='lat' dir='ltr'>corpore</span> <span class='ocrx_word' id='word_1_60' title='bbox 731 831 1158 907; x_wconf 90' lang='lat' dir='ltr'>Episcoporum,</span> <span class='ocrx_word' id='word_1_61' title='bbox 1200 830 1297 888; x_wconf 90' lang='lat' dir='ltr'>sed</span> <span class='ocrx_word' id='word_1_62' title='bbox 1326 831 1384 887; x_wconf 92' lang='lat' dir='ltr'>in</span> <span class='ocrx_word' id='word_1_63' title='bbox 1417 831 1721 904; x_wconf 89' lang='lat' dir='ltr'>utriusque</span> <span class='ocrx_word' id='word_1_64' title='bbox 1746 830 2141 906; x_wconf 88' lang='lat' dir='ltr'>conjunctione</span> 
     </span>
     <span class='ocr_line' id='line_1_9' title="bbox 220 927 2141 1005; baseline 0.002 -20"><span class='ocrx_word' id='word_1_65' title='bbox 220 947 283 985; x_wconf 91' lang='lat' dir='ltr'>ac</span> <span class='ocrx_word' id='word_1_66' title='bbox 334 929 723 997; x_wconf 84' lang='lat' dir='ltr'>consensione,</span> <span class='ocrx_word' id='word_1_67' title='bbox 774 929 1066 1004; x_wconf 86' lang='lat' dir='ltr'>negandus</span> <span class='ocrx_word' id='word_1_68' title='bbox 1113 929 1396 1005; x_wconf 83' lang='lat' dir='ltr'>primatus</span> <span class='ocrx_word' id='word_1_69' title='bbox 1454 927 1868 1003; x_wconf 85' lang='lat' dir='ltr'>jurisdictionis</span> <span class='ocrx_word' id='word_1_70' title='bbox 1910 928 2141 988; x_wconf 87' lang='lat' dir='ltr'>Romani</span> 
     </span>
     <span class='ocr_line' id='line_1_10' title="bbox 217 1027 2222 1105; baseline 0.002 -21"><span class='ocrx_word' id='word_1_71' title='bbox 217 1027 519 1085; x_wconf 82' lang='lat' dir='ltr'>PontificiS.</span> <span class='ocrx_word' id='word_1_72' title='bbox 556 1027 788 1094; x_wconf 89' lang='lat' dir='ltr'>Quando</span> <span class='ocrx_word' id='word_1_73' title='bbox 829 1028 980 1085; x_wconf 90' lang='lat' dir='ltr'>enim</span> <span class='ocrx_word' id='word_1_74' title='bbox 1018 1046 1285 1103; x_wconf 91' lang='lat' dir='ltr'>suprema</span> <span class='ocrx_word' id='word_1_75' title='bbox 1320 1027 1644 1102; x_wconf 89' lang='lat' dir='ltr'>jurisdictio</span> <span class='ocrx_word' id='word_1_76' title='bbox 1684 1032 1766 1084; x_wconf 90' lang='lat' dir='ltr'>est</span> <span class='ocrx_word' id='word_1_77' title='bbox 1798 1045 1969 1103; x_wconf 90' lang='lat' dir='ltr'>penes</span> <span class='ocrx_word' id='word_1_78' title='bbox 2006 1027 2143 1088; x_wconf 88' lang='lat' dir='ltr'>duas</span> <span class='ocrx_word' id='word_1_79' title='bbox 2219 1101 2222 1105; x_wconf 13' lang='grc' dir='ltr'>ι</span> 
     </span>
     <span class='ocr_line' id='line_1_11' title="bbox 219 1125 2144 1203; baseline 0 -19"><span class='ocrx_word' id='word_1_80' title='bbox 219 1146 513 1203; x_wconf 86' lang='lat' dir='ltr'>personas,</span> <span class='ocrx_word' id='word_1_81' title='bbox 531 1127 606 1183; x_wconf 91' lang='lat' dir='ltr'>ita</span> <span class='ocrx_word' id='word_1_82' title='bbox 632 1132 692 1183; x_wconf 85' lang='lat' dir='ltr'>ut</span> <span class='ocrx_word' id='word_1_83' title='bbox 711 1126 901 1183; x_wconf 85' lang='lat' dir='ltr'>neutri</span> <span class='ocrx_word' id='word_1_84' title='bbox 933 1125 1173 1182; x_wconf 85' lang='lat' dir='ltr'>seorsim</span> <span class='ocrx_word' id='word_1_85' title='bbox 1203 1132 1445 1201; x_wconf 86' lang='lat' dir='ltr'>sumptae</span> <span class='ocrx_word' id='word_1_86' title='bbox 1472 1130 1778 1200; x_wconf 86' lang='lat' dir='ltr'>competat,</span> <span class='ocrx_word' id='word_1_87' title='bbox 1802 1126 1943 1182; x_wconf 81' lang='lat' dir='ltr'>falso</span> <span class='ocrx_word' id='word_1_88' title='bbox 1976 1132 2030 1183; x_wconf 91' lang='lat' dir='ltr'>et</span> <span class='ocrx_word' id='word_1_89' title='bbox 2054 1127 2144 1184; x_wconf 88' lang='lat' dir='ltr'>ab·</span> 
     </span>
     <span class='ocr_line' id='line_1_12' title="bbox 218 1225 2142 1302; baseline 0 -19"><span class='ocrx_word' id='word_1_90' title='bbox 218 1246 352 1284; x_wconf 87' lang='lat' dir='ltr'>sone</span> <span class='ocrx_word' id='word_1_91' title='bbox 393 1228 679 1284; x_wconf 83' lang='lat' dir='ltr'>diceretur</span> <span class='ocrx_word' id='word_1_92' title='bbox 714 1245 889 1282; x_wconf 88' lang='lat' dir='ltr'>unam</span> <span class='ocrx_word' id='word_1_93' title='bbox 932 1243 999 1281; x_wconf 87' lang='lat' dir='ltr'>ex</span> <span class='ocrx_word' id='word_1_94' title='bbox 1047 1225 1267 1282; x_wconf 87' lang='lat' dir='ltr'>duabus</span> <span class='ocrx_word' id='word_1_95' title='bbox 1300 1225 1414 1282; x_wconf 91' lang='lat' dir='ltr'>illis</span> <span class='ocrx_word' id='word_1_96' title='bbox 1464 1227 1722 1300; x_wconf 88' lang='lat' dir='ltr'>personis</span> <span class='ocrx_word' id='word_1_97' title='bbox 1768 1226 2018 1302; x_wconf 87' lang='lat' dir='ltr'>primatu</span> <span class='ocrx_word' id='word_1_98' title='bbox 2055 1226 2142 1301; x_wconf 88' lang='lat' dir='ltr'>ju-</span> 
     </span>
     <span class='ocr_line' id='line_1_13' title="bbox 216 1324 2143 1400; baseline 0 -18"><span class='ocrx_word' id='word_1_99' title='bbox 216 1325 565 1383; x_wconf 85' lang='lat' dir='ltr'>risdictionis</span> <span class='ocrx_word' id='word_1_100' title='bbox 608 1324 799 1400; x_wconf 89' lang='lat' dir='ltr'>potiri.</span> <span class='ocrx_word' id='word_1_101' title='bbox 845 1324 1114 1381; x_wconf 85' lang='lat' dir='ltr'>Haeretica</span> <span class='ocrx_word' id='word_1_102' title='bbox 1151 1342 1319 1400; x_wconf 88' lang='lat' dir='ltr'>porro</span> <span class='ocrx_word' id='word_1_103' title='bbox 1364 1330 1450 1381; x_wconf 91' lang='lat' dir='ltr'>est</span> <span class='ocrx_word' id='word_1_104' title='bbox 1486 1324 1705 1398; x_wconf 86' lang='lat' dir='ltr'>negatio</span> <span class='ocrx_word' id='word_1_105' title='bbox 1743 1325 2023 1399; x_wconf 88' lang='lat' dir='ltr'>primatus</span> <span class='ocrx_word' id='word_1_106' title='bbox 2056 1325 2143 1400; x_wconf 92' lang='lat' dir='ltr'>ju-</span> 
     </span>
     <span class='ocr_line' id='line_1_14' title="bbox 216 1408 2141 1499; baseline 0.001 -19"><span class='ocrx_word' id='word_1_107' title='bbox 216 1423 618 1481; x_wconf 90' lang='lat' dir='ltr'>risdictionalis</span> <span class='ocrx_word' id='word_1_108' title='bbox 661 1423 898 1480; x_wconf 86' lang='lat' dir='ltr'>Romani</span> <span class='ocrx_word' id='word_1_109' title='bbox 944 1424 1250 1495; x_wconf 82' lang='lat' dir='ltr'>Pontificis,</span> <span class='ocrx_word' id='word_1_110' title='bbox 1297 1429 1462 1499; x_wconf 92' lang='lat' dir='ltr'>prout</span> <span class='ocrx_word' id='word_1_111' title='bbox 1508 1423 1616 1499; x_wconf 90' lang='lat' dir='ltr'>ipsi</span> <span class='ocrx_word' id='word_1_112' title='bbox 1663 1408 1834 1481; x_wconf 89' lang='lat' dir='ltr'>etiam</span> <span class='ocrx_word' id='word_1_113' title='bbox 1877 1424 2141 1482; x_wconf 88' lang='lat' dir='ltr'>Gallicani</span> 
     </span>
     <span class='ocr_line' id='line_1_15' title="bbox 216 1520 2142 1598; baseline 0.001 -21"><span class='ocrx_word' id='word_1_114' title='bbox 216 1521 535 1598; x_wconf 82' lang='lat' dir='ltr'>systematis</span> <span class='ocrx_word' id='word_1_115' title='bbox 587 1539 857 1594; x_wconf 86' lang='lat' dir='ltr'>sequaces</span> <span class='ocrx_word' id='word_1_116' title='bbox 910 1521 1180 1578; x_wconf 86' lang='lat' dir='ltr'>fatentur.</span> <span class='ocrx_word' id='word_1_117' title='bbox 1227 1521 1493 1577; x_wconf 87' lang='lat' dir='ltr'>Fluerent</span> <span class='ocrx_word' id='word_1_118' title='bbox 1541 1525 1593 1576; x_wconf 90' lang='lat' dir='ltr'>et</span> <span class='ocrx_word' id='word_1_119' title='bbox 1637 1520 1745 1576; x_wconf 90' lang='lat' dir='ltr'>alia</span> <span class='ocrx_word' id='word_1_120' title='bbox 1787 1521 2035 1596; x_wconf 86' lang='lat' dir='ltr'>plurima</span> <span class='ocrx_word' id='word_1_121' title='bbox 2080 1540 2142 1579; x_wconf 87' lang='lat' dir='ltr'>ex</span> 
     </span>
     <span class='ocr_line' id='line_1_16' title="bbox 214 1618 2144 1695; baseline 0 -19"><span class='ocrx_word' id='word_1_122' title='bbox 214 1620 527 1695; x_wconf 89' lang='lat' dir='ltr'>objectione</span> <span class='ocrx_word' id='word_1_123' title='bbox 567 1620 913 1676; x_wconf 90' lang='lat' dir='ltr'>consectaria</span> <span class='ocrx_word' id='word_1_124' title='bbox 944 1619 1203 1677; x_wconf 89' lang='lat' dir='ltr'>haeretica</span> <span class='ocrx_word' id='word_1_125' title='bbox 1242 1625 1295 1676; x_wconf 90' lang='lat' dir='ltr'>et</span> <span class='ocrx_word' id='word_1_126' title='bbox 1333 1620 1565 1676; x_wconf 87' lang='lat' dir='ltr'>absona.</span> <span class='ocrx_word' id='word_1_127' title='bbox 1602 1618 1764 1675; x_wconf 88' lang='lat' dir='ltr'>Verbi</span> <span class='ocrx_word' id='word_1_128' title='bbox 1801 1620 2001 1693; x_wconf 87' lang='lat' dir='ltr'>gratia,</span> <span class='ocrx_word' id='word_1_129' title='bbox 2045 1620 2144 1676; x_wconf 88' lang='lat' dir='ltr'>Ro-</span> 
     </span>
     <span class='ocr_line' id='line_1_17' title="bbox 219 1719 2188 1795; baseline 0.001 -20"><span class='ocrx_word' id='word_1_130' title='bbox 219 1739 423 1776; x_wconf 89' lang='lat' dir='ltr'>manus</span> <span class='ocrx_word' id='word_1_131' title='bbox 458 1720 707 1776; x_wconf 83' lang='lat' dir='ltr'>Pontifex</span> <span class='ocrx_word' id='word_1_132' title='bbox 743 1739 855 1776; x_wconf 89' lang='lat' dir='ltr'>non</span> <span class='ocrx_word' id='word_1_133' title='bbox 894 1726 1038 1777; x_wconf 87' lang='lat' dir='ltr'>esset</span> <span class='ocrx_word' id='word_1_134' title='bbox 1071 1726 1233 1795; x_wconf 84' lang='lat' dir='ltr'>pater</span> <span class='ocrx_word' id='word_1_135' title='bbox 1272 1726 1323 1776; x_wconf 90' lang='lat' dir='ltr'>et</span> <span class='ocrx_word' id='word_1_136' title='bbox 1366 1719 1561 1776; x_wconf 87' lang='lat' dir='ltr'>doctor</span> <span class='ocrx_word' id='word_1_137' title='bbox 1593 1719 1930 1776; x_wconf 87' lang='lat' dir='ltr'>universalis</span> <span class='ocrx_word' id='word_1_138' title='bbox 1961 1719 2142 1777; x_wconf 88' lang='lat' dir='ltr'>Eccle-</span> <span class='ocrx_word' id='word_1_139' title='bbox 2185 1726 2188 1730; x_wconf 79' lang='grc'><strong>’</strong></span> 
     </span>
     <span class='ocr_line' id='line_1_18' title="bbox 217 1818 2140 1891; baseline 0.002 -20"><span class='ocrx_word' id='word_1_140' title='bbox 217 1818 331 1884; x_wconf 81' lang='lat' dir='ltr'>siae3</span> <span class='ocrx_word' id='word_1_141' title='bbox 363 1836 464 1873; x_wconf 91' lang='lat' dir='ltr'>nec</span> <span class='ocrx_word' id='word_1_142' title='bbox 492 1836 796 1891; x_wconf 89' lang='lat' dir='ltr'>supremus</span> <span class='ocrx_word' id='word_1_143' title='bbox 819 1819 1076 1875; x_wconf 90' lang='lat' dir='ltr'>omnium</span> <span class='ocrx_word' id='word_1_144' title='bbox 1104 1819 1318 1885; x_wconf 80' lang='lat' dir='ltr'>Pastor3</span> <span class='ocrx_word' id='word_1_145' title='bbox 1348 1837 1450 1874; x_wconf 91' lang='lat' dir='ltr'>nec</span> <span class='ocrx_word' id='word_1_146' title='bbox 1473 1823 1732 1874; x_wconf 90' lang='lat' dir='ltr'>centrum</span> <span class='ocrx_word' id='word_1_147' title='bbox 1760 1818 2016 1887; x_wconf 88' lang='lat' dir='ltr'>unitatis;</span> <span class='ocrx_word' id='word_1_148' title='bbox 2043 1835 2140 1874; x_wconf 91' lang='lat' dir='ltr'>nec</span> 
     </span>
     <span class='ocr_line' id='line_1_19' title="bbox 212 1916 2138 1975; baseline 0.003 -5"><span class='ocrx_word' id='word_1_149' title='bbox 212 1934 343 1970; x_wconf 87' lang='lat' dir='ltr'>cum</span> <span class='ocrx_word' id='word_1_150' title='bbox 388 1916 620 1971; x_wconf 73' lang='lat' dir='ltr'>veritate</span> <span class='ocrx_word' id='word_1_151' title='bbox 662 1917 729 1972; x_wconf 91' lang='lat' dir='ltr'>de</span> <span class='ocrx_word' id='word_1_152' title='bbox 772 1917 1011 1973; x_wconf 87' lang='lat' dir='ltr'>Ecclesia</span> <span class='ocrx_word' id='word_1_153' title='bbox 1052 1918 1301 1974; x_wconf 89' lang='lat' dir='ltr'>Romana</span> <span class='ocrx_word' id='word_1_154' title='bbox 1348 1917 1576 1974; x_wconf 83' lang='lat' dir='ltr'>dixisset</span> <span class='ocrx_word' id='word_1_155' title='bbox 1625 1924 1855 1974; x_wconf 88' lang='lat' dir='ltr'>sanctus</span> <span class='ocrx_word' id='word_1_156' title='bbox 1899 1919 2138 1975; x_wconf 84' lang='lat' dir='ltr'>Irenaeus</span> 
     </span>
     <span class='ocr_line' id='line_1_20' title="bbox 214 2013 2140 2088; baseline 0.002 -21"><span class='ocrx_word' id='word_1_157' title='bbox 214 2013 418 2068; x_wconf 76' lang='lat' dir='ltr'>saeculo</span> <span class='ocrx_word' id='word_1_158' title='bbox 456 2013 702 2068; x_wconf 89' lang='lat' dir='ltr'>secundo</span> <span class='ocrx_word' id='word_1_159' title='bbox 734 2035 743 2067; x_wconf 78' lang='grc' dir='ltr'>ε</span> <span class='ocrx_word' id='word_1_160' title='bbox 780 2013 863 2069; x_wconf 82' lang='lat' dir='ltr'>Ad</span> <span class='ocrx_word' id='word_1_161' title='bbox 899 2033 1076 2086; x_wconf 79' lang='lat' dir='ltr'>quam,</span> <span class='ocrx_word' id='word_1_162' title='bbox 1119 2023 1346 2088; x_wconf 78' lang='lat' dir='ltr'>propter</span> <span class='ocrx_word' id='word_1_163' title='bbox 1378 2018 1645 2088; x_wconf 73' lang='lat' dir='ltr'>potiorem</span> <span class='ocrx_word' id='word_1_164' title='bbox 1685 2017 1794 2087; x_wconf 78' lang='lat' dir='ltr'>ejus</span> <span class='ocrx_word' id='word_1_165' title='bbox 1823 2015 2140 2088; x_wconf 80' lang='lat' dir='ltr'>principali·</span> 
     </span>
     <span class='ocr_line' id='line_1_21' title="bbox 216 2112 2141 2186; baseline 0.002 -21"><span class='ocrx_word' id='word_1_166' title='bbox 216 2119 393 2182; x_wconf 80' lang='lat' dir='ltr'>tatem,</span> <span class='ocrx_word' id='word_1_167' title='bbox 433 2129 643 2167; x_wconf 77' lang='lat' dir='ltr'>necesse</span> <span class='ocrx_word' id='word_1_168' title='bbox 668 2120 748 2166; x_wconf 81' lang='lat' dir='ltr'>est</span> <span class='ocrx_word' id='word_1_169' title='bbox 779 2130 984 2169; x_wconf 81' lang='lat' dir='ltr'>omnem</span> <span class='ocrx_word' id='word_1_170' title='bbox 1018 2115 1290 2170; x_wconf 81' lang='lat' dir='ltr'>convenire</span> <span class='ocrx_word' id='word_1_171' title='bbox 1326 2112 1636 2184; x_wconf 79' lang='lat' dir='ltr'>Ecclesiam,</span> <span class='ocrx_word' id='word_1_172' title='bbox 1680 2114 1733 2168; x_wconf 80' lang='lat' dir='ltr'>id</span> <span class='ocrx_word' id='word_1_173' title='bbox 1767 2120 1866 2184; x_wconf 77' lang='lat' dir='ltr'>est,</span> <span class='ocrx_word' id='word_1_174' title='bbox 1906 2115 2141 2186; x_wconf 75' lang='lat' dir='ltr'>quisunt</span> 
     </span>
     <span class='ocr_line' id='line_1_22' title="bbox 216 2209 835 2281; baseline 0.005 -17"><span class='ocrx_word' id='word_1_175' title='bbox 216 2210 456 2281; x_wconf 78' lang='lat' dir='ltr'>undeque</span> <span class='ocrx_word' id='word_1_176' title='bbox 481 2209 688 2281; x_wconf 72' lang='lat' dir='ltr'>ficIeIeS,</span> <span class='ocrx_word' id='word_1_177' title='bbox 727 2215 835 2268; x_wconf 85' lang='lat' dir='ltr'>etc.</span> 
     </span>
    </p>
   </div>
   <div class='ocr_carea' id='block_1_3' title="bbox 954 2528 1409 2593">
    <p class='ocr_par' dir='ltr' id='par_1_3' title="bbox 954 2528 1409 2593">
     <span class='ocr_line' id='line_1_23' title="bbox 954 2528 1409 2593; baseline 0.004 -3"><span class='ocrx_word' id='word_1_178' title='bbox 954 2528 1207 2592; x_wconf 84' lang='lat' dir='ltr'><strong>CAPUT</strong></span> <span class='ocrx_word' id='word_1_179' title='bbox 1257 2530 1409 2593; x_wconf 92' lang='lat' dir='ltr'>VIII</span> 
     </span>
    </p>
   </div>
   <div class='ocr_carea' id='block_1_4' title="bbox 214 2711 2136 2890">
    <p class='ocr_par' dir='ltr' id='par_1_4' title="bbox 214 2711 2136 2890">
     <span class='ocr_line' id='line_1_24' title="bbox 478 2711 1870 2773; baseline 0.003 -26"><span class='ocrx_word' id='word_1_180' title='bbox 478 2711 919 2773; x_wconf 50' lang='lat' dir='ltr'>ARGUMENTUM</span> <span class='ocrx_word' id='word_1_181' title='bbox 942 2713 1029 2749; x_wconf 69' lang='lat' dir='ltr'>Ex</span> <span class='ocrx_word' id='word_1_182' title='bbox 1054 2714 1495 2752; x_wconf 65' lang='lat' dir='ltr'>Anstmnnwrn</span> <span class='ocrx_word' id='word_1_183' title='bbox 1521 2716 1870 2763; x_wconf 66' lang='lat' dir='ltr'>opnvlomls,</span> 
     </span>
     <span class='ocr_line' id='line_1_25' title="bbox 214 2776 2136 2830; baseline 0.003 -18"><span class='ocrx_word' id='word_1_184' title='bbox 214 2776 352 2821; x_wconf 62' lang='lat' dir='ltr'>{211AE</span> <span class='ocrx_word' id='word_1_185' title='bbox 376 2778 557 2813; x_wconf 71' lang='lat' dir='ltr'>PAPAE</span> <span class='ocrx_word' id='word_1_186' title='bbox 582 2778 862 2815; x_wconf 72' lang='lat' dir='ltr'>sunnon*</span> <span class='ocrx_word' id='word_1_187' title='bbox 887 2781 1238 2817; x_wconf 65' lang='lat' dir='ltr'>Eplscol’os</span> <span class='ocrx_word' id='word_1_188' title='bbox 1265 2783 1343 2817; x_wconf 70' lang='lat' dir='ltr'><strong>{J&#39;l&#39;</strong></span> <span class='ocrx_word' id='word_1_189' title='bbox 1369 2783 1694 2830; x_wconf 61' lang='lat' dir='ltr'>§mic-num,</span> <span class='ocrx_word' id='word_1_190' title='bbox 1726 2783 1943 2819; x_wconf 75' lang='lat' dir='ltr'>PAPAM</span> <span class='ocrx_word' id='word_1_191' title='bbox 1967 2783 2136 2818; x_wconf 69' lang='lat' dir='ltr'><strong>vnn«)</strong></span> 
     </span>
     <span class='ocr_line' id='line_1_26' title="bbox 648 2849 1715 2890; baseline 0.003 -7"><span class='ocrx_word' id='word_1_192' title='bbox 648 2849 988 2885; x_wconf 67' lang='lat' dir='ltr'>Episcopls</span> <span class='ocrx_word' id='word_1_193' title='bbox 1014 2851 1396 2887; x_wconf 65' lang='lat' dir='ltr'>conmnc&#39;nvn</span> <span class='ocrx_word' id='word_1_194' title='bbox 1422 2854 1715 2890; x_wconf 70' lang='lat' dir='ltr'>SUMPTIS.</span> 
     </span>
    </p>
   </div>
   <div class='ocr_carea' id='block_1_5' title="bbox 209 3008 2156 3684">
    <p class='ocr_par' dir='ltr' id='par_1_5' title="bbox 211 3008 2156 3382">
     <span class='ocr_line' id='line_1_27' title="bbox 289 3008 2156 3087; baseline 0.004 -22"><span class='ocrx_word' id='word_1_195' title='bbox 289 3008 728 3066; x_wconf 80' lang='lat' dir='ltr'>Praenotcmclum.</span> <span class='ocrx_word' id='word_1_196' title='bbox 767 3043 839 3052; x_wconf 93' lang='lat'>—-</span> <span class='ocrx_word' id='word_1_197' title='bbox 873 3009 985 3067; x_wconf 88' lang='lat' dir='ltr'>Hac</span> <span class='ocrx_word' id='word_1_198' title='bbox 1031 3011 1245 3069; x_wconf 88' lang='lat' dir='ltr'>famosa</span> <span class='ocrx_word' id='word_1_199' title='bbox 1295 3011 1682 3085; x_wconf 89' lang='lat' dir='ltr'>distinctione,</span> <span class='ocrx_word' id='word_1_200' title='bbox 1731 3032 1843 3087; x_wconf 89' lang='lat' dir='ltr'>qua</span> <span class='ocrx_word' id='word_1_201' title='bbox 1888 3012 2156 3072; x_wconf 85' lang='lat' dir='ltr'>Romano</span> 
     </span>
     <span class='ocr_line' id='line_1_28' title="bbox 212 3107 2133 3187; baseline 0.005 -25"><span class='ocrx_word' id='word_1_202' title='bbox 212 3107 470 3164; x_wconf 84' lang='lat' dir='ltr'>Pontifici</span> <span class='ocrx_word' id='word_1_203' title='bbox 522 3108 796 3166; x_wconf 81' lang='lat' dir='ltr'>tribuitur</span> <span class='ocrx_word' id='word_1_204' title='bbox 838 3128 1105 3185; x_wconf 86' lang='lat' dir='ltr'>suprema</span> <span class='ocrx_word' id='word_1_205' title='bbox 1155 3117 1403 3186; x_wconf 89' lang='lat' dir='ltr'>potestas</span> <span class='ocrx_word' id='word_1_206' title='bbox 1447 3115 1503 3168; x_wconf 79' lang='lat' dir='ltr'>in</span> <span class='ocrx_word' id='word_1_207' title='bbox 1545 3112 1832 3187; x_wconf 79' lang='lat' dir='ltr'>Episcopos</span> <span class='ocrx_word' id='word_1_208' title='bbox 1878 3115 2133 3187; x_wconf 52' lang='lat' dir='ltr'>stimulo-3,</span> 
     </span>
     <span class='ocr_line' id='line_1_29' title="bbox 212 3208 2135 3286; baseline 0.003 -23"><span class='ocrx_word' id='word_1_209' title='bbox 212 3225 323 3264; x_wconf 89' lang='lat' dir='ltr'>non</span> <span class='ocrx_word' id='word_1_210' title='bbox 349 3210 402 3264; x_wconf 81' lang='lat' dir='ltr'>in</span> <span class='ocrx_word' id='word_1_211' title='bbox 428 3208 718 3283; x_wconf 79' lang='lat' dir='ltr'>Episcopos</span> <span class='ocrx_word' id='word_1_212' title='bbox 746 3211 1011 3268; x_wconf 78' lang='lat' dir='ltr'>collective</span> <span class='ocrx_word' id='word_1_213' title='bbox 1039 3220 1298 3285; x_wconf 57' lang='lat' dir='ltr'>summac,</span> <span class='ocrx_word' id='word_1_214' title='bbox 1339 3211 1704 3286; x_wconf 89' lang='lat' dir='ltr'>potissimum</span> <span class='ocrx_word' id='word_1_215' title='bbox 1738 3211 1944 3269; x_wconf 92' lang='lat' dir='ltr'>nititur</span> <span class='ocrx_word' id='word_1_216' title='bbox 1971 3212 2135 3269; x_wconf 89' lang='lat' dir='ltr'>Galli-</span> 
     </span>
     <span class='ocr_line' id='line_1_30' title="bbox 211 3313 717 3382; baseline 0.008 -21"><span class='ocrx_word' id='word_1_217' title='bbox 211 3323 418 3362; x_wconf 91' lang='lat' dir='ltr'>canum</span> <span class='ocrx_word' id='word_1_218' title='bbox 454 3313 717 3382; x_wconf 83' lang='lat' dir='ltr'>systema.</span> 
     </span>
    </p>

    <p class='ocr_par' dir='ltr' id='par_1_6' title="bbox 209 3405 2130 3684">
     <span class='ocr_line' id='line_1_31' title="bbox 289 3405 2130 3485; baseline -0.001 -22"><span class='ocrx_word' id='word_1_219' title='bbox 289 3405 493 3463; x_wconf 82' lang='lat' dir='ltr'>Novam</span> <span class='ocrx_word' id='word_1_220' title='bbox 523 3424 664 3480; x_wconf 88' lang='lat' dir='ltr'>esse,</span> <span class='ocrx_word' id='word_1_221' title='bbox 710 3407 767 3463; x_wconf 91' lang='lat' dir='ltr'>id</span> <span class='ocrx_word' id='word_1_222' title='bbox 797 3414 900 3482; x_wconf 89' lang='lat' dir='ltr'>est,</span> <span class='ocrx_word' id='word_1_223' title='bbox 941 3410 1100 3467; x_wconf 92' lang='lat' dir='ltr'>nullo</span> <span class='ocrx_word' id='word_1_224' title='bbox 1139 3409 1498 3485; x_wconf 91' lang='lat' dir='ltr'>antiquitatis</span> <span class='ocrx_word' id='word_1_225' title='bbox 1525 3414 1893 3466; x_wconf 90' lang='lat' dir='ltr'>monumento</span> <span class='ocrx_word' id='word_1_226' title='bbox 1931 3406 2130 3466; x_wconf 86' lang='lat' dir='ltr'>sufful-</span> 
     </span>
     <span class='ocr_line' id='line_1_32' title="bbox 209 3501 2128 3585; baseline 0.004 -34"><span class='ocrx_word' id='word_1_227' title='bbox 209 3501 350 3569; x_wconf 88' lang='lat' dir='ltr'>tam,</span> <span class='ocrx_word' id='word_1_228' title='bbox 403 3503 641 3561; x_wconf 88' lang='lat' dir='ltr'>fidenter</span> <span class='ocrx_word' id='word_1_229' title='bbox 689 3507 889 3565; x_wconf 87' lang='lat' dir='ltr'>asserit</span> <span class='ocrx_word' id='word_1_230' title='bbox 929 3509 1010 3567; x_wconf 89' lang='lat' dir='ltr'>rei</span> <span class='ocrx_word' id='word_1_231' title='bbox 1049 3509 1442 3570; x_wconf 83' lang='lat' dir='ltr'>ecclesiasticae</span> <span class='ocrx_word' id='word_1_232' title='bbox 1479 3508 1861 3585; x_wconf 90' lang='lat' dir='ltr'>peritissimus</span> <span class='ocrx_word' id='word_1_233' title='bbox 1885 3503 2128 3579; x_wconf 14' lang='lat' dir='ltr'>,Balleri-</span> 
     </span>
     <span class='ocr_line' id='line_1_33' title="bbox 210 3594 2127 3684; baseline 0.007 -33"><span class='ocrx_word' id='word_1_234' title='bbox 210 3594 382 3652; x_wconf 88' lang='lat' dir='ltr'>nius:</span> <span class='ocrx_word' id='word_1_235' title='bbox 422 3600 588 3660; x_wconf 81' lang='lat' dir='ltr'>Velim</span> <span class='ocrx_word' id='word_1_236' title='bbox 623 3606 978 3681; x_wconf 72' lang='lat' dir='ltr'>adversarios,</span> <span class='ocrx_word' id='word_1_237' title='bbox 1009 3610 1110 3683; x_wconf 88' lang='lat' dir='ltr'>ait,</span> <span class='ocrx_word' id='word_1_238' title='bbox 1153 3614 1240 3684; x_wconf 78' lang='lat' dir='ltr'>qui</span> <span class='ocrx_word' id='word_1_239' title='bbox 1281 3611 1594 3684; x_wconf 77' lang='lat' dir='ltr'>antiquitate</span> <span class='ocrx_word' id='word_1_240' title='bbox 1634 3608 1956 3680; x_wconf 64' lang='lat' dir='ltr'>fior-tantur,</span> <span class='ocrx_word' id='word_1_241' title='bbox 1994 3604 2127 3659; x_wconf 82' lang='lat' dir='ltr'>hanc</span> 
     </span>
    </p>
   </div>
  </div>
 </body>
</html>
