2306 4010
342 197 431 245 178
644 207 653 215 ·
788 157 810 163 ”
1020 179 1313 230 'falernus
1343 179 1411 227 nr:
1441 179 1587 228 PAPA.

342 304 495 361 rium
527 324 536 356 :
563 303 700 374 qu,
727 295 934 370 inquit,
971 291 1155 364 roqavi
1186 306 1288 363 pro
1323 294 1375 344 te
1406 293 1596 344 utnon
1636 287 1854 362 deficiat
1881 290 2014 362 fides
2045 297 2136 346 tua
2147 311 2167 356 ‚-
2202 298 2261 364 ta

344 403 597 473 confirma
635 397 852 466 fratres.
894 387 958 444 Et
992 386 1130 443 item
1163 382 1310 441 dixit
1350 385 1535 456 Petro,
1559 375 1723 460 pasce
1750 403 1871 443 oves
1883 407 1901 452 ‚·
1935 404 2050 443 non
2070 390 2258 446 autem

340 498 557 564 ovihuS,
581 492 778 566 pascite
794 492 1089 561 pastorem.
1119 483 1181 540 Et
1206 482 1437 541 tandem
1461 501 1576 541 non
1602 484 1767 556 dixit,
1799 503 1891 541 vos
1909 487 2034 542 estis
2055 493 2246 560 petrae,

336 603 386 652 et
414 609 575 666 super
605 591 701 644 has
727 594 913 660 petras
948 585 1222 658 aedificabo
1258 583 1555 642 Ecclesiam
1597 603 1770 642 meam
1806 585 1981 660 (quod
2008 585 2269 660 quidam.¹

334 690 538 749 Gallice
558 687 639 744 sic
666 685 945 762 expressit
977 683 1149 743 :Vous
1184 686 1294 741 etes
1327 703 1399 741 un
1427 693 1510 742 tas
1546 686 1613 742 de
1634 686 1867 761 pierres,
1907 692 1958 742 et
1985 703 2080 742 sur
2107 612 2306 769 oetas-¹

333 791 397 846 cle
419 789 623 862 pierres
652 787 707 859 je
730 786 925 842 beitirai
957 803 1080 841 mon
1105 772 1336 858 quise)‚·
1375 784 1474 842 sed
1506 784 1673 858 dixit,
1705 794 1759 842 ta
1785 804 1839 842 es
1871 786 2060 843 Petrus
2086 793 2138 843 et
2157 803 2246 842 su-
2301 775 2306 791 ¹

327 885 574 960 perhanc
591 891 823 958 petram.
853 882 950 939 Est
972 881 1185 939 scilicet
1206 881 1420 939 dictum
1441 882 1786 958 gallicanum
1814 889 2060 961 systema
2086 899 2251 960 aper-

327 983 616 1041 tissimum
657 982 864 1040 erroris
914 988 1270 1050 monstrum;
1325 982 1499 1056 quod,
1541 1001 1654 1040 non
1683 989 1909 1041 tantum
1939 988 2003 1040 ut
2057 1000 2253 1040 verum

329 1084 651 1155 defendere,
678 1083 775 1141 sed
804 1088 859 1140 et
889 1088 952 1140 ut
977 1082 1302 1157 opinionem
1319 1083 1539 1139 liberam
1565 1090 1620 1140 et
1636 1082 1833 1140 licitam
1861 1099 2250 1159 propugnare,

328 1184 680 1242 certissimus
705 1200 862 1240 error
895 1188 980 1239 est
1020 1187 1074 1239 et
1119 1182 1437 1239 certissima
1462 1182 1845 1258 praevaricatio
1872 1207 1883 1251 3
1915 1201 1944 1239 a
1977 1201 2089 1256 qua
2115 1198 2258 1238 non-

327 1283 440 1340 nisi
471 1284 541 1339 oh
564 1281 943 1356 ignorantiam
968 1288 1022 1339 et
1050 1281 1260 1338 bonam
1286 1280 1453 1339 fidem
1475 1268 1780 1357 quisquam
1820 1281 2036 1339 absolvi
2064 1281 2252 1350 debet,

330 1382 376 1439 si
404 1400 671 1458 respuere
702 1387 949 1440 recuset.

475 1619 498 1670 g
527 1618 566 1658 fi.
596 1642 649 1648 —
679 1618 827 1661 Textus
843 1618 1012 1661 loannis
1040 1619 1135 1674 (xxi,
1156 1617 1222 1670 15)
1245 1631 1254 1660 ε
1280 1620 1408 1662 Pasce
1432 1629 1565 1671 aqnos
1587 1630 1714 1669 meos,
1730 1629 1860 1671 pasce
1875 1629 1972 1662 oves
1989 1629 2119 1661 meas.

404 1771 698 1828 Pnoposmo
716 1773 779 1828 1³.
811 1806 880 1814 —
902 1773 960 1830 Vi
983 1774 1134 1846 liujus
1166 1781 1342 1831 textas
1356 1776 1448 1849 jas
1474 1782 1525 1831 et
1552 1775 1784 1848 officium
1805 1773 1957 1829 habet
1979 1772 2250 1830 Romanus

325 1868 582 1943 Pontiseoe
608 1871 789 1942 fideles
811 1889 873 1926 ac
898 1871 1348 1947 Episcoposipsos
1378 1890 1555 1928 omnes
1581 1872 1807 1945 quolibet
1832 1878 2095 1927 momento
2118 1889 2248 1945 pas-

328 1969 479 2025 cendi
496 1990 514 2034 ‚·
549 1988 609 2025 ac
641 1972 869 2025 vicissim
890 1978 1138 2028 tenentur
1168 1971 1397 2044 quolibet
1426 1979 1660 2045 tempore
1688 1970 1871 2043 fideles
1897 1988 1958 2025 ac
1999 1969 2249 2045 Episcopi

328 2085 507 2124 omnes
547 2086 639 2124 sea
667 2075 807 2125 totas
849 2068 1098 2126 Ecclesiae
1127 2089 1279 2143 orem,
1319 2073 1555 2144 pascenti
1591 2070 1829 2127 Romano
1857 2068 2104 2142 Pontifici
2130 2070 2245 2125 obe-

330 2169 467 2224 dire.
493 2201 563 2209 -
590 2166 812 2223 Etenim
826 2179 963 2224 *non
997 2168 1213 2225 dicitur
1244 2168 1405 2226 Petro
1442 2174 1506 2225 ut
1545 2171 1751 2242 aliquas
1786 2167 2078 2225 dumtaxat
2121 2187 2245 2226 oves

326 2269 594 2341 aliquosve
625 2285 795 2340 agnos
830 2274 1046 2342 pascat,
1082 2267 1178 2323 sed
1220 2267 1556 2344 simpliciter
1588 2274 1643 2324 et
1669 2267 1881 2341 absque
1911 2266 2029 2322 ulla
2060 2283 2253 2342 excep-

326 2367 500 2441 tione,
522 2385 685 2441 pasce
703 2385 892 2440 aynae,
908 2386 1067 2442 pasce
1086 2356 1226 2424 oves.
1249 2368 1427 2443 Igitur
1446 2374 1601 2425 totus
1622 2367 1881 2425 Ecclesiae
1899 2385 2054 2441 grex,
2075 2384 2254 2423 omnes

331 2467 545 2525 scilicet
582 2466 714 2539 agni
745 2472 799 2524 et
825 2484 977 2539 oves,
1028 2485 1091 2524 ac
1119 2467 1358 2543 proinde
1384 2467 1495 2543 ipsi
1540 2466 1711 2524 etiam
1741 2466 1997 2542 Episcopi
2033 2465 2254 2541 abipso

329 2565 596 2643 pascendi
647 2570 1001 2622 statuuntur.
1049 2566 1289 2624 Aliunde
1341 2568 1447 2622 hoc
1489 2566 1539 2623 ei
1581 2565 1833 2622 officium
1876 2564 2256 2622 committitur

330 2668 521 2738 absque
542 2663 656 2719 ulla
681 2667 809 2720 certi
836 2667 1089 2739 temporis
1121 2667 1517 2735 constitutione,
1546 2671 1609 2721 ut
1644 2665 1722 2720 ait
1745 2665 1875 2721 Pius
1897 2664 1963 2721 VI
1997 2667 2010 2725 l
2016 2665 2074 2720 in
2092 2665 2250 2722 Brevi

329 2761 398 2819 de
425 2761 807 2834 NuntiaturiS,
841 2780 964 2836 cap.
998 2783 1102 2836 vm,
1131 2769 1268 2820 sect.
1297 2762 1362 2834 II,
1394 2781 1453 2819 n.
1494 2762 1618 2829 25);
1655 2761 1892 2837 proinde
1916 2779 2246 2838 permanen-

326 2865 413 2916 ter
448 2866 500 2916 et
523 2859 776 2934 quolibet
801 2866 1110 2918 momentO.
1146 2861 1209 2918 Et
1242 2861 1394 2935 quod
1422 2861 1499 2917 ibi
1525 2861 1684 2917 Petro
1731 2859 2128 2931 committitur,
2160 2861 2244 2937 ip-

330 2959 449 3016 sius
473 2958 646 3015 etiam
678 2960 1121 3031 successoribUS,
1153 2979 1252 3019 seu
1289 2961 1557 3018 Romanis
1583 2959 1945 3017 Pontificibus
1982 2961 2248 3018 commis-

331 3074 459 3113 sum
521 3057 739 3114 censeri
790 3058 981 3126 debet3
1029 3058 1310 3133 siquidem
1362 3058 1589 3116 nolebat
1635 3059 1890 3116 Christus
1944 3059 2244 3116 Summum
2304 3121 2306 3146 ἦ

327 3154 587 3213 Ecclesiae
614 3175 730 3214 suae
759 3164 1046 3234 pastorem
1084 3160 1432 3217 constituere
1475 3160 1767 3218 dumtaxat
1792 3177 1973 3234 usque
1998 3159 2067 3216 ad
2101 3157 2250 3216 Petri
2305 3148 2306 3153 ἵ

333 3254 576 3328 obitum,
599 3256 695 3314 sed
714 3276 892 3334 usque
916 3259 987 3316 ad
1011 3260 1562 3318 consummationem
1587 3259 1781 3317 saeculi
1807 3283 1817 3329 ;
1841 3265 2012 3335 prout
2023 3265 2245 3316 caetero-

333 3352 473 3424 quin
502 3360 619 3413 tota
647 3357 875 3415 Patrum
910 3358 1142 3416 traditio
1173 3359 1490 3417 confirmat.
2255 3351 2260 3356 ⁷
2296 3354 2300 3367 ¹

416 3452 536 3510 Non
564 3461 753 3512 autem
779 3457 965 3533 potuit
999 3457 1252 3516 Christus
1283 3458 1397 3516 tale
1446 3457 1695 3515 officium
1723 3458 1974 3515 Romano
1998 3453 2250 3512 Pontifici
2283 3446 2302 3474 ³

337 3552 709 3625 committere,
743 3555 883 3629 quin
922 3555 1098 3613 simul
1127 3574 1356 3631 gregem
1380 3561 1565 3614 totum
1607 3556 1677 3613 ad
1701 3552 2078 3613 obediendum
2114 3551 2266 3608 huic·=
2303 3571 2306 3596 ι

335 3644 570 3702 Summo
598 3645 832 3719 Pastori,
867 3649 1059 3707 stricte
1099 3649 1408 3724 obligatum
1449 3648 1713 3718 voluerit,
1765 3653 1820 3705 et
1859 3645 2090 3721 quidem
2120 3661 2258 3721 per-x
2299 3690 2306 3700 .
