2262 3990
278 147 367 194 596
957 132 1259 181 TRACTATUS
1290 132 1356 178 DE
1384 133 1530 182 PAPA.

279 254 332 305 et
364 242 739 320 quadraginta
761 237 990 295 circiter
1014 235 1177 292 annis
1205 237 1274 292 ab
1298 235 1482 312 ipsius
1517 236 1918 312 celebratione,
1948 258 2051 299 nec
2077 217 2226 323 eam-

279 349 509 402 sanctus
533 336 886 411 Augustinus
916 336 1255 410 ignorasset.
1298 335 1499 410 Agitur
1533 336 1685 393 enim
1726 337 1795 394 de
1834 338 2073 397 concilio
2097 358 2200 402 nu·
2256 355 2262 410 ¹:

2255 306 2262 350 i

277 435 685 515 merqsissimo,
709 435 992 509 siquidem
1015 434 1066 490 ei
1083 433 1479 492 interfuissent
1502 436 1787 509 octoginta
1809 442 2026 513 septem
2051 429 2221 514 Epis-“s⁴
2260 479 2262 484 -

275 536 397 611 copi
424 559 433 602 ;
467 541 520 591 et
547 553 648 608 pro
673 553 839 610 scopo
864 533 1156 591 habuisset
1182 553 1415 591 causam
1449 535 1902 609 celeberrimam,
1933 555 2057 610 quae
2084 550 2214 603 om÷5

275 653 376 691 nes
418 633 617 690 Africae
650 631 926 689 Ecclesias
974 632 1399 704 commovisset,
1432 633 1685 690 videlicet
1717 634 2221 712 impugnationem}

275 741 331 793 et
374 733 766 810 repulsionem
820 732 1061 806 decreti,
1114 751 1226 806 quo
1271 732 1563 790 Romanus
1608 733 1859 791 Pontifex
1887 733 2228 810 Stephanus}

275 833 598 890 Africanam
658 831 1043 908 rebaptizandi
1090 831 1565 888 consuetudinem
1600 831 2104 906 condemnaverat,
2155 823 2231 914 εἰῇ,

276 934 555 991 Africanis
576 933 951 1004 antistitibus,
973 932 1084 989 nisi
1114 933 1180 989 ab
1207 951 1271 989 ea
1289 933 1643 1004 desisterent,
1667 933 2206 991 excommunicatio-

278 1053 410 1092 nem
439 1034 833 1090 intentaverat.
873 1032 1024 1102 Tale,
1058 1033 1318 1107 inquam,
1347 1033 1676 1106 concilium,
1707 1034 1754 1090 si
1781 1034 2038 1091 habitum
2069 1034 2216 1092 fuis-
2236 1023 2262 1072 ’-

279 1142 386 1206 set,
435 1153 730 1191 remanere
756 1134 955 1190 debuit
983 1139 1135 1190 certa
1163 1135 1229 1190 de
1258 1134 1378 1210 ipso
1422 1134 1572 1209 apud
1601 1133 1896 1191 Africanas
1932 1135 2208 1192 Ecclesias
2231 1147 2244 1211 ᾗς

278 1233 479 1289 notitia
505 1258 514 1301 ;
548 1239 599 1290 et
621 1232 678 1287 in
698 1231 994 1306 hypothesi
1023 1232 1174 1305 quod
1195 1231 1546 1288 interiissent
1582 1238 1706 1288 acta
1733 1232 1857 1305 ejus
1881 1233 2206 1291 authentica

279 1332 351 1388 ob
382 1332 814 1387 subsecutarum
845 1331 1308 1405 persecutionum
1355 1330 1648 1402 saevitiem,
1694 1330 2065 1394 remansisset
2099 1331 2206 1388 sal-

278 1437 394 1486 tem
446 1436 600 1486 extra
647 1449 875 1487 omnem
918 1431 1333 1490 dubitationem
1366 1431 1702 1488 transmissa
1744 1431 1945 1487 notitia
1972 1431 2039 1487 de
2066 1431 2206 1490 facto

280 1528 464 1603 ipsius
496 1529 917 1600 celebrationis,
950 1534 1003 1585 et
1039 1530 1106 1585 de
1155 1530 1468 1606 approbata
1497 1529 1826 1603 sancitaque
1855 1529 2206 1586 unanimiter
2238 1591 2239 1594 Ἴ

280 1647 310 1684 a
343 1629 599 1685 Patribus
623 1630 1005 1705 rebaptizandi
1035 1630 1216 1705 praxi,
1248 1636 1446 1687 contra
1474 1630 1713 1688 Romani
1742 1630 2027 1687 Pontificis
2067 1629 2209 1686 deci-

281 1726 497 1782 sionem
537 1734 586 1782 et
630 1729 1096 1803 praeceptionem.

355 1826 382 1880 J
389 1844 479 1881 am
503 1844 632 1881 vero
660 1827 962 1883 Donatistis
991 1827 1271 1901 ejusmodi
1306 1828 1613 1884 concilium
1642 1827 2065 1902 objicientibUS,
2093 1844 2207 1884 res-

282 1925 491 2000 pondet
518 1933 747 1981 sanctus
775 1926 1125 1998 Augustinus
1156 1934 1322 2001 prout
1357 1927 1685 2002 responderi
1718 1928 1862 1984 solet
1907 1928 1975 1983 ad
2011 1927 2211 2001 allega-

281 2025 495 2082 tionem
524 2026 766 2100 alicujus
794 2026 1136 2097 documenti,
1163 2027 1230 2081 de
1249 2027 1413 2100 cujus
1434 2027 1866 2083 authenticitate
1887 2027 2208 2084 nullatenus
2231 2075 2235 2078 .

284 2132 525 2196 constat,
577 2126 841 2199 quodque
890 2126 1038 2182 inter
1085 2127 1277 2200 spuria
1322 2134 1374 2183 et
1420 2126 1658 2182 conficta
1710 2127 1915 2182 merito
1959 2127 2213 2201 rejicitur

285 2223 461 2279 donec
492 2224 806 2297 genuinum
851 2224 1300 2280 demonstretur.
1333 2224 1467 2280 Nam
1498 2231 1546 2278 et
1582 2242 1696 2292 voa,
1727 2223 1933 2297 inquit,
1955 2225 2212 2296 profertis

286 2324 565 2379 concilium
602 2323 878 2397 Cypriani,
909 2325 1048 2398 quod
1071 2331 1290 2379 autnon
1323 2331 1401 2379 est
1435 2324 1660 2395 sactum,
1687 2329 1777 2377 aut
1810 2324 2009 2378 caeteris
2037 2325 2211 2382 unita-¹

287 2426 352 2479 tis
378 2426 624 2480 membris
644 2443 675 2480 a
699 2427 876 2498 quibus
899 2426 985 2481 ille
1011 2443 1115 2480 non
1139 2425 1335 2480 divisus
1368 2431 1445 2479 est
1468 2423 1655 2478 merito
1679 2430 2009 2497 superatum.
2035 2421 2209 2494 Neque

284 2525 422 2577 enim
465 2531 750 2597 propterea
802 2543 984 2580 stemus
1033 2524 1308 2598 Cypriano
1360 2523 1632 2594 meliores,
1675 2524 1722 2577 si
1780 2529 1956 2577 tamen
2013 2522 2210 2577 censuit

285 2621 559 2678 haereticos
613 2625 779 2680 denuo
825 2625 1086 2698 baptizari
1138 2626 1351 2698 (contra
1417 2622 1779 2693 Cresconium,
1838 2621 1986 2677 libro
2038 2619 2078 2687 l,
2125 2630 2237 2695 (za-j

286 2723 403 2799 pite
443 2726 623 2796 xxxn).

362 2820 603 2896 Insuper
639 2821 790 2894 quod
830 2827 966 2877 tunc
1017 2827 1383 2879 controversa
1434 2820 1629 2891 tuerit,
1666 2825 1781 2875 tam
1815 2819 1951 2876 dicti
1987 2815 2205 2875 concilii
2233 2857 2250 2876 .

286 2939 459 2995 quam
500 2920 744 2976 aliorum
788 2920 1065 2994 ejusmodi
1117 2920 1594 2978 documentorum
1645 2918 2069 2987 authenticitaS,
2119 2935 2206 2974 ex-

287 3038 482 3097 presse
522 3026 765 3077 testatur
811 3020 961 3077 idem
1002 3026 1230 3076 sanctus
1256 3019 1610 3095 Augustinus
1646 3017 1733 3073 his
1768 3016 1949 3073 verbis
1980 3036 1990 3068 :
2023 3015 2205 3084 Quam·
2233 3078 2240 3091 ,

289 3138 444 3193 quam
468 3139 575 3177 non
603 3122 775 3176 desint
802 3122 888 3194 qui
917 3121 1013 3176 hoe
1043 3120 1369 3194 Cyprianum
1386 3137 1614 3194 prorsus
1637 3135 1743 3172 non
1765 3118 1990 3172 sensisse
2009 3121 2208 3171 eonten-

290 3222 441 3292 dant,
471 3225 567 3279 secl
591 3226 683 3280 sub
717 3226 826 3297 ejus
866 3226 1081 3279 nomine
1112 3243 1143 3279 a
1171 3223 1650 3298 praesmnptoribus
1683 3227 1838 3293 atque
1874 3205 2239 3274 mendacibus'

289 3324 452 3394 fuisse
482 3327 762 3397 eonsictmn
787 3323 1045 3401 (epistola
1065 3323 1134 3380 ad
1158 3323 1512 3380 Vincentium
1539 3318 1938 3394 Rogatianum,
1966 3317 2202 3390 Operum

291 3427 444 3480 tomo
477 3424 545 3494 II,
587 3444 714 3501 pag.
749 3427 882 3495 246,
917 3424 1183 3482 editionis
1218 3419 1764 3491 Benedictinorum).
1798 3415 1952 3472 Unde
1999 3414 2206 3488 ipsam·

292 3528 406 3575 met
436 3522 709 3598 Cypriano
741 3525 1075 3582 attributam
1117 3523 1184 3581 de
1219 3521 1569 3581 conferendo
1614 3515 1973 3575 venientibus
2007 3512 2076 3568 ab
2098 3512 2204 3566 hae-

293 3617 406 3672 resi
446 3619 782 3694 baptismate
826 3626 1189 3695 sententiam,
1246 3623 1316 3682 ad
1363 3622 1580 3679 incerta
1619 3623 1674 3675 et
1709 3613 1952 3690 gratuito
1995 3612 2203 3667 asserta
