2262 3990
229 116 317 164 606
356 131 358 133 >
387 89 392 92 ’
895 106 1194 154 TRACTATus
1225 106 1291 152 nr.
1320 106 1469 153 ΡΑΡΑ.

233 224 462 295 aliquam
496 219 774 286 rationem,
804 233 871 271 ex
901 232 1012 287 qua
1046 231 1241 270 verum
1277 218 1499 289 reputet
1524 213 1582 270 id
1613 214 1763 288 quod
1788 217 2182 292 pronuntiat,.-
2260 263 2262 265 -

231 337 420 389 revera
468 313 699 389 proprie
730 312 945 371 dictum
966 313 1175 370 emittit
1206 314 1487 387 judicium.
1524 314 1706 387 Atque
1738 313 1799 370 id
1823 315 2141 376 verificatur
2226 366 2230 368 v

229 416 395 472 etiam
422 413 481 468 in
512 430 649 469 casu
683 430 796 485 quo
827 417 998 468 errat.
1029 412 1172 468 Sane
1204 411 1572 485 magistratus
1602 411 1722 486 qui,
1750 411 1958 470 auditis
1985 415 2138 472 testi·
2174 423 2198 478 s

231 514 458 584 moniiS,
490 514 578 570 vel
605 518 827 570 sontem
865 512 1125 584 absolvit,
1174 512 1263 570 vel
1295 512 1652 569 innocentem
1692 511 1951 585 damnat,
1987 530 2138 573 erro-
2191 580 2197 589 ,η

232 632 335 672 nee
356 613 711 690 pronuntiat,
740 619 794 670 et
822 620 1011 670 tamen
1043 613 1164 687 ejus
1198 614 1478 671 sententia
1507 614 1766 686 judicium
1789 613 1858 670 ab
1884 614 2143 675 omnibus
2202 595 2208 600 ⁸

232 713 462 770 dicitur.
489 746 565 753 —
591 713 928 788 Respondeo
968 714 1199 770 secundo
1226 734 1242 766 .-
1269 713 1504 770 Necesse
1531 731 1644 769 non
1685 719 1770 770 est
1812 718 1874 768 ut
1905 712 2050 770 ratio
2076 716 2163 772 ob¹
2187 722 2190 723 ’

233 830 406 884 quam
434 810 739 886 Episcopus
764 810 822 867 in
845 810 1083 868 coneilio
1111 829 1300 868 veram
1329 810 1660 887 pronuntiat
1687 809 2032 886 pontificiam
2060 811 2147 870 de-

234 909 573 981 finitionem,
608 910 940 967 desumatur
967 911 1034 967 ab
1075 912 1360 967 intrinseco
1397 909 1724 985 quaestionis
1753 909 2023 979 definit-333
2053 909 2146 968 sed

235 1010 443 1067 suffieit
481 1010 652 1068 etiam
682 1011 827 1068 ratio
857 1011 1158 1085 desumpta
1195 1029 1261 1067 ex
1307 1011 1497 1084 aliquo
1523 1009 1798 1085 principio
1830 1011 2141 1067 emti-insece.
2164 1011 2174 1026 ¹

235 1110 398 1166 Verbi
428 1110 630 1183 gratia,
663 1110 759 1185 qui
787 1110 987 1184 dogma
1027 1109 1316 1166 Trinitatis
1357 1128 1551 1167 verum
1571 1109 1806 1184 judicat,
1849 1127 1963 1165 non
1989 1127 2054 1166 ex
2087 1126 2148 1167 eo
2215 1143 2217 1146 ·

238 1210 386 1283 quod
427 1210 793 1266 intrinsecam
827 1210 949 1284 ejus
985 1209 1279 1267 veritatem
1318 1209 1614 1286 percipiat,
1655 1209 1750 1266 sed
1791 1208 1923 1283 quia
1950 1209 2028 1265 ila
2060 1209 2150 1266 do·-

239 1316 477 1366 cuerunt
515 1310 767 1367 Christus
793 1316 847 1366 et
894 1311 1155 1385 apostoli,
1199 1310 1298 1384 qui
1328 1311 1531 1367 falsum
1571 1310 1792 1366 tradere
1826 1326 1939 1365 non
1960 1313 2151 1383 potue-

238 1415 394 1479 runt,
432 1409 480 1466 is
523 1408 749 1485 proprie
772 1409 986 1466 dictum
1030 1409 1314 1483 judicium
1364 1409 1592 1467 emittit.
1639 1407 1911 1465 Similiter
1937 1406 1983 1464 si
2033 1405 2153 1482 quis

238 1510 549 1585 Episcopus
586 1510 646 1565 in
685 1510 922 1566 concilio
943 1509 1187 1583 generali
1215 1528 1403 1566 veram
1434 1508 1760 1585 pronuntiet
1794 1506 2035 1581 alicujus
2062 1524 2153 1563 an-

241 1610 465 1667 terioris
494 1610 855 1667 oecumenicae
881 1610 1078 1686 synodi
1105 1610 1481 1683 dogmaticam
1513 1608 1921 1679 definitionem,
1952 1625 2066 1664 non
2095 1623 2157 1662 ex

243 1729 305 1767 eo
331 1710 481 1783 quod
516 1710 824 1768 intrinsece
851 1729 1037 1768 veram
1059 1710 1217 1767 illam
1236 1710 1618 1768 definitionem
1640 1707 1938 1785 percipiat,
1962 1706 2058 1764 sed
2079 1724 2160 1763 so·

245 1810 539 1866 luminodo
572 1810 705 1884 quia
731 1811 1076 1868 oecumenica
1119 1810 1371 1885 synodus
1397 1828 1521 1884 quae
1559 1809 1678 1884 jam
1710 1808 1792 1865 sic
1839 1805 2158 1881 pronuntia-

245 1911 531 1966 viterrare
571 1929 682 1966 non
715 1912 914 1985 potuit,
947 1911 994 1967 is
1029 1911 1202 1967 etiam
1239 1912 1465 1986 proprie
1496 1909 1711 1968 dictum
1743 1910 2007 1983 judicium
2032 1924 2156 1983 pro-

245 2011 376 2066 fert.
410 2010 648 2079 Pariter,
695 2009 741 2064 si
779 2009 1015 2066 Romani
1067 2010 1344 2067 Pontificjs
1377 2010 1762 2067 definitionem
1793 2026 1984 2066 veram
2030 2022 2162 2082 pro-
2235 2070 2238 2072 v

246 2109 492 2179 nuntiet,
524 2126 589 2164 ex
622 2127 685 2163 ea
733 2109 1028 2165 dumtaxat
1069 2108 1313 2178 ratione,
1347 2109 1502 2182 quod
1537 2127 1727 2165 errare
1759 2125 1874 2164 non
1916 2103 2163 2188 potuerit
2220 2126 2241 2174 Q

241 2208 528 2277 Romanus
554 2205 824 2276 Pontifex,
859 2212 1051 2281 utpote
1078 2206 1177 2279 qui
1214 2206 1528 2263 infallibilis
1556 2207 1629 2263 sit
1671 2206 1730 2262 in
1765 2204 2045 2281 ejusmodi
2067 2201 2159 2260 de·
2206 2199 2222 2242 f

244 2298 617 2370 finitionibuS,
661 2303 716 2354 et
765 2297 855 2353 eui
897 2298 1166 2374 competit
1219 2297 1543 2354 universam
1590 2297 1894 2355 Ecclesiam
1973 2294 2159 2353 ocendi

245 2407 291 2455 et
318 2399 531 2471 rependi
565 2397 727 2471 plena
755 2405 804 2452 et
837 2416 1085 2471 suprema
1112 2404 1377 2472 potes-tae,
1411 2403 1466 2454 et
1502 2397 1596 2454 cui
1636 2396 1938 2455 christiani
1971 2413 2160 2452 omnes

247 2498 409 2572 ipsius
448 2517 648 2571 quoque
700 2500 886 2554 mentis
919 2499 1222 2572 obsequium
1262 2506 1521 2572 praestare
1571 2506 1834 2570 tenentur,
1878 2497 1927 2554 is
1980 2497 2187 2561 adhuc,

249 2597 474 2674 proprie
501 2598 715 2654 dictum
742 2600 1000 2671 judicium
1027 2598 1284 2656 emisisse
1316 2598 1589 2662 dicendus
1616 2596 2161 2672 erit.—Respondeo
2219 2589 2222 2594 ’

253 2700 404 2754 tertio
450 2718 463 2750 .·
495 2698 662 2754 Error
692 2706 796 2771 est,
836 2706 891 2755 et
921 2699 1152 2773 quidem
1198 2699 1652 2769 funestissimUS,
1699 2698 1887 2775 opinio
1938 2715 2062 2771 quae
2086 2701 2190 2777 te-.
2219 2710 2232 2734 ·-

256 2806 372 2871 net,
400 2806 646 2872 tanquam
661 2800 869 2873 judices
888 2819 999 2857 non
1032 2819 1194 2874 agere
1221 2801 1545 2877 EpiscopOS‚
1569 2801 1616 2857 si
1629 2799 1867 2857 Romani
1893 2793 2164 2856 Pontificis

258 2897 569 2954 definitioni
593 2897 1035 2971 acquiescenteS,
1072 2919 1136 2957 ex
1155 2901 1271 2958 solo
1291 2900 1498 2958 motivo
1516 2900 1665 2974 quod
1682 2916 1915 2957 erronea
1935 2915 2057 2955 esse
2075 2911 2191 2958 ne«.

268 3004 441 3073 queat
466 2997 603 3054 fides
621 3016 651 3055 a
678 2998 928 3056 Romano
952 2999 1215 3057 Pontifice
1238 3000 1468 3058 definita
1489 3006 1542 3058 et
1565 3001 1844 3076 injuncta,
1877 2997 2035 3056 aliud
2048 3011 2170 3053 exa·

262 3115 391 3154 men
413 3098 481 3153 ad
509 3098 799 3154 ferendam
834 3099 1171 3155 sententiam
1196 3118 1309 3157 non
1334 3100 1634 3157 instituant
1662 3117 1765 3156 nec
1789 3094 2167 3155 necessarium
2199 3139 2214 3174 ·,

263 3196 633 3254 arbitrentur.
663 3198 845 3268 Falsa,
874 3198 1130 3272 inquam,
1161 3199 1257 3256 illa
1286 3200 1508 3276 opinio;
1551 3199 1855 3274 siquidem,
1894 3203 1955 3254 ut
1975 3196 2172 3272 proha-

261 3295 471 3368 vimuS,
507 3297 679 3354 etiam
706 3304 842 3355 tune
867 3299 1025 3356 adest
1054 3299 1283 3375 proprie
1306 3300 1441 3356 dicti
1463 3295 1664 3374 judicii
1691 3297 1958 3365 essentia;
1990 3295 2044 3351 id
2066 3298 2169 3362 est,

266 3396 671 3471 pronuntiatur
708 3416 773 3455 ex
800 3401 1031 3478 ratione,
1067 3399 1137 3456 oh
1173 3417 1345 3473 quam
1372 3399 1636 3473 judicans
1661 3415 1856 3455 verum
1895 3393 2172 3453 existimat

234 3577 238 3580 K
269 3497 417 3566 quod
465 3499 819 3573 pronuntiat.
853 3499 948 3556 Est
991 3499 1226 3575 insuper
1258 3498 1674 3567 funestissima3
1706 3497 1842 3572 quia
1877 3493 2050 3553 semel
2086 3490 2199 3557 ad-‚K

272 3591 440 3648 missa
454 3594 551 3650 illa
569 3596 855 3671 opinione,
869 3598 1017 3654 eludi
1034 3617 1260 3672 quoque
1268 3603 1457 3675 posset
1470 3596 1870 3673 Episcoporum
1875 3593 1895 3668 j
1906 3591 2172 3661 udicium,
