2306 4010
804 214 926 261 PARS
956 214 1194 262 SECUNDA.
1850 218 1939 267 287

63 326 206 385 enim
239 325 487 383 delinitio
520 324 646 390 fidei
690 329 771 379 cst
808 331 905 381 aut
941 324 1045 380 dici
1082 332 1262 400 potest
1306 325 1424 396 illa,
1465 344 1587 400 quae
1619 345 1732 383 non
1762 327 1937 384 libera

64 427 335 503 planeque
366 421 692 491 voluntaria,
740 422 830 479 sed
869 441 968 498 per
998 423 1110 479 vim
1149 423 1500 482 manifestam
1535 429 1687 482 metu
1725 430 1936 483 extorta

62 531 166 581 cst.
197 523 295 579 Ubi
315 522 383 579 de
410 517 753 578 solemnibus
776 519 1101 576 Pontificum
1137 527 1191 577 et
1220 521 1587 578 conciliorum
1611 521 1937 596 dogmaticis

64 621 300 679 decretis
319 617 528 694 agitur,
564 631 756 670 eorum
783 615 866 671 vis
891 622 946 672 et
969 618 1267 675 auctoritas
1300 639 1330 676 e
1356 638 1525 677 sensu
1568 639 1632 679 ac
1663 621 1937 678 sententia

64 719 272 795 Spiritu
296 719 478 774 sancto
501 709 806 784 inspirante
833 711 976 767 edita
996 713 1368 786 proficiscitur
1388 739 1398 772 :
1417 718 1590 774 Visum
1618 727 1695 775 est
1722 719 1939 793 Spiritui

64 826 243 875 sancto
265 824 313 872 et
340 813 479 870 nobis
494 830 512 875 ,·
541 823 604 863 ac
626 814 917 882 propterea
944 810 1040 864 ubi
1062 816 1274 867 constet
1303 813 1588 872 decretum
1621 817 1672 873 vi
1696 836 1761 874 ac
1780 812 1933 875 metu

67 922 290 973 externo
319 911 484 969 fuisse
513 923 858 980 expressum,
882 912 936 961 et
967 926 1077 962 non
1116 925 1180 963 ex
1214 909 1407 966 intima
1435 913 1786 971 decernentis
1811 935 1934 973 sen·

69 1014 261 1084 tentia,
297 1010 434 1068 idem
476 1004 758 1061 decretum
801 1003 1000 1078 potiori
1033 1023 1096 1060 ac
1127 1023 1360 1079 prorsus
1403 1011 1715 1066 necessaria
1750 1019 1803 1069 et
1849 1032 1933 1070 cs-

70 1107 278 1167 scntiali
296 1101 606 1160 conditione
631 1106 798 1156 caret.
838 1101 1039 1175 Aperta
1067 1101 1124 1157 in
1149 1120 1208 1158 re
1236 1104 1494 1178 praesenti
1519 1113 1571 1161 et
1590 1107 1783 1164 efficax
1814 1129 1931 1165 om-

64 1204 192 1260 nino
231 1207 310 1258 est
341 1197 515 1256 sancti
542 1197 826 1253 Athanasii
867 1198 1007 1254 ratio
1048 1204 1215 1272 atquc
1249 1199 1306 1255 in
1334 1200 1564 1258 historia
1596 1203 1930 1262 Arianorum

60 1300 125 1356 ad
151 1297 444 1364 monachos,
472 1311 703 1349 numero
738 1294 830 1363 42,
867 1293 1014 1366 quod
1041 1302 1093 1351 ct
1133 1314 1162 1351 a
1195 1303 1354 1371 patre
1391 1297 1708 1356 Constantio
1734 1300 1930 1356 lauda-

62 1402 153 1452 tur
180 1416 191 1448 :
217 1396 379 1451 Porro
403 1393 652 1461 Liberius,
689 1392 874 1465 inquit
923 1399 1150 1450 sanctus
1199 1394 1408 1467 doctor,
1456 1400 1685 1453 eoetorris
1732 1401 1928 1471 factus,

64 1504 177 1570 post
199 1495 439 1550 biennium
478 1493 694 1565 denique
722 1494 925 1564 fractus
970 1501 1068 1564 est,
1100 1497 1351 1567 minisque
1392 1498 1579 1574 mortis
1607 1500 1928 1569 perterritus

66 1578 370 1664 subscripsit.
404 1588 588 1646 Veram
621 1608 682 1645 ea
724 1592 837 1662 ipsa
876 1609 933 1646 re
971 1594 1357 1664 comprobatur,
1389 1611 1542 1664 quum
1572 1594 1822 1650 violentia
1850 1614 1930 1650 eo-

67 1707 195 1758 rnm,
220 1697 320 1745 tum
338 1687 522 1744 Liberii
551 1690 605 1743 in
641 1690 874 1744 haeresim
899 1690 1043 1744 illam
1072 1691 1249 1745 odiam
1285 1691 1495 1763 ejusque
1518 1710 1617 1764 pro
1640 1692 1925 1748 Athanasio

58 1788 371 1861 ausfraqinm,
420 1789 665 1859 quamdin
689 1789 883 1844 seilicet
915 1789 1076 1843 libere
1102 1789 1418 1861 arbitrioque
1442 1806 1535 1844 sno
1576 1809 1727 1862 aqere
1755 1791 1921 1847 licuit.

54 1882 178 1943 Nam
197 1901 300 1956 qnae
329 1893 706 1941 tormentorum
736 1887 783 1940 vi
815 1893 1008 1958 praeter
1027 1888 1262 1958 priorem
1282 1887 1594 1941 sententiam
1619 1887 1919 1959 eliciuntur,

51 1997 111 2036 ea
134 1999 234 2037 non
266 1984 740 2055 reformidantimn‚
771 1983 863 2038 sed
892 1985 1192 2039 vexantiam
1219 1992 1336 2038 sanc
1356 1983 1576 2056 placita.
1611 2005 1637 2037 »

121 2079 346 2154 Objicies.
387 2115 449 2123 —
475 2082 792 2139 Infallibilis
829 2099 938 2137 non
987 2085 1066 2137 cst
1109 2080 1391 2137 Romanus
1437 2081 1703 2154 Pontifex,
1755 2083 1801 2139 si
1859 2103 1919 2140 ex

48 2175 95 2232 vi
121 2184 212 2234 ant
230 2197 294 2235 cx
322 2186 471 2236 metu
497 2198 757 2237 erroneas
785 2179 912 2235 fidei
934 2179 1281 2235 definitiones
1313 2179 1476 2235 cdere
1493 2180 1690 2237 valeat.

117 2278 413 2353 Respondeo
449 2301 463 2332 :
503 2281 645 2353 Nego
693 2279 1067 2354 suppositum,
1110 2279 1365 2334 videlicet
1419 2280 1746 2350 definitiones
1800 2300 1921 2338 esse

48 2391 162 2448 quae
193 2395 222 2433 a
253 2377 417 2451 Papa,
456 2395 567 2433 non
607 2376 920 2432 voluntarie
951 2394 1013 2431 ac
1050 2376 1248 2444 libere,
1283 2376 1379 2458 sed
1411 2395 1474 2431 cx
1504 2376 1554 2431 vi
1590 2383 1811 2435 externe
1852 2379 1919 2433 il-

0 2527 1 2530 ,
46 2472 151 2531 lata
183 2474 553 2533 declarantur.
590 2476 725 2531 Nam
759 2494 856 2550 per
885 2474 1156 2550 ejusmodi
1184 2474 1532 2531 definitiones
1560 2475 1703 2531 nihil
1730 2476 1922 2533 defini-

0 2580 1 2627 ]
45 2571 116 2630 n‘t
153 2575 314 2650 Papa,
359 2575 488 2648 quia
521 2593 615 2649 por
661 2593 753 2631 eas
796 2593 898 2631 nec
944 2580 1140 2630 notum
1186 2572 1340 2644 facit,
1383 2591 1486 2630 nec
1510 2580 1706 2630 notum
1738 2576 1918 2634 facere

47 2678 218 2747 potest
247 2675 380 2747 quid
409 2675 524 2749 ipse
548 2675 766 2731 sentiat.
803 2674 915 2730 Imo
949 2691 1013 2729 ex
1045 2669 1254 2729 talibus
1291 2671 1760 2730 declarationibus
1786 2693 1915 2730 con-

42 2770 373 2828 cludendum
408 2773 589 2847 potius
613 2772 762 2828 venit
788 2771 1095 2847 oppositam
1131 2767 1461 2826 sententiam
1488 2790 1517 2827 a
1540 2771 1683 2846 Papa
1709 2773 1909 2829 teneri.

42 2866 172 2925 Nam
213 2870 257 2926 si
300 2890 492 2927 verum
528 2871 801 2944 judicaret
837 2872 978 2946 Papa
1024 2870 1079 2925 id
1113 2870 1260 2944 quod
1309 2875 1531 2927 coactus
1556 2871 1768 2942 delinit,
1799 2892 1908 2930 non

44 2965 394 3023 adhiberetur
419 2969 644 3024 coactio·

118 3061 359 3117 Instabis.
389 3095 458 3103 —
484 3065 596 3119 Nisi
629 3065 877 3120 Christus
923 3063 1381 3119 infallibilitatem
1412 3063 1568 3137 Papae
1609 3063 1911 3119 contulerit

45 3156 210 3212 ctiam
242 3160 421 3230 quoad
447 3177 633 3215 casum
665 3161 983 3229 coactionis,
1013 3161 1158 3215 idem
1187 3168 1268 3215 est
1302 3178 1363 3215 ac
1394 3160 1438 3214 si
1474 3159 1684 3215 nullam
1720 3168 1911 3216 contu-

45 3252 226 3318 lisset3
260 3253 388 3326 quia
424 3273 639 3329 semper
663 3256 770 3311 dici
791 3256 1013 3330 poterit,
1041 3256 1247 3313 editam
1287 3255 1413 3310 fidei
1454 3254 1833 3311 definitionem
1859 3258 1910 3312 vi

45 3370 105 3407 ac
137 3356 287 3406 metu
322 3354 588 3406 extortam
625 3354 759 3423 sorte
794 3351 862 3406 ab
892 3349 1010 3424 ipso
1044 3350 1234 3407 fuisse.

119 3449 422 3521 Respondeo
447 3468 462 3499 .·
483 3446 596 3502 Nisi
630 3446 878 3502 Christus
915 3445 1371 3501 infallibilitatem
1398 3445 1697 3503 contulerit
1723 3449 1905 3522 quoad

42 3568 232 3606 casum
259 3546 554 3604 coactionis
579 3547 868 3618 incoquitae,
889 3543 1160 3600 concedo:
1194 3542 1372 3616 quoad
1398 3561 1586 3601 casum
1606 3546 1906 3605 coactionis

44 3647 278 3713 notoriae,
301 3661 459 3716 nego,
487 3642 660 3715 Igitur
684 3640 898 3716 quoties
923 3658 1033 3696 non
1051 3645 1266 3696 constat
1288 3639 1644 3701 intervenisse
1666 3643 1777 3700 vim
1810 3651 1903 3701 aut
