2306 4010
242 148 298 195 58
340 188 344 191 .
398 126 403 130 ’
914 132 1204 187 TRACTATUS
1234 131 1299 177 DE
1330 130 1476 180 PAPA.

243 254 457 313 illicita.
494 255 625 312 Eam
662 251 740 308 sic
780 247 1064 324 judicabat
1105 238 1273 296 Sedes
1327 240 1655 317 apostolica,
1693 257 1823 297 cum
1855 238 2148 296 catholicis

242 353 413 410 totius
448 349 645 407 mundi
678 345 902 403 scholis.
930 341 1037 395 Nec
1064 335 1385 393 intenderat
1415 341 1726 395 conventus
1760 336 1994 408 (fatente
2017 337 2150 394 Bos-

244 454 368 504 suet
393 454 446 504 et
472 443 808 502 testantibus
832 437 990 506 actis)
1031 435 1284 494 articulos
1331 435 1456 507 fulci
1485 435 1650 492 edere
1677 453 1820 509 quos
1857 419 2011 492 veros
2038 455 2150 492 crc-

243 547 365 603 clere
393 544 532 600 Galli
568 560 631 597 ex
669 534 1011 593 conscientia
1054 540 1404 591 tenerentur.
1435 534 1627 607 Neque
1666 534 1966 591 somniavit
1998 534 2149 591 idem

239 648 538 698 conventus
571 654 737 712 penes
758 633 1160 710 particularem
1189 633 1467 709 synodum
1499 634 1750 691 residere
1778 633 2042 709 dogmata
2069 634 2154 689 in-

237 737 550 794 fallibiliter
598 731 903 791 definiendi
944 738 1301 809 potestatem.
1350 733 1530 808 Igitur
1569 740 1721 790 certo
1770 733 1984 791 certius
2033 740 2153 790 erat

231 838 324 911 jus
354 835 654 910 cujuslibet
695 833 971 911 Episcopi,
1010 834 1325 910 presbyteri
1374 853 1437 890 ac
1469 834 1621 902 laici,
1652 841 1777 910 post
1811 833 2083 891 emissam
2121 851 2150 889 a

238 942 513 993 conventu
567 933 938 990 doctrinalem
988 932 1143 988 illam
1186 933 1642 1004 declarationem,
1673 933 1988 1009 oppositam
2022 934 2151 989 doc-

240 1035 448 1091 trinam
486 1031 904 1108 propugnandi,
945 1030 1182 1087 docendi
1212 1036 1265 1088 et
1292 1031 1520 1107 scriptis
1567 1031 1936 1106 propagandi.
1982 1032 2152 1088 Porro

235 1134 328 1207 jus
379 1132 531 1188 istud
570 1129 830 1204 impediri
866 1120 1201 1185 conventus
1234 1130 1580 1204 procuravit.
1625 1129 1787 1186 Petiit
1843 1147 2044 1204 nempe
2097 1136 2151 1185 et

241 1233 484 1289 obtinuit
524 1250 553 1286 a
581 1248 709 1303 rege
747 1236 809 1286 ut
850 1234 944 1303 jus
978 1229 1131 1285 istud
1162 1230 1228 1285 de
1255 1229 1439 1286 medio
1468 1230 1782 1298 tolleretur,
1814 1236 1866 1286 et
1895 1229 2155 1302 quicum-

240 1349 347 1406 que
373 1332 467 1387 illo
500 1330 589 1386 usi
609 1328 1191 1404 deprehenderentur,
1213 1328 1395 1403 poenis
1421 1317 1804 1402 subjacerent.
1838 1327 1982 1392 Quid
2000 1328 2153 1383 aliud

238 1427 512 1502 tyranniS,
564 1446 735 1500 quam
762 1427 980 1500 jurium
1028 1426 1299 1483 violatio?
1331 1461 1396 1468 —
1431 1427 1562 1491 Quae
1617 1427 1851 1500 quidem
1893 1426 2155 1502 tyrannis

242 1528 415 1585 simul
442 1527 626 1600 quoad
659 1528 868 1584 multos
889 1530 1188 1600 persecutio
1218 1525 1404 1583 fiebat.
1436 1526 1697 1601 Episcopi
1733 1526 1885 1581 enim
1906 1525 2006 1598 qui
2026 1524 2154 1581 doc-

239 1626 447 1680 trinam
489 1626 883 1681 declarationis
940 1644 1216 1682 erroneam.
1254 1625 1559 1681 censebant
1593 1622 1643 1680 et
1680 1623 1944 1694 illicitam,
1995 1624 2064 1680 ad
2095 1623 2150 1679 id

241 1722 611 1795 adigebantur
643 1730 727 1793 ut,
756 1723 840 1779 vel
871 1731 1066 1779 contra
1106 1724 1511 1779 conscientiam
1541 1742 1703 1779 suam
1742 1731 1995 1796 agerent,
2027 1742 2150 1778 eam

240 1823 298 1878 in
332 1823 450 1878 suis
476 1822 813 1878 dioecesibus
839 1822 1023 1882 doceri
1058 1841 1120 1878 ac
1148 1821 1875 1897 propagari'permittendO,
1907 1823 1994 1878 vel
2034 1839 2150 1898 poe-

238 1921 345 1992 niS,
398 1921 831 1994 magistratuum
879 1921 1136 1990 arbitriO,
1195 1926 1608 1977 coercerentur.
1659 1922 1795 1977 Item
1850 1921 2146 1994 theologiae

235 2019 600 2094 professores,
643 2020 728 2075 vel
779 2019 1006 2076 mentiri
1042 2020 1408 2091 cogebantur,
1450 2038 1574 2075 eam
1609 2018 1924 2075 doctrinam
1964 2026 2025 2076 ut
2059 2038 2148 2075 ve-

234 2136 358 2173 ram
391 2118 661 2173 tradendo
713 2137 880 2190 quam
918 2119 1117 2173 salsam
1163 2118 1437 2188 sciebant,
1490 2138 1778 2192 quamque
1825 2119 1946 2174 sine
1995 2120 2149 2193 gravi

234 2222 461 2290 peccato
495 2215 679 2271 doceri
722 2234 833 2271 non
868 2234 1030 2291 posse
1063 2217 1386 2290 censebant,
1422 2217 1506 2273 vel
1535 2216 1945 2292 depositionem
1982 2217 2153 2273 alias-

234 2333 342 2387 que
370 2332 562 2388 poenas
605 2315 816 2371 subire.
877 2316 1013 2372 Item
1064 2316 1368 2388 juvenibus
1414 2316 1512 2390 qui
1561 2316 1769 2390 gradus
1802 2317 2151 2374 academicos

234 2412 576 2483 ambiebant,
611 2413 757 2471 facta
796 2415 1121 2486 necessitaS,
1161 2423 1223 2472 ut
1254 2416 1339 2471 vel
1382 2416 1701 2472 doctrinam
1730 2422 1973 2488 quatuor
2015 2417 2150 2472 arti-

232 2512 492 2567 culorum
539 2520 980 2586 propugnarent,
1009 2515 1139 2569 licet
1174 2515 1230 2568 id
1262 2533 1494 2588 prorsus
1538 2515 1801 2570 illicitum
1848 2514 2144 2586 ducerent,

232 2610 314 2664 vel
344 2610 401 2664 in
431 2616 768 2683 perpetuum
804 2618 1177 2666 arcerentura
1200 2613 1535 2667 muneribus
1564 2618 1617 2668 et
1650 2612 1934 2668 beneficiis
1970 2615 2147 2670 eccle-

233 2706 496 2774 siasticiS,
532 2706 598 2761 ad
632 2725 754 2780 quae
791 2707 909 2762 sine
950 2693 1171 2762 licentia
1200 2709 1283 2763 vel
1312 2708 1606 2764 doctoratu
1635 2728 1748 2765 non
1773 2711 2149 2784 patebatadi-

232 2810 344 2859 tus,
375 2804 687 2860 Saevissiina
718 2823 849 2860 sane
878 2806 1192 2880 persecutio
1222 2808 1358 2862 haec.
1388 2808 1450 2863 Et
1485 2826 1546 2863 eo
1579 2809 1809 2881 quidem
1840 2810 2138 2867 detestabi-

230 2903 357 2974 lior,
380 2903 529 2976 quod
548 2903 666 2978 ipse
693 2910 1021 2975 conventuS,
1052 2911 1116 2961 ut
1144 2906 1645 2983 Archicpiscopum
1671 2909 2136 2966 Cameracensem

230 3003 296 3059 ad
335 3004 766 3062 subscribendos
799 3012 1045 3078 quatuor
1078 3007 1346 3064 articulos
1376 3009 1649 3081 alliceret,
1679 3011 1729 3066 ei
1758 3011 2138 3068 declaraverat

232 3104 396 3176 qu’on
420 3124 483 3160 ne
503 3107 811 3178 pre'tcmlait
838 3125 936 3180 pas
961 3125 1021 3162 en
1050 3108 1186 3180 faire
1211 3126 1311 3164 wic
1336 3111 1566 3165 (Ie‘cision
1595 3111 1657 3166 de-
1678 3110 1752 3181 foi
1778 3110 2142 3182 (proces-ver-

230 3203 396 3273 baux,
449 3206 647 3261 seance
682 3204 758 3260 du
787 3206 854 3261 19
900 3224 1054 3262 mars
1084 3206 1278 3278 1682).
1306 3207 1415 3263 Hoc
1453 3207 1574 3283 ipso
1615 3208 1827 3265 licitam
1872 3211 2143 3266 omnibus

232 3302 499 3376 implicite
532 3304 850 3361 declarabat
870 3305 1141 3362 doctrinae
1172 3306 1338 3363 istius
1365 3308 1875 3382 impugnationem.
1907 3310 1968 3365 Et
1993 3310 2142 3366 nihi-

232 3391 482 3456 lominus
506 3403 724 3475 regium
757 3404 1006 3461 edictum
1044 3406 1349 3480 postulavit
1377 3413 1429 3464 et
1452 3409 1722 3480 obtinuit,
1756 3427 1866 3481 quo
1899 3409 2005 3464 sub
2028 3428 2141 3484 poe-

233 3500 323 3555 nis
352 3499 703 3574 impugnatio
724 3504 1143 3578 prohiberetur,
1166 3508 1542 3582 propugnatio
1568 3525 1697 3565 vero
1718 3507 2140 3582 professoribus

234 3603 288 3653 et
315 3596 602 3652 licentiam
641 3601 1020 3659 ambientibus
1044 3603 1460 3676 injungeretur.
