2306 4010
855 201 980 249 PARS
1011 199 1249 248 sacuam.
1549 170 1554 174 ’
1838 220 1844 223 -
1907 199 1996 244 155

115 310 430 370 Pistoriensi
457 314 805 366 attentatam.
832 309 948 364 Nisi
989 306 1254 364 articulos
1286 306 1435 381 ipsos
1471 304 1840 379 reprobasset,
1878 322 1991 360 non

114 414 231 466 erat
269 426 370 464 cur
399 425 591 464 eorum
630 408 959 480 adoptionem
988 405 1310 480 reprobaret
1345 410 1609 476 tanquam
1639 403 1992 472 temerariam,

113 506 477 562 scandalosam
509 509 563 559 et
586 502 710 559 Sedi
735 502 1061 577 Apostolicae
1086 518 1412 574 summopere
1438 502 1764 574 injuriosam.

185 601 464 656 Pnorosmo
480 601 581 655 XF.
594 634 669 641 —
681 599 1000 661 Gallicanam
1021 604 1250 670 systema
1268 599 1563 674 reprobavit
1580 597 1708 653 Pius
1726 597 1878 669 Papa
1893 596 1994 667 IX,

116 698 428 753 allocutione
454 695 800 753 consistoriali
817 696 920 750 diei
947 694 1014 749 17
1042 694 1324 748 decembris
1352 693 1518 749 1847.
1539 694 1795 751 —Roma
1822 693 1995 750 redux

113 793 380 861 Thibaud,
411 790 915 865 Montepessulanus
949 788 1272 863 EpiscopuS,
1313 790 1648 862 pastoralem
1677 791 1998 857 instructio-

115 908 242 945 nem
266 890 532 955 ediderat,
563 887 620 941 in
647 904 755 959 qua
768 885 1080 941 Gallicanas
1106 886 1413 939 traditiones
1443 885 1747 943 defendens
1765 888 1995 961 (quibus

113 988 181 1042 ab
221 987 340 1061 ipso
371 985 721 1060 potissimum
759 983 1036 1055 designari
1076 988 1316 1055 quatuor
1358 982 1627 1039 articulos
1673 987 1803 1040 anni
1846 987 1990 1042 1682

114 1083 259 1138 haud
299 1082 530 1138 dubium
557 1087 715 1148 erat),
756 1081 823 1136 ab
863 1081 981 1154 ipso
1024 1079 1115 1134 Pio
1157 1079 1220 1133 lx
1258 1079 1534 1151 ejusmodi
1580 1079 1890 1136 doctrinam
1936 1083 1991 1138 in

111 1180 286 1254 pretio
323 1179 514 1234 haberi
551 1178 811 1234 audacter
835 1177 1133 1242 asserebat3
1163 1176 1454 1231 insinuans
1480 1175 1535 1230 id
1562 1175 1666 1231 sibi
1695 1194 1760 1231 ex
1787 1178 1993 1233 habitis

110 1295 236 1334 cum
260 1276 515 1331 Pontifice
538 1274 829 1348 colloquiis
858 1280 1206 1348 compertum
1237 1272 1427 1328 fuisse.
1448 1273 1604 1337 Quod
1623 1273 1989 1330 falsissimum

112 1382 384 1431 assertum
416 1374 491 1430 ila
520 1374 726 1447 repulit
751 1373 879 1428 Pius
904 1372 966 1426 lx
999 1394 1009 1426 :

188 1496 214 1526 «
238 1475 392 1530 Nunc
430 1491 593 1547 porro
634 1472 916 1528 vobiscum
957 1471 1462 1540 communicamuS,
1501 1471 1843 1526 venerabiles
1884 1472 1992 1527 fra-

114 1579 245 1641 treS,
282 1589 560 1626 summam
591 1570 1037 1640 admirationem,
1065 1587 1174 1642 qua
1204 1569 1399 1624 intime
1426 1568 1607 1624 affecti
1634 1569 1868 1639 suimus,
1897 1570 1992 1625 ubi

113 1667 381 1739 scriptum
409 1684 437 1720 a
465 1666 705 1737 quodam
734 1665 849 1720 viro
884 1665 1259 1720 ecclesiastica
1288 1665 1553 1736 dignitate
1587 1665 1851 1737 insignito
1874 1666 1991 1720 elu-

112 1763 403 1818 cubratum
443 1762 697 1836 typisque
737 1761 948 1817 editum
987 1761 1053 1816 ad
1095 1780 1194 1817 nos
1233 1762 1501 1835 pervenit.
1545 1762 1794 1834 Namque
1843 1761 1989 1816 idem

112 1860 193 1914 vir
227 1860 283 1914 in
321 1859 638 1933 hujusmodi
681 1858 909 1933 scriptO,
948 1859 1016 1914 de
1054 1858 1391 1932 quibusdam
1427 1858 1662 1930 loquens
1695 1857 1988 1929 doctriniS,

114 1972 251 2027 quas
283 1955 654 2011 Ecclesiarum
681 1956 923 2028 regionis
951 1973 1062 2011 suae
1089 1957 1394 2011 traditiones
1424 1956 1686 2030 appellat,
1724 1963 1777 2012 et
1814 1959 2019 2035 quibus-

115 2052 262 2123 hnjus
291 2054 596 2124 Apostolicae
629 2055 776 2110 Sedis
807 2057 932 2127 jura
962 2062 1227 2109 coarctare
1258 2055 1564 2123 intenditur,
1602 2054 1749 2108 haud
1791 2073 1992 2109 Ennnurr

117 2165 380 2218 asserere,
424 2149 745 2206 traditiones
786 2150 935 2223 ipsas
976 2167 1005 2204 a
1047 2149 1208 2205 nobis
1253 2149 1307 2203 in
1352 2150 1526 2223 pretio
1573 2151 1784 2206 haberi.
1837 2151 1990 2206 Absit

120 2242 417 2310 enimvero,
457 2245 793 2299 venerabiles
839 2246 1057 2313 fratreS,
1101 2252 1162 2299 ut
1203 2263 1359 2299 mens
1396 2252 1488 2300 aut
1533 2246 1790 2316 cogitatio
1830 2249 1989 2303 nobis

123 2353 367 2406 unquam
395 2336 559 2392 fuerit
584 2338 665 2391 vel
695 2339 991 2392 minimum
1028 2339 1300 2394 declinare
1335 2359 1363 2393 a
1391 2341 1662 2411 majorum
1691 2341 1986 2407 institutis,

123 2437 215 2486 aut
254 2433 530 2488 abstinere
556 2435 622 2488 ab
665 2435 826 2506 hujus
862 2434 1071 2490 Sanctae
1110 2435 1262 2490 Sedis
1309 2436 1635 2492 auctoritate
1664 2444 1810 2493 sarta
1848 2445 1989 2494 tecta

122 2528 486 2582 conservanda
514 2535 677 2600 atque
700 2530 920 2585 tuenda.
956 2531 1229 2586 Habemus
1254 2531 1509 2603 equidem
1541 2532 1597 2586 in
1625 2533 1801 2606 pretio
1826 2552 1990 2608 pecu-

120 2621 279 2676 liares
310 2623 651 2694 traditioneS,
694 2626 787 2681 sed
827 2644 915 2681 eas
949 2633 1164 2682 tantum
1205 2646 1324 2700 quae
1355 2646 1383 2682 a
1417 2628 1700 2684 catholicae
1738 2630 1991 2687 Ecclesiae

119 2735 282 2774 sensu
309 2737 415 2775 non
446 2720 774 2795 discrepent3
805 2723 1112 2796 praesertim
1139 2741 1265 2779 vero
1299 2724 1422 2779 illas
1466 2742 1783 2782 reveremur
1809 2745 1870 2783 ac
1896 2726 1988 2782 fir-

119 2815 365 2873 missime
399 2824 644 2889 tuemur,
678 2838 798 2894 quae
827 2840 954 2876 cum
993 2822 1227 2878 aliarum
1261 2823 1631 2879 Ecclesiarum
1672 2824 1988 2898 traditione,

121 2918 278 2984 atque
303 2913 356 2967 in
390 2915 585 2987 primis
612 2935 739 2972 cum
773 2919 874 2972 hac
912 2926 1096 2975 saneta
1135 2920 1380 2975 Romana
1406 2920 1644 2976 Ecclesia
1677 2922 1839 2996 plane
1865 2941 1990 2978 con-

118 3015 334 3078 gruant,
378 3010 443 3063 ad
482 3029 666 3083 quam,
722 3020 782 3068 ut
822 3015 998 3069 sancti
1029 3016 1217 3070 Irenaei
1262 3017 1444 3072 verbis
1484 3025 1735 3087 utamur,
1771 3027 1992 3090 propter

115 3105 366 3173 potiorem
405 3109 840 3179 principalitatem
876 3128 1082 3165 necesse
1133 3121 1210 3167 est
1256 3131 1455 3168 omnem
1504 3116 1776 3170 convenire
1815 3114 1989 3169 Eccle-

117 3201 270 3265 siam,
309 3201 400 3255 hoc
427 3210 500 3256 est
524 3221 607 3257 eos
632 3207 716 3275 qui
745 3216 863 3262 sunt
887 3209 1113 3279 undique
1140 3210 1340 3280 fideles,
1368 3213 1421 3265 in
1456 3228 1555 3281 qua
1584 3228 1786 3281 semper
1821 3211 1882 3265 ab
1913 3211 1990 3267 his

118 3299 350 3367 quisunt
388 3299 613 3371 undique
653 3314 955 3359 conservata
993 3314 1069 3360 est
1114 3324 1175 3360 ea
1215 3325 1329 3378 quae
1364 3315 1441 3361 est
1487 3309 1546 3361 ab
1573 3308 1837 3379 Apostolis
1881 3318 1988 3365 tra-

117 3394 293 3448 ditio»
330 3394 471 3466 (vide
505 3397 684 3468 quoad
709 3398 872 3453 istam
910 3402 1347 3458 consistorialem
1384 3403 1777 3460 allocutionem
1814 3405 1989 3464 Revue

116 3490 423 3562 catholique,
460 3499 499 3546 t.
540 3493 599 3560 V,
628 3512 681 3566 p.
717 3494 815 3549 621
859 3502 906 3550 et
941 3497 1095 3562 622).
1132 3497 1512 3554 Traditionum
1552 3500 1984 3574 Gallicanarum,

116 3585 313 3656 quibus
347 3586 496 3642 Sedis
521 3589 844 3661 Apostolicae
872 3573 1002 3664 jura
1033 3599 1315 3649 coarctare
1347 3595 1671 3668 intenditur,
1705 3602 1981 3675 praecipua
