2262 3990
291 193 380 252 420
960 180 1256 229 TRACTATUS
1286 182 1353 230 DE
1386 184 1511 232 PAPA
1521 221 1532 232 .

292 301 362 358 ab
393 292 611 352 ¹ultimis
646 287 999 364 {emporibus
1025 288 1346 348 obtinuerat
1371 290 1759 351 innovandum
1786 286 1969 363 ratus»,
1995 297 2197 370 gravis

289 389 431 454 sime
453 390 512 446 id
539 388 690 447 tulit.
725 410 754 444 »
1885 459 1887 461 Ι

357 491 522 549 CAPUT
549 509 617 547 1v.
650 525 721 534 —
752 510 780 543 «
809 487 891 545 Ad
922 489 1076 547 hunc
1101 488 1301 563 igitur,
1329 496 1392 548 ut
1425 490 1562 562 dixi,
1593 491 1776 550 multa
1807 492 1876 551 de
1902 494 2006 550 hoc
2044 492 2204 572 argui
2252 527 2254 529 >

284 599 479 652 mento
517 588 820 668 Dionysius
844 606 945 664 per
975 588 1194 646 litteras
1235 589 1484 666 scripsit.
1533 590 1596 647 In
1636 591 1844 666 quibus
1885 591 1943 648 id
1976 593 2205 651 [ands-21¹2

283 693 366 751 illi
387 667 623 762 indicat,
643 706 842 746 omncs
863 688 1078 762 ubique
1103 688 1401 760 EcclesiaS,
1427 690 1677 748 mollito
1657 710 1774 767 Jam
1798 691 2199 767 persecution'

284 796 503 864 furore,
550 788 744 848 Novati
774 788 1168 845 turbulentam
1196 789 1503 847 novitatem
1535 789 1897 864 detestanteS,
1941 791 2092 849 inter
2142 809 2188 852 s
2260 807 2262 809 ’

282 909 479 968 pacem
507 888 723 946 iniisse.
752 886 842 942 Sic
870 890 1059 943 autem
1100 886 1343 943 scribit:
1383 908 1410 939 »

357 991 518 1048 CAPUT
544 1009 599 1045 v.
616 1020 685 1028 —
715 1008 742 1040 «
772 985 922 1043 Scias
954 994 1151 1059 autem,
1177 987 1372 1059 frater,
1403 995 1615 1044 cunctas
1633 1006 1733 1062 per
1761 987 2028 1046 Orientem
2047 998 2096 1047 et
2120 980 2185 1048 ul⁸

281 1092 446 1147 terius
467 1090 671 1164 positas
687 1085 976 1157 EcclesiaS,
1005 1103 1116 1158 quae
1137 1087 1287 1158 prius
1311 1094 1434 1142 ante
1462 1087 1713 1159 discissae,
1738 1106 1875 1144 nunc
1900 1090 2112 1145 tandem
2143 1113 2154 1140 ι
2176 1093 2204 1140 1²

277 1191 536 1246 unitatem
564 1204 806 1244 reversas
835 1202 948 1239 esse
972 1204 982 1238 ε
1011 1191 1062 1238 et
1093 1201 1273 1239 omnes
1293 1185 1652 1241 Ecclesiarum
1682 1187 1991 1259 ubicumque
2030 1189 2171 1244 antis

283 1291 402 1345 tites
425 1305 587 1344 unum
613 1285 855 1355 idemque
877 1283 1073 1337 sentire
1101 1290 1150 1337 et
1170 1283 1230 1338 ob
1250 1282 1520 1338 redditam
1539 1283 1810 1357 insperato
1829 1301 2012 1357 pacem
2034 1285 2199 1342 incre·

281 1386 426 1442 dibili
459 1383 651 1456 qaudio
689 1380 934 1438 exultare
960 1401 974 1432 :
1000 1379 1402 1437 Demetrianum
1443 1382 1647 1439 scilicet
1673 1382 1994 1456 Episcopum
2018 1382 2197 1440 Antio-

279 1484 431 1554 chiae,
462 1482 783 1538 Theotistum
804 1481 1091 1552 Caesareae,
1118 1479 1298 1554 AEliae,
1321 1490 1445 1555 post
1463 1490 1687 1537 mortem
1719 1481 2013 1537 Alexandri
2032 1480 2211 1540 Maza-

275 1583 484 1651 banem,
514 1580 781 1637 Marinum
815 1581 857 1636 T
855 1580 960 1651 yri,
1015 1578 1291 1635 Laodiceae
1317 1597 1439 1635 vero
1468 1587 1591 1653 post
1629 1578 1978 1635 Thelemidris
2004 1580 2148 1636 obitu
2179 1614 2194 1642 z

278 1678 648 1749 Heliodorum,
671 1677 930 1734 Helenum
966 1675 1118 1732 Tarsi
1146 1683 1460 1749 cunctasque
1489 1676 1684 1734 Ciliciae
1709 1676 1997 1748 Ecclesias,
2016 1676 2062 1733 F
2064 1680 2187 1746 irm',

282 1778 479 1835 lianum
507 1778 731 1851 denique
752 1795 867 1833 cum
884 1778 1131 1832 universa
1158 1775 1524 1850 Cappadocia.
1549 1775 1703 1832 Solos
1724 1777 1860 1831 enim
1882 1774 2194 1836 illustrior
2255 1757 2258 1765 ⁴

277 1876 564 1951 Episcopos
590 1878 880 1947 nominavi,
909 1894 976 1930 ne
1018 1876 1156 1947 forte
1187 1875 1414 1948 epistola
1447 1882 1634 1931 nostra
1661 1875 1928 1948 prolixior
1956 1884 2007 1932 et
2032 1877 2191 1933 oratio

275 1975 548 2031 molestior
599 1974 933 2030 redderetur.
970 1973 1255 2045 Syriarum
1291 1975 1502 2045 quidem
1533 1976 1821 2047 provinciae
1863 1993 2044 2032 omnes
2088 1992 2147 2031 cu
2204 2045 2205 2050 ἵ
2253 2019 2262 2027 ..

280 2075 498 2145 Arabia,
530 2075 710 2146 quibus
736 2073 1024 2138 identidem
1055 2066 1358 2128 necessaria
1376 2074 1749 2147 suppeditatis,
1781 2083 1831 2129 et
1862 2077 2045 2147 quibus
2070 2076 2199 2131 litt

280 2193 371 2230 ras
389 2191 528 2229 nunc
542 2174 849 2246 scripsistis,
871 2172 1255 2245 Mesopotamia
1274 2190 1494 2244 quoque,
1520 2172 1724 2228 Pontus
1744 2190 1804 2228 ac
1827 2172 2096 2246 Bithynia;
2118 2192 2148 2230 a

281 2281 339 2328 ut
367 2291 470 2329 uno
504 2273 661 2328 verbo
691 2271 981 2342 absolvam,
1010 2287 1189 2326 omnes
1217 2271 1404 2343 ubique
1436 2278 1702 2327 terraram
1739 2271 1921 2327 Iaetitia
1954 2275 2238 2347 pestium

279 2373 492 2447 Deoque
523 2372 725 2446 qratias
757 2378 919 2445 ayunt
947 2371 1008 2427 ob
1033 2371 1168 2426 hanc
1195 2370 1529 2426 concordiam
1547 2352 1956 2443 fraternamque
1981 2372 2190 2429 charit

283 2479 406 2528 tem.
445 2471 508 2526 Et
542 2471 657 2527 haec
691 2469 923 2543 quidem
949 2468 1247 2545 Dionysius
1270 2468 1490 2526 scribit.
1524 2469 1794 2527 Caeterum
1822 2489 1954 2527 cum
1975 2470 2174 2547 Steph·

283 2578 392 2617 nus
425 2561 731 2618 Ecclesiam
762 2561 992 2618 biennio
1022 2561 1495 2632 administrasset,
1529 2562 1719 2619 Xistus
1750 2563 1811 2618 in
1848 2565 1969 2639 ejus
2020 2564 2177 2623 locun

275 2660 579 2716 successit.
621 2660 700 2715 Ad
738 2659 891 2716 hunc
935 2660 1229 2739 Dionysius
1258 2660 1564 2717 secundam
1597 2661 1659 2717 de
1699 2662 1955 2736 baptismo
1985 2661 2174 2738 scrip

285 2759 603 2835 epistolam,
632 2760 690 2814 in
707 2777 817 2832 qua
838 2759 1110 2834 Stephani
1137 2760 1396 2816 simulac
1420 2759 1772 2834 reliquorum
1796 2761 2161 2837 Episcoporu

284 2859 626 2916 sententiam
659 2876 723 2915 ac
761 2858 1043 2932 judicium
1085 2859 1331 2934 exponit,
1361 2860 1430 2916 de
1474 2860 1757 2936 Stephano
1798 2861 1875 2918 ita
1904 2862 2154 2920 scribens
2214 2854 2217 2860 ¹

286 2959 458 3016 Antea
487 2958 694 3032 quidem
723 2957 928 3014 litteras
966 2960 1258 3033 scripserat
1295 2959 1360 3015 de
1384 2959 1583 3016 Heleno
1609 2968 1657 3016 et
1682 2962 1746 3017 de
1768 2959 1814 3016 F
1815 2961 2104 3032 irmilian0,
2145 2986 2166 3008 ν
2215 3013 2218 3020 .

286 3058 521 3120 omnibus
541 3058 761 3131 denique
780 3057 1145 3114 sacerdotibus
1158 3076 1259 3132 per
1277 3058 1535 3131 Ciliciam,
1559 3058 1949 3134 Cappadociam
1968 3062 2175 3118 canct',
2211 3100 2228 3112 ..

285 3173 393 3229 (με,
409 3156 665 3228 finitimas
693 3143 1000 3231 provincias
1026 3159 1347 3230 constitutiS,
1371 3176 1487 3215 sese
1509 3159 1571 3214 ob
1596 3176 1712 3215 eam
1736 3177 1950 3217 causam
1995 3159 2055 3216 ab
2081 3154 2137 3214 ill
2146 3182 2202 3206 ι

288 3272 404 3309 rum
432 3257 798 3312 communione
822 3256 1197 3328 discessurum,
1223 3257 1364 3330 quod
1388 3257 1664 3313 haereticos
1692 3259 2098 3332 rebaptizarent.
2146 3261 2209 3314 ’,ξ’

283 3351 424 3423 vide,
451 3369 652 3425 quaeso,
683 3354 990 3425 pravitatem
1015 3354 1230 3427 neyotii.
1261 3353 1466 3410 Revera
1493 3354 1628 3410 enim
1664 3355 1721 3410 in
1741 3355 2011 3425 maximis,
2039 3358 2096 3408 ut
2113 3352 2197 3418 mk}

290 3447 398 3516 dio,
424 3448 809 3523 Episcoporum
855 3451 1092 3507 conciliis
1138 3451 1403 3509 decretum
1441 3459 1542 3522 est,
1563 3459 1621 3508 ut
1648 3453 1736 3524 qui
1762 3452 1823 3507 ab
1850 3449 2104 3528 haereticis
2126 3429 2202 3509 iffi

290 3546 601 3605 catholicam
638 3549 932 3607 Ecclesiam
956 3552 1236 3624 accedunt,
1262 3553 1496 3626 primum
1521 3550 1876 3606 catechumeni
1900 3550 2111 3620 fierent,
2135 3538 2193 3599 tw

290 3637 480 3696 deinde
522 3649 715 3702 veteris
755 3656 808 3704 et
836 3650 1032 3722 impuri
1061 3650 1312 3722 fermenti
1343 3647 1588 3705 sordibus
1608 3663 1709 3720 per
1734 3646 2050 3719 baptismum
2070 3642 2194 3717 pff·
2260 3655 2262 3667 ²
