2262 3990
260 179 347 228 610
624 129 631 139 ·
930 163 1229 217 TRACTATUS
1259 163 1325 212 DE
1356 163 1498 212 PAPA.

259 281 609 342 scinderetur
644 276 814 348 caput
845 270 940 327 hic
977 276 1030 327 et
1063 289 1218 328 nunc
1258 270 1504 328 existens
1531 287 1562 326 a
1585 270 1858 328 membris
1887 271 2163 347 reliquis)

255 377 511 445 Proinde,
534 374 650 431 sive
670 373 824 430 istud
854 371 1137 448 reliquum
1168 390 1372 448 corpus
1397 377 1649 429 maneret
1675 371 1796 428 sine
1825 371 2026 448 capite,
2055 373 2165 433 sive

256 471 623 531 constitueret
655 469 763 526 sibi
806 474 978 544 caput
1016 468 1299 525 diversum
1342 486 1373 525 a
1407 468 1656 524 Romano
1685 466 1970 538 Pontifice‚
1998 467 2088 524 hic
2115 472 2165 528 et

256 589 411 630 nunc
435 570 732 635 existente,
755 587 785 625 a
805 587 914 643 quo
933 586 993 626 se
1014 568 1372 639 abscidisset,
1390 585 1751 642 nequaquam
1770 571 1914 624 esset
1926 565 2162 644 Ecclesia
2211 582 2214 583 ’

255 689 428 746 quam
449 669 699 728 instituit
719 667 994 725 ChristuS.
1015 667 1257 724 Aliunde
1277 685 1382 725 nec
1398 666 1458 723 in
1479 665 1598 723 solo
1617 665 1800 742 eapite
1818 664 1899 722 sic
1925 665 2170 727 abscisso·
2207 699 2212 703 ·

255 778 309 828 et
340 790 371 828 a
397 769 614 827 caeteris
647 769 921 826 membris
953 769 1155 844 rejecto
1193 768 1439 826 Ecclesia
1472 766 1677 824 Christi
1720 764 2030 823 consistere
2061 753 2187 824 dieis

253 875 459 947 posset.
486 869 661 944 Igitur
686 887 878 927 revera
902 868 1163 946 periisset
1185 886 1315 925 vera
1349 867 1552 925 Christi
1577 865 1840 923 Ecclesia.
1879 864 2014 921 Cum
2036 881 2166 940 ergo·

255 968 582 1047 promiserit
612 969 867 1027 Christus
897 969 1054 1025 illam
1077 956 1259 1044 usque
1287 968 1355 1024 ad
1391 964 1944 1024 consummationem
1985 962 2166 1021 saeculi

254 1089 708 1148 permansuram,
763 1068 1100 1146 simpliciter
1146 1067 1500 1144 impossibile
1548 1072 1631 1124 est
1671 1072 1735 1123 ut
1787 1063 2071 1137 contingat
2110 1062 2165 1123 in¹

256 1170 493 1228 concilio
522 1170 792 1246 generali,
844 1169 1009 1227 aliter
1049 1187 1079 1225 a
1118 1168 1259 1243 Papa
1287 1174 1341 1226 et
1366 1168 1532 1225 aliter
1558 1166 1625 1224 ab
1649 1152 1918 1224 omnibus
1942 1162 2029 1220 vel
2059 1161 2166 1222 fere

256 1271 520 1329 omnibus
542 1271 668 1327 aliis
694 1269 981 1345 Episcopis
1005 1267 1173 1324 fidem
1202 1267 1423 1324 definiri
1442 1270 1478 1323 ¹.

329 1373 619 1427 Pnorosmo
662 1371 766 1427 Vl²¹.
793 1404 862 1412 —-
888 1369 1203 1442 Continyere
1228 1371 1407 1443 nequit
1433 1376 1489 1425 ut
1515 1374 1626 1424 tota
1655 1365 1737 1424 vel
1761 1368 1877 1441 fere
1907 1372 2015 1422 tota
2034 1365 2170 1440 Epis-

259 1489 509 1544 coporum
537 1470 770 1526 collectio
793 1477 1088 1544 praesumat
1116 1486 1342 1542 unquam
1364 1469 1520 1542 fidem
1539 1467 1950 1542 independenter
1974 1483 2006 1521 a
2028 1464 2169 1540 Papa

251 1573 474 1645 proprie
505 1570 748 1642 definire,
786 1570 840 1624 id
882 1577 982 1639 est,
1019 1570 1094 1624 ita
1149 1577 1207 1624 ut
1253 1569 1492 1640 definitio
1552 1567 1683 1636 haec,
1729 1567 1919 1639 absque
1963 1580 2172 1620 assensu

258 1672 448 1745 Papae,
496 1671 566 1726 acl
606 1670 928 1726 credendum
974 1668 1185 1742 obliqet.
1210 1667 1434 1723 —Nam
1473 1666 1731 1724 collectio
1781 1664 2171 1739 Episcoporum

259 1787 383 1843 quae
408 1768 463 1824 id
489 1774 879 1843 praesumeret,
914 1769 1019 1824 hoc
1056 1767 1176 1844 ipso
1218 1785 1340 1824 sese
1368 1771 1536 1842 caput
1565 1783 1663 1822 seu
1695 1769 1971 1821 rectorem
1995 1760 2174 1819 Eccle-

261 1868 357 1924 siae
377 1868 749 1943 praetenderet
774 1867 957 1941 quoad
1001 1867 1355 1944 praecipuum
1388 1864 1757 1924 ecclesiastici
1785 1860 2079 1938 regiminis
2102 1859 2176 1917 of-

262 1965 478 2033 ficium,
508 1965 657 2038 quod
691 1965 750 2020 in
785 1966 1032 2022 docenda
1074 1972 1127 2022 et
1158 1964 1578 2040 praescribenda
1612 1982 1739 2020 vera
1768 1962 1876 2018 fide
1906 1957 2175 2018 consistit.
2209 2034 2218 2039 ..

261 2066 375 2122 Sibi
396 2065 604 2140 quippe
619 2084 922 2139 supremam
937 2071 991 2121 et
1009 2084 1038 2121 a
1058 2065 1203 2140 Papa
1223 2063 1701 2139 independentem
1722 2062 1779 2116 in
1800 2059 2039 2116 materia
2058 2054 2180 2113 fidei

264 2172 599 2242 potestatem
643 2164 971 2222 vindicaret.
1014 2165 1253 2221 Proinde
1283 2183 1397 2220 non
1426 2168 1747 2239 agnosceret
1779 2179 1976 2219 verum
2004 2159 2199 2217 Eccle-‘

265 2266 361 2322 site
388 2273 553 2340 caput
577 2284 608 2320 a
638 2263 856 2320 Christo
900 2265 1276 2322 constitutum
1305 2288 1314 2332 ;
1347 2270 1397 2319 et
1430 2266 1536 2319 hoc
1564 2263 1685 2338 ipso
1720 2262 1788 2317 ab
1828 2261 1936 2318 isto
1984 2260 2178 2336 capite,
2205 2257 2225 2296 ⁹·

266 2365 324 2422 id
353 2369 436 2422 est
464 2364 715 2421 Romano
741 2363 1024 2434 Pontifice,
1071 2382 1196 2421 sese
1235 2363 1613 2420 abscinderet.
1645 2362 1776 2426 Quae
1802 2359 1998 2417 scissio
2024 2362 2204 2435 caput.-

268 2462 417 2519 inter
449 2466 501 2517 et
540 2459 826 2534 reliquum
855 2478 1084 2538 corpus,
1121 2478 1250 2517 cum
1306 2457 1679 2535 impossibilis
1719 2458 1813 2528 sit,
1853 2476 1920 2514 ex
1947 2473 2186 2533 praecen-

270 2563 436 2619 dente
486 2560 888 2638 propositione,
945 2561 1205 2636 sequitur
1251 2560 1466 2635 pariter
1517 2576 1810 2632 nunquam
1869 2555 2185 2630 contingere
2239 2617 2243 2620 ,

269 2680 433 2738 posse
459 2669 522 2718 ut
552 2668 667 2719 tota
691 2662 778 2719 vel
817 2662 932 2718 fere
960 2667 1074 2718 tota
1101 2660 1357 2718 collectio
1402 2658 1809 2735 Episcoporum
1854 2655 2185 2731 quaestiones
2199 2651 2223 2710 ‘j

271 2761 403 2818 fidei
450 2761 679 2837 proprie
711 2761 860 2817 dicta
910 2760 1238 2817 definitione
1287 2759 1555 2816 dirimere
1576 2764 1882 2834 praesumat,
1929 2755 2185 2831 indepen-

274 2863 470 2920 denter
494 2881 524 2919 a
550 2862 719 2938 Papa.

350 2964 526 3039 Igitur
558 2982 661 3021 nec
694 2962 764 3020 de
795 2962 948 3037 jure,
987 2980 1103 3019 nec
1131 2961 1300 3018 etiam
1341 2960 1412 3017 de
1453 2961 1622 3026 facto,
1653 2963 1838 3035 potest
1859 2956 2183 3020 Concilium,

333 3130 386 3187 (1)
418 3147 438 3173 <t
462 3131 658 3179 Ecclesia,
678 3130 817 3184 inquit
841 3133 959 3183 pater
980 3130 1146 3176 martin,
1165 3123 1290 3171 'stare
1314 3128 1476 3181 nequit,
1505 3139 1556 3170 ex
1581 3127 1735 3169 Christi
1765 3125 2082 3173 constitutione,
2104 3123 2191 3167 sim

275 3213 434 3246 summo
452 3201 657 3253 Pontifice
676 3198 873 3241 omnibus
898 3202 940 3240 et
959 3197 1141 3250 singulis
1164 3197 1378 3251 Episcopis
1401 3196 1623 3251 superiore
1644 3202 1686 3237 et
1701 3195 1987 3250 praecipiente,
2009 3195 2209 3235 necem&

278 3272 482 3325 episcopis
502 3282 660 3314 summo
670 3269 863 3318 Pontifici
880 3269 1084 3321 subjectis
1102 3273 1142 3308 et
1158 3267 1238 3321 ipsi
1264 3273 1311 3309 ut
1330 3266 1474 3320 capiti,
1495 3266 1790 3315 fundamento,
1808 3265 1963 3319 pastori
1985 3260 2194 3316 supremo¹

278 3342 546 3394 fratrumque
569 3337 858 3382 confirmatori
881 3337 1216 3378 adhaerentibus.
1255 3337 1363 3389 Ergo
1388 3336 1536 3378 divisio
1563 3335 1866 3388 Episcoporum
1898 3333 2086 3376 omnium
2109 3326 2201 3372 col-1

280 3411 430 3453 lective
458 3414 727 3462 sumptorum
756 3412 915 3449 esset<
897 3406 1080 3449 schisma
1104 3407 1397 3448 membrorum
1422 3418 1443 3446 a
1470 3405 1622 3458 capite,
1657 3404 1827 3446 aedificii
1859 3417 1881 3445 a
1913 3402 2177 3444 fundamento

282 3480 422 3520 ovium
452 3493 474 3520 a
499 3484 682 3532 pastore.
700 3475 1087 3520 confirmandorum
1114 3488 1136 3515 a
1157 3475 1455 3522 confirmante;
1485 3485 1587 3526 ergo
1613 3478 1698 3513 tota
1722 3478 1885 3524 rueret,
1905 3469 2197 3526 pessumdare*

283 3550 356 3586 tur
381 3552 422 3588 et
451 3548 715 3589 dilaberetur
741 3545 943 3593 Ecclesia;
991 3543 1367 3597 perimereturque
1392 3541 1528 3595 ipsius
1560 3541 1697 3582 forma
1721 3540 2004 3588 constitutiva,
2032 3543 2193 3589 totaque

285 3612 392 3653 ratio
419 3614 694 3661 subsistendi;
721 3626 824 3666 ergo
848 3616 1059 3666 repugnat
1084 3610 1292 3665 ejusmodi
1320 3610 1535 3654 scissionis
1556 3609 1814 3662 hypothesis.
1840 3623 1858 3649 n
1889 3607 2123 3663 (Tractatus
2147 3602 2202 3645 dh·

287 3681 490 3732 Ecclesia,
511 3682 814 3734 autographice
834 3682 988 3732 editus,
1007 3695 1047 3734 p.
1072 3679 1179 3727 184.)

450 3766 474 3792 Ο
