2306 4010
283 174 370 222 192
467 194 478 208 ·
952 155 1250 208 TRACTATUS
1281 155 1347 201 DE
1378 155 1526 202 PAPA.
1560 125 1563 128 ’

283 288 539 338 tenorem
570 289 745 332 ausus
778 271 922 325 esset
951 265 1021 320 ad
1056 262 1364 319 concilium
1401 264 1662 337 generale
1695 266 1998 342 appellare,
2035 269 2208 350 verba·

284 381 402 435 haec
444 369 771 446 subjungit:
819 365 1086 421 Potuisset
1128 362 1389 419 Lutherus
1419 363 1534 436 jam
1575 364 1700 421 inde
1742 365 1922 421 haberi
1954 372 2206 439 tanquam
2257 400 2264 404 -

286 474 589 538 haeretz'caS,
641 474 800 537 utque
863 461 985 518 talis
1020 463 1244 535 pzmz'ri3
1303 462 1361 518 4⁰
1405 461 1637 520 tandem
1688 462 2027 521 Benedictus
2075 464 2201 538 XIV,

284 566 694 628 constitutione
731 579 835 619 sua
870 562 954 619 Ea:
990 563 1228 618 omnibus
1269 561 1562 620 Christiani
1599 563 1763 633 orbis,
1811 562 2146 637 denegandu
2222 551 2249 575 ⁵

283 665 531 725 decernit
557 661 987 720 sanctissimum
1019 661 1291 718 viaticum
1330 661 1402 718 iis
1439 661 1706 719 omnihus
1739 662 1861 736 qui,
1897 662 2068 720 bullae
2089 663 2214 721 Uni-

282 768 484 842 9enitus
530 764 914 833 adversantes,
969 763 1039 819 ab
1098 780 1163 819 ea
1216 761 1443 838 publice
1493 762 1858 839 appellabant
1911 762 1980 842 ad
2028 763 2217 820 concia

281 863 423 919 lium
459 860 897 918 oecumenicum.
942 860 1120 935 Igitur
1158 860 1460 936 appellatio
1490 879 1521 918 a
1553 861 1806 918 Romano
1832 861 2100 918 Pontifice
2136 861 2207 918 ad

282 962 542 1039 generale
568 961 875 1019 concilium
906 980 1098 1020 revera
1124 979 1386 1038 expresse
1413 968 1467 1019 et
1501 961 1716 1037 pluries
1749 961 2017 1019 damnata
2050 969 2156 1020 est.
2224 1030 2226 1033 .
2254 1006 2259 1011 -

360 1064 482 1120 Jam
510 1080 640 1118 vero
679 1079 747 1119 ex
787 1062 889 1119 tali
920 1062 1392 1120 condemnatione
1426 1061 1682 1136 rigorose
1710 1063 1971 1137 sequitur
2005 1063 2216 1119 infalli-
2268 1055 2270 1057 ’

284 1161 453 1219 bilem
487 1178 608 1218 esse
642 1160 701 1216 in
744 1159 1061 1218 definienda
1097 1161 1207 1217 fide
1241 1161 1562 1217 Romanum
1597 1160 1944 1218 Pontificem.
1984 1160 2122 1216 Nam
2166 1160 2215 1217 si

285 1262 428 1319 foret
457 1260 735 1332 fallibilis,
767 1261 1071 1337 appellatio
1096 1262 1166 1318 ab
1192 1261 1372 1336 ipsius
1393 1261 1611 1336 judicio
1642 1260 1961 1334 dogmatico
1990 1259 2059 1317 ad
2086 1278 2216 1317 con-

287 1360 482 1416 cilium
536 1359 974 1432 oecumenicum,
1019 1378 1134 1416 non
1184 1365 1411 1416 tantum
1460 1378 1575 1417 non
1620 1367 1765 1417 esset
1812 1377 2068 1430 erronea,
2116 1377 2219 1416 nec
2292 1408 2299 1443 ς.

286 1467 476 1536 posset
510 1460 818 1535 quisquam
854 1461 924 1517 ob
954 1461 1127 1518 talem
1154 1460 1599 1537 {appellationem
1630 1461 1811 1516 haberi
1838 1468 2086 1533 tanquam
2117 1461 2221 1515 hae-

287 1565 502 1632 reticus,
531 1563 627 1620 sed
651 1570 878 1620 econtra
899 1569 1045 1620 essct
1068 1580 1303 1639 prorsus
1325 1562 1502 1634 licita,
1524 1562 1676 1636 justa
1704 1567 1757 1618 et
1780 1560 2059 1618 ordinata.
2083 1560 2220 1616 Nam

289 1660 419 1716 licet
446 1662 678 1718 omnino
707 1680 1046 1737 semperque
1071 1661 1262 1718 licebit
1287 1641 1576 1737 'appellare
1617 1661 1685 1717 ab
1717 1659 2050 1717 auctoritate
2081 1659 2223 1716 infe·
2284 1678 2306 1735 ig

291 1759 440 1816 riore
470 1761 536 1815 ad
577 1763 955 1835 superiorem,
994 1781 1023 1818 a
1052 1762 1330 1818 tribunali
1367 1761 1591 1818 fallibili
1627 1767 1681 1817 et
1715 1761 1879 1835 cujus
1907 1760 2130 1817 decreta
2169 1763 2225 1815 et
2278 1730 2306 2140 t

288 1858 503 1932 judicia
546 1858 685 1916 falsa
723 1878 846 1916 6556
880 1867 1139 1935 possunt,
1178 1860 1247 1916 ad
1282 1860 1642 1916 infallibilem
1681 1866 1734 1915 et
1776 1858 2222 1932 irrefragabilem
2304 1930 2306 1938 Ι

300 1957 716 2014 auctoritatem.
747 1959 926 2015 Immo
959 1977 1063 2015 nec
1092 1959 1214 2033 ipsc
1249 1959 1392 2015 Deus
1429 1959 1611 2015 facere
1647 1962 1832 2032 potest
1858 1963 1922 2013 ut
1948 1976 2117 2031 prava
2151 1956 2225 2013 sit

293 2054 425 2111 talis
454 2055 777 2130 appellati03
810 2057 943 2130 quia
963 2056 1318 2131 impossibile
1335 2062 1419 2112 est
1445 2074 1680 2131 pravum
1705 2055 1827 2111 fieri
1853 2061 1907 2111 et
1935 2054 2222 2124 illicitum,
2286 2088 2291 2105 s-

292 2154 441 2226 quod
478 2161 560 2211 est
598 2173 663 2212 ex
708 2157 951 2213 essentia
995 2175 1097 2213 sua
1134 2157 1357 2230 justum
1393 2162 1447 2212 et
1482 2156 1832 2212 ordinatum.
1878 2155 2056 2228 Igitur
2102 2155 2227 2211 ideo
2283 2141 2306 2251 Ξ

290 2260 511 2310 tantum
547 2254 892 2312 detestabilis
933 2262 988 2312 et
1029 2273 1266 2312 erronea
1308 2255 1455 2311 dicta
1495 2254 1818 2329 appellatio,
1848 2253 1982 2327 quia
2014 2252 2221 2310 infalli-
2284 2252 2299 2277 ⁵

291 2351 424 2408 bilis
450 2352 740 2409 Romanus
767 2353 1038 2410 Pontifex.

367 2450 548 2523 Atque
586 2450 676 2506 hic
716 2450 858 2506 mihi
898 2450 1087 2522 liceat,
1122 2450 1645 2524 quantulocumque
1683 2449 1973 2526 scriptori,
2014 2468 2107 2507 eos
2141 2467 2224 2507 se·
2263 2452 2268 2460 '

293 2546 672 2604 minariorum
715 2548 905 2606 Galliae
958 2550 1309 2624 professores
1355 2549 1736 2624 expostulare,
1796 2548 1865 2604 de
1909 2548 2223 2605 assertione
2279 2559 2289 2630 j

294 2644 385 2699 illa
426 2644 755 2715 falsissima,
796 2666 906 2720 qua
944 2648 1241 2722 discipulis
1279 2648 1398 2703 suis
1431 2654 1702 2719 tanquam
1743 2646 1957 2702 factum
1992 2647 2222 2703 omnino
2268 2631 2290 2713 ᾗ

295 2748 514 2798 certum
546 2748 598 2799 et
627 2749 784 2799 extra
812 2745 1254 2802 controversiam
1296 2745 1546 2820 positum
1577 2744 1915 2818 obtrudunt,
1952 2767 1979 2798 «
2005 2745 2224 2822 opinio·
2277 2767 2285 2822 j

295 2857 425 2897 nem
458 2841 527 2897 de
563 2841 708 2917 Papa
746 2842 994 2914 fallibili,
1034 2862 1157 2900 esse
1205 2844 1263 2899 in
1307 2844 1515 2902 scholis
1559 2843 1851 2901 catholicis
1899 2844 2120 2900 liberam
2161 2861 2224 2899 ac
2263 2825 2293 2989 ἑ

299 2937 521 2996 licitam.
551 2960 578 2992 »
602 2938 741 2996 Pace
767 2958 967 2997 corum
1004 2940 1268 3012 dixerim,
1298 2941 1407 2998 nisi
1434 2941 1688 2998 volentes
1716 2939 2035 3012 caecutiant,
2061 2957 2222 3016 pers·
2260 2991 2263 2998 ,
2291 2950 2294 2954 ’

298 3035 511 3110 piciant
552 3054 782 3094 necesse
818 3044 924 3110 est,
973 3039 1170 3095 licitam
1211 3038 1324 3096 dici
1361 3057 1474 3095 non
1514 3057 1678 3115 posse
1718 3039 1786 3095 de
1819 3037 1958 3114 Papa
1999 2995 2282 3411 fallibiliI

299 3133 651 3208 opinionem,
684 3136 795 3193 nisi
824 3137 997 3194 simul
1033 3138 1176 3193 licita
1210 3137 1614 3213 pronuntietur
1638 3136 1935 3194 aRomano
1961 3134 2226 3193 Pontifice
2296 3199 2298 3210 Ἠ

301 3232 370 3288 ad
389 3234 696 3291 concilium
719 3237 1138 3295 oecumenicum
1164 3237 1487 3314 appellatio,
1511 3237 1568 3293 Si
1590 3236 1765 3312 judex
1784 3236 2042 3293 fallibilis
2054 3236 2252 3311 Papa‚·‘
2291 3226 2298 3314 f

300 3333 580 3403 quomodo
623 3353 738 3392 non
782 3336 973 3395 licebit
1014 3338 1085 3395 ad
1121 3337 1482 3395 infallibilem
1527 3336 1850 3413 appellare?
1892 3335 1946 3391 Si
1985 3353 2086 3410 ego
2128 3351 2224 3391 vos
2270 3318 2294 3402 η’

302 3430 685 3504 appellantibus
741 3435 1074 3494 Jansenistis
1114 3455 1495 3510 accenserem,
1545 3435 1904 3510 indignantes
1955 3414 2306 3517 exclama-'5²4

303 3524 460 3580 retis,
510 3530 614 3585 Sed
658 3533 795 3591 dum
839 3534 1042 3592 licitum
1082 3542 1134 3594 et
1188 3537 1409 3593 liberum
1449 3534 1832 3612 pronuntiatis
1875 3533 2080 3608 Papam
2123 3550 2223 3609 pro
2272 3540 2306 3598 2¹

305 3619 483 3679 fallibi
512 3625 739 3702 habere,
766 3652 953 3692 nonne
988 3636 1095 3692 hoc
1121 3635 1244 3711 ipso
1287 3635 1485 3692 licitam
1516 3633 1704 3692 dicitis
1733 3634 1803 3691 ab
1827 3631 1959 3708 ,ejus
1997 3631 2223 3706 dogma·
2283 3621 2302 3665 ἶ
