2262 3990
863 175 990 224 PARS
1017 174 1216 224 TERTIA.
1881 170 1969 218 515

110 281 478 351 ecclesiastica,
497 281 707 339 consid.
737 282 828 351 12,
849 281 1086 358 Operum
1103 287 1253 339 tomo
1268 279 1330 351 11,
1353 294 1479 355 pag.
1498 277 1629 348 247,
1651 277 1784 336 edit.
1806 277 1970 335 Ellies

107 379 305 453 Dupin,
335 378 670 453 Antuerpiae‚
702 378 893 449 1706).
928 379 1121 453 Igitur,
1149 378 1388 435 Gersone
1412 382 1575 447 teste,
1595 374 1819 432 traditio
1840 376 1967 445 ista,

110 493 307 549 nempe
331 475 474 549 quod
507 474 806 532 concilium
846 494 957 532 non
1002 475 1074 532 sit
1103 493 1270 551 supra
1303 474 1525 548 Papam,
1566 473 1641 528 ita
1680 472 1974 546 generali8‚

0 630 7 638 ,
112 573 350 627 radicata
383 578 437 628 et
479 573 706 628 imbibita
749 571 854 629 fuit
901 578 1028 629 ante
1073 571 1543 629 Constantiensem
1588 570 1882 647 synodum,
1917 576 1981 626 ut

111 667 400 724 contrariae
442 667 704 725 doctrinae
739 667 1133 741 dogmatizator
1169 674 1434 742 tanquam
1457 669 1728 725 haereticus
1757 672 1982 723 notatus

114 782 176 820 ac
215 763 614 820 condemnatus
658 762 851 837 procul
897 762 1064 820 dubio
1108 763 1327 820 suisset.
1379 763 1499 819 Alia
1542 763 1662 820 loca
1699 764 1979 835 Gersonis,

110 860 313 934 quibus
355 861 512 917 dictae
551 860 828 936 opinionis
873 860 1174 917 novitatem
1217 861 1451 935 ipsemet
1481 868 1737 933 testatur,
1766 862 1882 937 jam
1907 861 1983 921 ci-

109 958 347 1014 tavimus
380 961 553 1032 (parte
581 958 644 1026 11,
685 957 927 1015 sectione
970 958 1033 1029 11,
1072 959 1252 1034 capite
1290 961 1365 1031 v).

183 1053 467 1128 Explorata
489 1053 660 1128 igitur
687 1053 1146 1112 documentorum
1168 1055 1330 1122 serie,
1359 1056 1588 1114 omnino
1608 1055 1983 1131 colligendum

110 1154 212 1220 est,
241 1168 427 1206 novam
458 1149 656 1222 fuisse,
684 1158 738 1208 et
774 1152 1001 1209 nonnisi
1039 1153 1237 1210 saeculo
1275 1173 1377 1227 xiv,
1416 1158 1601 1212 exorto
1631 1155 1748 1229 jam
1785 1174 1987 1230 magno

113 1246 275 1319 hujus
301 1249 563 1322 temporis
597 1248 914 1321 schismate,
952 1250 1302 1307 adinventam
1334 1251 1676 1325 opinionem,
1729 1271 1852 1326 quae
1890 1253 1991 1309 Ro-

114 1362 340 1399 manum
352 1345 668 1401 Pontificem
689 1347 962 1419 gener-alis
976 1348 1195 1404 concilii
1215 1349 1531 1405 auctoritati
1561 1350 1802 1424 subjicit.
1821 1330 1986 1407 Porro

117 1441 173 1494 in
213 1441 438 1496 materia
466 1441 612 1512 fidei,
642 1443 1036 1502 inconcussum
1073 1445 1222 1520 apud
1254 1446 1553 1503 catholicos
1600 1446 1944 1522 principium
1972 1468 1984 1501 ε

117 1537 212 1594 Ubi
235 1538 467 1610 novitas,
502 1539 580 1596 ibi
615 1541 847 1600 falsitas.
