2306 4010
787 234 918 282 PARS
948 236 1168 283 SECUNDA
1178 272 1188 282 .
1847 231 1933 278 277

133 354 368 416 Secunda
393 347 611 424 epistola
645 343 974 415 supposititia
999 345 1199 417 pariter
1232 341 1487 400 censenda
1513 347 1610 397 est.
1639 372 1709 381 -
1733 339 1804 396 De
1834 338 1932 395 illa

63 457 139 515 sic
191 448 526 509 Bollandista
571 438 852 511 Stiltingus
886 459 896 491 :
943 442 1196 516 «Accipe
1233 459 1403 514 nunc,
1454 440 1650 510 lector,
1686 439 1931 496 alteram

0 607 1 611 ,
63 553 353 632 epistolam
400 541 611 603 Liberio
650 535 996 607 attributam,
1049 539 1118 595 de
1166 542 1327 614 cujus
1371 537 1754 614 suppositione
1796 538 1936 594 mihi

0 646 1 676 ¹
65 669 286 731 quoque
307 641 671 720 dubitandum
696 653 804 692 non
834 635 1099 692 videtur»
1134 638 1285 711 (Acta
1313 639 1644 702 Sanctorum,
1670 638 1788 694 loco
1814 637 1934 710 cit,

0 678 2 776 i
67 773 124 828 p.
151 751 303 823 582).
334 735 743 821 Supposititiam
777 733 933 790 illam
966 735 1260 810 epistolam
1287 737 1504 810 probat,
1535 743 1656 793 tum
1682 755 1747 792 ex
1774 736 1938 811 stylo,

67 850 163 926 qui
203 849 347 904 idem
377 848 458 901 est
495 855 557 894 ac
586 835 644 890 in
669 832 792 888 aliis
822 839 972 889 certo
1007 832 1259 888 confictis
1292 833 1566 907 epistolis;
1606 839 1728 889 tum
1769 854 1834 892 ex
1871 853 1934 892 eo

70 949 214 1024 quod
249 942 416 1004 sancti
438 932 630 995 Liberii
665 931 996 1007 prudentiae,
1030 932 1346 990 fortitudini
1393 940 1446 990 et
1487 936 1936 1006 magnanimitati

74 1044 292 1101 omnino
319 1038 646 1096 adversetur.
727 1102 732 1108 ·
921 1102 930 1108 ,

145 1140 306 1197 Tertia
344 1136 462 1189 item
500 1126 722 1202 epistola
761 1129 1116 1201 supposititia.
1157 1161 1224 1170 -
1258 1127 1559 1184 Contictam
1600 1128 1939 1185 existimavit

66 1232 343 1302 Baronius,
371 1227 466 1303 qui
493 1226 738 1302 primum
762 1243 883 1282 eam
924 1244 1025 1300 pro
1057 1226 1297 1299 genuina
1331 1226 1625 1296 habuerat,
1659 1226 1757 1282 sed
1789 1233 1938 1301 post-

65 1331 284 1389 modum
323 1319 651 1383 sententiam
688 1324 1034 1391 retractavit3
1077 1325 1323 1399 itemque
1352 1324 1544 1380 Binius
1590 1331 1642 1380 et
1676 1324 1939 1380 Labbaeus

69 1429 205 1502 (vide
228 1431 407 1482 notam
440 1422 715 1479 editorum
740 1422 1252 1494 Benedictinorum,
1295 1422 1363 1478 ad
1398 1440 1702 1479 numerum
1733 1421 1764 1476 8
1792 1424 1937 1494 fraq-

68 1528 219 1583 menti
260 1523 391 1581 sexti
418 1521 593 1578 sancti
621 1520 835 1591 Hilarii,
864 1521 922 1575 in
953 1521 1197 1577 editione
1223 1521 1419 1594 Migne,
1456 1527 1497 1577 t.
1526 1521 1593 1589 11,
1631 1521 1739 1576 col.
1779 1521 1935 1592 695).

69 1623 227 1680 Adeat
253 1638 374 1678 vero
402 1619 676 1694 praecipue
715 1619 891 1675 lector
916 1618 1149 1675 citatum
1176 1618 1579 1674 Bollandistam
1617 1617 1938 1690 Stiltingum

73 1720 215 1794 (Acta
237 1720 559 1787 Sanctorum,
598 1718 764 1773 citato
787 1717 928 1790 loco)
951 1718 1049 1790 qui
1073 1717 1243 1774 simul
1272 1717 1578 1774 Constantii
1601 1715 1939 1788 objectiones

65 1819 318 1876 confutat.
353 1816 624 1889 Equidem
653 1816 817 1899 istius
853 1822 905 1872 et
938 1816 1113 1872 trium
1151 1817 1390 1872 aliarum
1436 1815 1800 1890 epistolarum
1841 1832 1939 1868 au-

63 1914 448 1973 thenticitatem
476 1914 843 1989 propugnavit
869 1915 1276 1982 Tillemontius;
1311 1915 1406 1971 sed
1434 1913 1591 1969 nulla
1616 1912 1785 1985 hujus
1814 1930 1939 1966 cru-

64 2010 160 2067 diti
185 2011 504 2080 auctoritas,
532 2011 627 2066 ubi
657 2010 714 2066 in
746 2029 914 2067 causa
940 2017 1073 2067 sunt
1100 2011 1333 2067 Romani
1364 2009 1654 2066 Pontifices
1685 2029 1695 2064 :
1737 2030 1763 2061 «
1792 2008 1937 2064 Adeo

63 2107 283 2165 Samson
304 2108 396 2164 ille
423 2108 674 2178 criticuS,
704 2108 885 2182 inquit
910 2109 1228 2181 stiltingus‚
1262 2126 1426 2164 omno
1456 2108 1630 2164 robur
1653 2107 1936 2180 criticum,

65 2221 132 2262 ne
158 2205 331 2262 dicam
360 2224 559 2262 sanum
592 2206 892 2279 judicium,
934 2207 1198 2263 continuo
1236 2206 1498 2280 perdidit,
1528 2205 1624 2260 ubi
1661 2205 1936 2276 agendum

69 2306 178 2356 erat
202 2301 265 2358 de
288 2301 658 2372 documentiS,
685 2320 810 2374 quae
840 2310 970 2359 nata
996 2309 1152 2359 erant
1180 2302 1393 2358 Liberio
1439 2308 1626 2357 notam
1661 2301 1886 2355 inurere
1909 2323 1934 2351 »

73 2396 221 2468 (Acta
256 2399 580 2471 Sanctorum,
636 2407 786 2457 tomo
833 2407 984 2457 sexto
1021 2400 1384 2475 SeptembriS,
1429 2419 1480 2473 p.
1530 2399 1661 2467 584,
1703 2400 1937 2454 Antuer-

71 2491 184 2567 piae,
216 2495 395 2571 1757).

138 2591 325 2659 Quarta
363 2599 518 2652 etiam
553 2599 792 2669 conficta.
830 2630 898 2637 —
929 2597 1242 2671 «Ejusdem
1273 2597 1402 2671 styli
1442 2598 1557 2653 haec
1583 2615 1812 2652 rursum
1857 2604 1938 2653 est

63 2704 183 2745 cum
211 2695 645 2766 praecedentibus
682 2702 733 2751 et
764 2696 1011 2768 ejusdem
1049 2696 1430 2752 verisimiliter
1464 2696 1770 2765 architecti,
1811 2697 1937 2753 licet

61 2783 191 2841 alias
223 2788 479 2847 falsitatis
514 2798 672 2848 notas
705 2800 820 2849 tam
870 2793 1046 2849 claras
1094 2811 1204 2849 non
1239 2794 1456 2850 habeat.
1511 2793 1765 2866 Fingitur
1801 2794 1937 2849 scri-

63 2879 185 2937 bere
218 2884 485 2958 Liberius,
526 2889 740 2946 litteras
768 2909 826 2947 se
865 2891 1084 2947 dedisse
1122 2893 1188 2948 ad
1220 2892 1529 2948 Orientalos
1562 2891 1628 2946 de
1652 2891 1938 2946 Athanasii

59 2976 429 3055 damnatione,
466 2987 613 3057 quod
639 3006 750 3042 non
775 3006 896 3046 esse
920 2990 1221 3046 verisimile
1260 2992 1376 3063 jam
1421 2989 1720 3045 observavi.
1756 2989 1939 3059 Fingi-

59 3082 150 3130 tur
175 3077 471 3151 implorare
496 3084 866 3154 patrocinium
894 3088 1150 3144 omnium
1176 3088 1577 3162 Episcoporum
1604 3085 1938 3157 Campaniae,

63 3170 236 3243 iisque
270 3172 415 3228 hunc
450 3175 508 3228 in
538 3176 701 3231 tinem
732 3178 1014 3238 declarare
1044 3185 1260 3257 lapsum
1299 3202 1488 3238 suum.
1517 3183 1583 3235 At
1608 3199 1717 3235 non
1751 3181 1943 3252 egebat

62 3267 463 3343 Campanorum
489 3274 794 3344 patrocinio
825 3278 892 3331 ad
922 3279 1160 3334 reditum
1195 3279 1634 3353 impetrandum,
1672 3278 1717 3332 si
1747 3277 1941 3335 cedere

63 3365 225 3421 vellet
253 3365 593 3437 Constantio,
625 3387 752 3423 cum
794 3371 1092 3445 imperator
1133 3376 1510 3430 Romanorum
1545 3376 1801 3450 precibus
1844 3396 1941 3432 an-

67 3464 296 3534 nuisset,
334 3471 384 3520 ct
415 3466 786 3523 remissurum
818 3486 874 3523 so
898 3469 1174 3527 Liberium
1209 3473 1579 3547 promisisset,
1610 3475 1712 3531 sub
1739 3494 1800 3531 ca
1830 3479 1937 3533 sal-

69 3564 176 3615 tem
213 3561 544 3619 conditione.
581 3563 887 3640 Campanos
935 3585 1155 3640 quoquc
1190 3570 1507 3645 EpiscopOS,
1552 3572 1643 3644 qui
1685 3580 1778 3629 aut
1819 3593 1936 3630 om-

73 3671 188 3721 ncS,
218 3664 308 3712 aut
352 3659 544 3715 saltem
583 3661 775 3734 majori
809 3680 869 3717 ox
902 3669 1054 3735 parte
1092 3666 1344 3721 catholici
1373 3674 1549 3737 crant,
1584 3669 1675 3724 tali
1708 3671 1939 3744 epistola
