2262 3990
178 130 266 179 492
507 95 537 186 J
850 119 1147 167 TRACTA‘ms
1177 119 1244 166 DE
1275 118 1424 166 PAPA.

175 237 344 294 tidem
386 229 679 290 definienti
717 245 780 283 ac
819 225 1173 302 praecipienti
1206 244 1406 283 omnes
1443 225 1663 281 sincere
1704 232 1759 283 et
1801 244 1868 283 ex
1910 227 2096 286 animo

173 332 402 390 obedire
424 332 749 396 teneantur,
787 325 1108 383 necessario
1150 325 1327 383 simul
1354 324 1550 383 debuit
1576 324 1936 382 infallibilem
1970 345 2098 388 eum

173 430 232 483 in
276 423 596 487 definiendo
634 423 874 481 efficere.
927 424 1052 481 Haec
1106 442 1312 500 nempe
1357 423 1640 500 posterior
1684 423 2100 487 infallibilitatis
2139 437 2148 451 “

171 523 562 598 praerogativa,
611 522 1013 599 inseparabilis
1054 541 1288 599 prorsus
1326 530 1412 581 est
1457 532 1493 580 a·
1531 523 1737 598 priore.
1780 523 1891 581 Nec
1921 531 2102 599 potest

169 621 346 696 prior,
389 621 559 678 etiam
592 622 661 678 de
693 620 940 696 potentia
980 621 1190 694 divina,
1234 623 1452 697 absque
1489 623 1802 699 posteriore
1843 623 2096 681 concedi.

170 719 345 793 Igitur
367 720 795 778 infallibilitatis
819 720 1209 796 praerogativa,
1234 721 1367 778 licet
1388 721 1646 779 nondum
1669 721 1745 778 sit
1768 721 2019 793 definita,
2049 729 2102 780 et

171 819 395 878 etiamsi
420 839 604 896 usque
632 821 703 878 ad
737 821 908 878 finem
954 822 1157 878 mundi
1197 822 1277 879 sic
1316 840 1431 879 non
1464 821 1692 879 definita
1724 841 2099 898 permansura
2160 814 2163 817 “

170 927 342 992 esset,
383 921 764 979 nihilominus
805 921 964 979 utilis
997 922 1128 994 fuit,
1164 922 1279 978 imo
1314 927 1367 978 et
1405 921 1657 996 rigorose
1688 921 1997 992 necesaria,
2032 921 2101 978 ad

170 1023 273 1078 hoc
300 1017 363 1080 ut
398 1022 654 1079 Christus
691 1021 946 1078 conferre
976 1021 1221 1096 potuerit
1255 1020 1411 1077 illam
1445 1020 1614 1078 aliam
1651 1020 2098 1096 praerogativam,

166 1141 339 1196 quam
373 1122 442 1179 de
476 1123 623 1180 facto
663 1121 929 1192 contulit,
963 1127 1018 1178 et
1051 1139 1163 1194 qua
1197 1128 1533 1178 exornatum
1568 1121 1746 1178 fuisse
1781 1121 2100 1178 Romanum

165 1221 492 1278 Pontificem
520 1221 588 1277 de
617 1220 725 1277 fide
755 1226 840 1276 est
871 1227 924 1276 et
956 1237 1222 1294 expresse
1247 1219 1568 1276 definitum.

243 1321 402 1379 Nota.
455 1320 663 1376 Eodem
725 1319 894 1375 modo
942 1318 1334 1375 demonstrare
1379 1336 1675 1394 possemus
1721 1318 2098 1374 necessariam

163 1419 342 1476 fuisse
370 1418 794 1475 infallibilitatis
830 1417 1258 1493 praerogativani
1299 1424 1362 1474 ut
1394 1418 1646 1474 Romano
1682 1417 1936 1474 Pontifici
1975 1435 2100 1474 con·

165 1517 299 1574 ferri
328 1517 621 1592 potuerint
659 1516 781 1574 aliae
812 1518 1027 1592 plureS‚
1058 1518 1268 1592 quibus
1308 1524 1460 1574 certo
1492 1517 1734 1573 donatus
1762 1522 1868 1587 est,
1897 1534 2100 1591 praero-

166 1618 382 1691 gativae.
420 1618 535 1693 Ipsi
578 1618 784 1675 collata
818 1624 923 1689 est,
965 1617 1122 1674 verbi
1159 1617 1363 1692 gratia,
1401 1618 1564 1691 plena
1596 1623 1841 1693 potestas
1880 1616 2137 1672 univer--

166 1718 341 1773 salem
384 1717 720 1774 Ecclesiam·
750 1716 1051 1792 pascendi,
1104 1717 1333 1790 regendi
1385 1735 1449 1772 ac
1494 1716 1883 1790 gubernandi,
1934 1720 2099 1791 prout

165 1833 430 1890 expresse
484 1817 551 1873 ab
608 1816 958 1873 oecumenica
1004 1815 1330 1872 Florentina
1387 1816 1600 1891 synodo
1651 1815 1949 1872 definitum
1991 1821 2092 1872 est.

163 1914 335 1970 Porro
370 1916 531 1987 plena
570 1933 680 1970 non
730 1915 872 1971 foret
900 1921 1145 1989 potestas
1179 1917 1315 1987 haec,
1352 1915 1464 1971 nisi
1493 1915 1563 1971 ad
1598 1915 1920 1971 Romanum
1961 1915 2095 1970 Pon-

164 2012 374 2069 tificem
416 2013 726 2088 pertineret
779 2013 1119 2086 quaestiones
1166 2013 1296 2069 fidei
1340 2033 1606 2088 supremo
1650 2033 1713 2070 ac
1766 2012 2099 2087 obligatorio

157 2111 374 2186 judicio
399 2111 686 2168 dirimere.
723 2111 827 2168 Sed
858 2118 1106 2187 potestas
1135 2112 1216 2168 sic
1253 2112 1457 2169 ultimo
1489 2118 1544 2168 et
1572 2112 1857 2186 obligante
1884 2111 2100 2185 judicio

162 2210 232 2266 de
263 2210 368 2266 fide
403 2202 838 2284 pronuntiandi,
879 2210 1350 2283 infallibilitatem
1385 2211 1706 2266 necessario
1741 2210 2012 2284 supponit
2039 2227 2102 2266 ac

162 2310 416 2366 involvit.
466 2309 642 2383 Igitur
682 2316 745 2366 ut
778 2310 1026 2392 potuerit
1074 2312 1175 2366 liac
1212 2311 1378 2383 plena
1415 2314 1690 2385 potestate
1730 2310 1952 2379 donari,
2001 2329 2096 2367 ne-

159 2409 407 2466 cessario
444 2408 638 2466 debuit
672 2416 726 2466 et
769 2409 1172 2467 infallibilitate
1201 2411 1571 2467 communiri.
1594 2444 1668 2452 —
1697 2411 1852 2467 Idem
1907 2410 1997 2466 dic
2032 2410 2100 2468 de

156 2528 404 2583 suprema
446 2509 566 2583 ejus
613 2509 672 2564 in
716 2509 963 2566 Ecclesia
1007 2509 1313 2567 universali
1365 2515 1675 2585 potestate3
1713 2527 1839 2584 quae
1886 2509 2099 2584 pariter

159 2627 412 2682 suprema
440 2628 563 2666 esse
590 2610 788 2683 nequit
811 2610 920 2666 nisi
949 2617 1002 2667 et
1029 2610 1347 2668 infallibilis
1370 2611 1595 2668 existat.
1621 2643 1691 2651 —
1721 2611 1859 2667 Item
1893 2627 2099 2685 praero-

161 2708 344 2782 gativa
382 2727 490 2783 qua
536 2710 826 2767 Romanus
869 2711 1124 2768 Pontifex
1166 2720 1403 2768 centrum
1451 2720 1531 2768 est
1572 2714 1797 2769 unitatis
1838 2712 2099 2767 catholicae

166 2808 338 2884 (quod
368 2810 516 2866 salva
548 2810 656 2867 fide
687 2812 881 2885 negari
916 2813 1132 2886 nequit)
1170 2831 1404 2886 prorsus
1436 2813 1672 2870 veritate
1710 2818 1950 2883 careret,
1987 2810 2096 2867 nisi

162 2908 308 2965 foret
341 2926 472 2965 cum
496 2908 901 2966 infallibilitate
928 2911 1254 2985 conjuncta.
1286 2911 1440 2967 Mitto
1469 2911 1702 2967 similia.
1734 2911 1839 2967 Sed
1864 2912 1979 2967 haec
2011 2910 2095 2966 in·

162 3007 433 3082 digitasse
452 3015 534 3066 sat
555 3015 742 3081 est,ut
760 3009 879 3084 jam
907 3010 1076 3086 plane
1102 3016 1457 3086 compertum
1483 3011 1684 3068 habeat
1707 3011 1907 3082 lector,
1925 3028 2093 3084 quam

162 3107 354 3182 inepta
387 3109 458 3165 sit
491 3109 945 3166 adversariorum
980 3111 1397 3184 argumentatio
1423 3113 1570 3168 haec:
1603 3111 1724 3170 Non
1751 3111 1853 3182 fuit
1877 3111 2096 3182 definita
2135 3147 2150 3162 .
2198 3108 2207 3120 “

165 3207 542 3281 ἱηΓαΙίἱὺὶΙὶῐαε,
586 3227 708 3283 erqo
749 3209 952 3266 inutilis
992 3217 1089 3266 est.
1117 3210 1511 3286 Respondetur
1539 3209 1754 3267 scilicet
1791 3232 1801 3264 ε
1838 3206 2094 3283 quamvis

165 3305 420 3362 nondum
461 3306 535 3364 sit
567 3306 798 3365 definita
836 3308 1112 3383 (intellige
1146 3327 1410 3384 expresse
1451 3310 1557 3366 sub
1601 3308 1771 3366 certis
1807 3305 2087 3377 formulis)

167 3405 482 3462 necessaria
524 3407 758 3464 omnino
812 3408 921 3465 fuit
966 3408 1036 3465 ad
1069 3409 1527 3466 constituendam
1574 3408 1904 3478 Ecclesiam,
1930 3407 2094 3482 prout

167 3504 533 3564 constitutam
566 3528 596 3566 a
625 3509 844 3568 Christo
872 3510 1050 3567 fuisse
1076 3510 1146 3568 de
1171 3510 1281 3567 fide
1314 3516 1418 3568 est.
1467 3510 1625 3576 Quod
1669 3514 1752 3566 est
1783 3503 2089 3582 multiplici
2154 3540 2162 3546 -

170 3614 340 3657 sensu
365 3610 742 3680 necessarium,
768 3627 883 3666 non
915 3608 1024 3667 nisi
1057 3626 1088 3666 a
1116 3608 1406 3683 delyrante
1434 3606 1640 3665 inutile
1665 3589 1781 3661 dici
1809 3608 2007 3678 potest.
