2306 4010
812 195 938 243 PARS
967 194 1211 244 SECUNDA.
1868 193 1960 243 245

78 306 495 366 definitionibus
529 303 903 374 infallibilem,
954 309 1009 361 et
1046 300 1386 360 contrariam
1427 298 1750 376 opinionem
1806 316 1960 358 erro-

73 422 234 462 neam
255 411 307 461 et
324 404 451 460 fidei
474 402 832 460 contrariam.

152 504 372 558 Cet-,imus
403 502 532 557 Pam
567 497 653 568 Vl,
683 497 744 553 in
779 497 981 554 litteris
1013 498 1132 555 suis
1167 499 1235 555 ad
1278 498 1656 556 Patriarcham
1700 499 1964 553 Armeno-

48 631 52 634 *
79 620 232 673 rum,
250 620 299 655 xi
316 595 621 656 decembris
639 594 775 652 1551
792 635 808 664 ‚
821 594 990 666 exigit
1009 600 1071 650 ut
1088 594 1272 652 dictus
1295 596 1617 654 Patriarcha
1634 594 1965 652 affirmative

82 699 412 774 respondeat
451 695 519 751 ad
562 695 769 749 hancce
804 690 1298 763 interrogationem
1341 713 1351 744 :
1387 714 1415 745 «
1462 692 1517 748 Si
1573 692 1863 750 credidisti
1911 697 1966 748 et

87 797 270 852 adhuc
298 793 495 865 credis,
526 789 710 847 solum
739 787 1051 843 Romanum
1077 788 1421 860 Pontificem,
1456 791 1642 846 dubiis
1679 808 1966 864 emergen—

88 893 239 949 tibus
281 890 424 947 circa
468 885 631 942 fidem
681 883 1039 955 catholicam,
1085 901 1246 958 posse
1299 902 1398 959 per
1445 885 1967 943 determinationem

97 981 489 1051 authenticam,
509 980 598 1052 cui
627 979 697 1036 sit
726 978 1121 1035 inviolabiliter
1155 979 1577 1052 adhaerendum,
1606 980 1773 1036 finem
1799 982 1970 1056 impo-

91 1094 249 1144 nere;
278 1079 331 1129 et
358 1088 479 1127 esse
502 1088 699 1127 verum
717 1075 779 1126 et
807 1070 1146 1126 catholicum
1174 1068 1452 1143 quidquid
1476 1068 1615 1143 ipse,
1641 1070 1973 1127 auctoritate

84 1168 319 1230 clavium
355 1166 464 1222 sibi
496 1166 831 1223 traditarum
862 1185 891 1222 a
919 1158 1154 1235 Christo,
1201 1165 1536 1222 determinat
1574 1182 1696 1220 csse
1733 1182 1928 1220 verum
1955 1189 1964 1231 3

62 1272 135 1324 eet
161 1265 307 1338 quod
334 1265 664 1322 determinat
703 1283 824 1322 esse
848 1265 1054 1321 falsum
1093 1270 1145 1319 et
1170 1264 1522 1335 haereticum,
1552 1263 1759 1319 falsum
1789 1268 1839 1318 et
1870 1265 1976 1318 hae-

78 1362 318 1420 reticum
347 1363 418 1419 sit
444 1363 787 1419 censendum
811 1384 838 1416 »
870 1363 1035 1437 (apud
1052 1361 1423 1437 Raynaldum,
1445 1361 1512 1417 ad
1541 1379 1751 1417 annum
1777 1362 1970 1433 1551).

58 1458 185 1542 §lac
209 1459 404 1532 agendi
431 1460 671 1530 ratione,
699 1460 805 1516 etsi
831 1477 942 1514 non
973 1459 1251 1534 expressis
1275 1458 1554 1529 terminiS,
1581 1457 1974 1530 aequivalenter

48 1545 264 1622 fffimcn
290 1557 551 1614 laudatus
589 1556 856 1627 Pontifex,
893 1557 1214 1631 opinionem
1246 1557 1314 1612 de
1343 1555 1684 1611 fallibilitate
1703 1556 1860 1629 Papae
1883 1555 1973 1610 de-

64 1653 328 1710 clarabat
352 1672 664 1722 erroneam,
695 1654 807 1709 imo
833 1661 886 1710 et
912 1654 1251 1710 haereticam.

61 1754 91 1829 ᾗ
152 1751 259 1807 Hos
299 1769 424 1815 vero
451 1752 551 1823 qui
578 1752 969 1824 aequivalenter
1012 1752 1301 1807 dumtaxat
1327 1745 1486 1806 notas
1508 1750 1858 1820 inusserunt,
1903 1751 1972 1806 ad

75 1846 409 1904 'firmandam
438 1856 767 1923 praesentem
793 1849 1227 1923 propositionem
1256 1866 1368 1904 non
1387 1849 1711 1922 allegamuS‚
1747 1849 1843 1904 sed
1867 1867 1960 1904 eos

81 1945 231 2001 solos
268 1945 362 2019 qui
395 1951 552 2001 notas
612 1946 950 2019 theologicas
984 1948 1248 2018 expressis
1287 1947 1521 2001 terminis
1567 1940 1963 2002 adhibuerunt.

82 2039 323 2103 Quorum
353 2043 568 2100 scilicet
594 2043 857 2118 praecipui
907 2049 1036 2098 sunt
1081 2049 1410 2114 sequentes:

151 2139 487 2196 Batnxammus
521 2173 590 2180 —
618 2141 866 2214 primum
904 2141 980 2196 ita
1018 2141 1316 2213 scripserat
1351 2161 1363 2193 t
1398 2163 1424 2190 «
1462 2140 1714 2197 Secunda
1755 2147 1972 2197 senten-

83 2233 162 2288 tia
183 2241 264 2289 est
285 2236 621 2307 Pontificem,
652 2237 820 2292 etiam
848 2243 910 2292 ut
939 2237 1279 2303 Pontificem,
1306 2254 1468 2309 posse
1489 2254 1611 2292 esse
1643 2239 1965 2294 haereticum

89 2333 143 2383 et
182 2328 434 2384 haercsim
466 2330 729 2386 docere...
757 2332 831 2384 Ex
874 2332 961 2386 his
1009 2338 1251 2403 quatuor
1283 2332 1672 2401 sententiiS...,
1728 2335 1970 2393 secunda

83 2441 190 2479 non
215 2433 290 2485 est
324 2428 538 2497 proprie
564 2426 845 2490 haereticcz3
879 2443 1010 2481 nam
1039 2427 1222 2482 adhuc
1246 2427 1500 2483 videmus
1525 2428 1592 2483 ab
1619 2428 1856 2486 Ecclesia
1888 2437 1969 2486 to-

79 2521 246 2577 lerari
277 2541 287 2573 :
322 2527 507 2577 tamen
529 2521 746 2578 videtur
772 2527 981 2579 omnino
1006 2543 1227 2579 erronea
1258 2534 1307 2579 et
1332 2526 1517 2580 haeresi
1542 2530 1788 2598 proxima
1821 2549 1847 2580 »
1882 2531 1969 2602 (de

80 2617 292 2674 Summo
334 2618 610 2689 Pontifiee,
639 2619 783 2675 libro
815 2620 899 2688 lv,
929 2620 1108 2695 capite
1143 2622 1221 2693 ιι).

154 2716 344 2771 Postea
371 2716 686 2771 emendavit
723 2718 864 2773 hanc
897 2717 1350 2788 affirmationem,
1374 2738 1479 2775 non
1506 2729 1582 2776 est
1608 2725 1826 2795 proprie
1863 2725 1968 2779 hae-

81 2813 264 2878 retica,
288 2819 350 2867 ut
383 2811 431 2867 ei
455 2813 839 2884 substitueret,
866 2833 921 2870 se
956 2833 1059 2871 non
1086 2818 1279 2872 audere
1308 2834 1430 2873 eam
1457 2818 1619 2891 plane
1648 2820 1965 2876 haereticam

84 2905 355 2977 judicare.
376 2908 457 2964 En
485 2909 663 2982 ipsius
686 2911 853 2967 verba
877 2933 888 2965 ε
915 2934 941 2964 «
964 2912 1168 2968 Eodem
1199 2914 1340 2970 libro
1373 2923 1425 2972 ct
1455 2916 1658 2989 capite,
1689 2920 1713 2987 ἓ
1740 2918 1963 2986 ultime,

89 3021 118 3052 «
141 3000 238 3054 ubi
268 3001 538 3058 dicimus:
565 3007 898 3062 sententiam
922 3008 1150 3064 illorum
1178 3010 1487 3082 quidocent
1510 3011 1966 3066 infallibilitatem

89 3115 118 3147 α
142 3093 339 3167 judicii
359 3114 468 3151 non
487 3116 606 3154 esse
629 3118 797 3173 penes
820 3103 1043 3176 Papam,
1062 3105 1156 3160 sed
1176 3123 1346 3178 penes
1360 3105 1658 3161 concilium
1684 3105 1964 3176 gencrale,

99 3210 127 3243 «
149 3209 252 3246 non
278 3210 389 3247 esse
408 3194 569 3264 plane
593 3196 908 3267 haereticam,
931 3201 1023 3254 sed
1055 3219 1331 3256 erroneam
1353 3210 1402 3256 et
1432 3202 1611 3256 haeresi
1629 3204 1925 3273 proximam
1948 3223 1964 3255 .·

94 3308 122 3339 «
147 3287 353 3343 rectius
381 3287 653 3358 dicemuS,
679 3309 772 3347 nos
795 3311 899 3348 non
927 3297 1120 3350 audere
1145 3314 1268 3352 eam
1301 3298 1634 3353 sententiam
1661 3298 1824 3372 plane
1857 3301 1968 3356 hae-

85 3406 118 3438 «
147 3385 372 3442 reticam
386 3386 668 3458 judicare;
690 3390 954 3460 quoniam
986 3393 1083 3462 qui
1106 3393 1439 3448 sententiam
1460 3393 1611 3450 illam
1630 3403 1960 3469 sequuntur,

92 3501 121 3534 α
150 3499 330 3554 neque
357 3482 425 3537 ab
466 3482 710 3539 Ecclesia
750 3484 878 3559 ipsi·
898 3486 1168 3558 damnati,
1197 3506 1376 3561 neque
1401 3490 1528 3546 libri
1563 3497 1965 3569 eorum‘prohi-

97 3598 127 3631 α
151 3579 252 3636 biti
269 3598 519 3653 unquam
547 3581 802 3649 suerunt;
836 3582 1009 3639 videri
1050 3591 1234 3642 tamen
1260 3587 1420 3644 nobis
1445 3588 1519 3646 ita
1547 3591 1839 3650 manifeste
1885 3612 1966 3651 er-
