2262 3990
794 190 919 239 PARS
947 189 1187 238 SECUNDA.
1839 186 1924 232 411

58 417 84 472 g
105 416 145 459 5.
172 438 221 446 -
246 416 424 457 Constcta
459 395 591 457 tuisse
624 413 733 456 dicta
761 413 1009 455 documenta
1035 408 1247 463 colligitur
1277 419 1328 450 ex
1355 418 1404 449 eo
1427 405 1539 460 quod
1561 404 1742 447 defuerit
1763 406 1928 458 tempus

147 484 358 526 sufficiens
380 488 428 525 ut
448 482 757 535 complerentur
779 492 825 523 ea
845 491 939 533 quae
960 478 1004 519 in
1025 477 1175 519 iisdem
1190 473 1450 519 documentis
1466 475 1581 526 gesta
1598 476 1840 513 narrantur.

135 639 409 694 Pnorosirio
438 637 498 692 1³.
523 670 592 680 —
621 624 914 693 inchoatum
956 651 1067 690 esse
1102 633 1312 687 tertium
1347 631 1625 686 concilium
1661 628 1935 701 Carthayi-

63 755 220 793 nense
249 736 333 791 die
359 737 532 808 prima
564 732 863 808 septembris
898 730 1029 799 256,
1070 730 1407 784 communiter
1440 729 1723 783 admittunt
1760 734 1811 782 et
1838 743 1937 799 pro

63 842 200 889 certo
230 832 417 887 habent
445 829 658 898 eruditi,
688 829 773 900 qni
801 827 1078 899 genuinum
1109 823 1239 878 illud
1270 823 1541 878 concilium
1566 830 1832 897 reputant.
1863 854 1939 862 —

63 927 214 992 Quod
239 926 556 983 inchoatum
585 923 656 978 sit
692 921 905 977 dictum
942 918 1241 975 concilium
1267 917 1503 974 calendis
1526 922 1848 992 septembri&
1881 919 1941 974 in

61 1020 307 1096 ipsismet
331 1019 450 1092 ejus
476 1016 611 1074 actis
641 1016 993 1091 exprimitur.
1033 1014 1184 1078 Quod
1212 1019 1398 1069 autem
1433 1020 1629 1086 agatur
1656 1014 1723 1071 de
1745 1032 1938 1071 mense

58 1114 356 1190 septembri
379 1116 497 1170 αηηὶ
532 1114 664 1184 256,
691 1132 802 1169 non
828 1119 1015 1169 autem
1046 1112 1179 1167 anni
1206 1110 1548 1186 posterioris,
1578 1111 1934 1167 concluditur

59 1225 124 1266 ex
160 1227 222 1266 eo
252 1210 400 1283 quod
435 1210 621 1266 habita
660 1210 730 1266 sit
759 1210 907 1266 dicta
932 1192 1176 1284 synodus
1222 1208 1436 1265 vivente
1467 1208 1744 1283 Stephano
1771 1208 1937 1281 Papa,

58 1311 111 1364 et
143 1308 290 1380 quod
325 1308 571 1365 Pontifex
613 1308 706 1363 ille
749 1308 838 1363 die
870 1309 901 1363 2
938 1308 1156 1380 augusti
1203 1307 1309 1362 257
1346 1313 1559 1381 martyr
1595 1305 1938 1362 occubuerit.

58 1403 163 1459 Nec
200 1422 338 1478 opus
371 1409 450 1459 est
476 1410 537 1459 ut
565 1404 622 1458 in
651 1421 713 1459 ea
739 1421 797 1458 re
822 1402 1253 1458 demonstranda
1288 1402 1676 1470 immoremur,
1715 1420 1845 1456 cum
1875 1402 1942 1456 ab

61 1499 292 1555 eruditis
319 1500 658 1555 unanimiter
683 1505 949 1573 tanquam
977 1505 1127 1556 certa
1154 1500 1443 1555 habeatur.
1470 1499 1745 1554 Nimirum
1770 1516 1944 1553 mense

59 1589 336 1670 septembri
363 1601 484 1654 armi
511 1598 620 1654 256
660 1598 996 1654 celebratum
1040 1615 1160 1654 esse
1195 1596 1419 1652 tertium
1458 1596 1610 1652 istud
1642 1595 1942 1651 concilium

61 1695 222 1767 cujus
250 1703 367 1752 acta
392 1696 449 1751 in
475 1703 700 1754 extenso
726 1698 1019 1767 habemuS‚
1056 1696 1246 1752 nullus
1272 1713 1474 1769 negare
1497 1700 1700 1769 potest,
1726 1692 1942 1764 negavit

63 1793 352 1866 hucusque
378 1796 569 1851 nullus
587 1798 623 1849 ¹.

134 1890 401 1963 Equidem
427 1892 641 1947 variant
677 1892 879 1947 eruditi
908 1911 969 1947 ac
1004 1892 1246 1947 multum
1283 1890 1556 1946 desudant
1586 1889 1768 1962 quoad
1808 1889 1943 1943 duo-

62 2005 186 2043 rum
215 1991 452 2045 aliorum
485 1991 844 2046 conciliorum
872 1992 1158 2064 epocham.
1189 1990 1312 2045 Tria
1338 1989 1489 2046 enim
1517 1989 1793 2045 celebrata
1824 2005 1944 2043 esse

63 2085 387 2160 Carthagine
429 2090 659 2145 concilia
706 2090 764 2144 in
811 2107 976 2145 causa
1021 2089 1469 2162 rebaptizationis
1518 2087 1815 2142 admittere
1854 2104 1945 2141 co-

69 2191 295 2255 guntur,
326 2186 574 2241 videlicet
607 2207 616 2238 ε
654 2190 876 2258 primum
905 2186 1126 2257 quando
1157 2186 1461 2258 Cyprianus
1498 2186 1601 2238 hac
1627 2185 1693 2239 de
1722 2202 1783 2239 re
1814 2202 1945 2238 con-

72 2279 252 2335 sultus
291 2281 393 2334 suit
430 2283 495 2335 ab
527 2282 807 2354 Episcopis
837 2281 1142 2335 Numidiae:
1184 2264 1465 2358 secundum
1494 2280 1559 2334 de
1596 2298 1702 2352 quo
1735 2280 1961 2335 mentio·

72 2374 131 2430 fit
170 2376 226 2430 in
253 2377 500 2450 'Epistola
537 2378 787 2452 Cypriani
823 2379 891 2434 ad
929 2378 1311 2453 Stephanum:
1356 2385 1407 2433 et
1453 2380 1663 2434 tertium
1708 2378 1948 2450 denique

72 2473 231 2545 cujus
277 2481 394 2530 acta
442 2482 762 2548 supersunt.
810 2476 976 2531 Porro
1020 2477 1223 2531 eruditi
1269 2475 1458 2550 plures
1511 2482 1562 2531 et
1616 2476 1946 2531 celebriores

64 2571 291 2640 primum
331 2571 625 2626 concilium
667 2572 1149 2648 habitum-volunt
1189 2590 1333 2627 anno
1378 2573 1507 2627 255.
1543 2571 1732 2634 Quoad
1769 2589 1949 2626 secun-

72 2664 191 2719 dum
229 2665 398 2738 magis
424 2667 658 2722 variant.
687 2668 790 2721 Alii
834 2668 1109 2740 siquidem
1157 2668 1295 2722 illud
1331 2668 1600 2723 collocant
1635 2668 1737 2722 sub
1781 2666 1947 2722 finem

75 2762 205 2815 anni
231 2764 358 2818 256.
398 2765 723 2821 Pearsonius
754 2773 805 2821 et
831 2766 1102 2835 Baluzius,
1133 2766 1513 2822 difficultatem
1549 2767 1948 2841 perspicientes

77 2857 123 2912 si
150 2857 336 2913 eodem
373 2861 484 2917 sere
521 2867 766 2936 tempore
800 2863 1106 2919 secundum
1134 2871 1185 2920 et
1221 2864 1449 2920 tertium
1487 2864 1836 2919 celebratum
1864 2862 1950 2914 di-

78 2962 316 3021 ceretur,
359 2959 660 3013 secundum
714 2960 878 3016 etiam
924 2980 1070 3017 anno
1116 2963 1223 3018 255
1281 2962 1595 3016 affixerunt.
1633 2960 1696 3013 At
1742 2957 1948 3011 Natalis

79 3050 384 3106 Alexander
428 3052 605 3109 tribus
649 3057 900 3111 conciliis
948 3058 1207 3113 eumdem
1258 3075 1468 3112 aunum
1521 3056 1628 3111 256
1677 3055 1945 3126 assignat.

79 3147 231 3203 Unde
256 3149 418 3204 variae
454 3150 675 3221 quidem
706 3153 991 3226 opiniones
1032 3154 1213 3227 quoad
1254 3154 1422 3228 primi
1454 3159 1504 3208 et
1547 3151 1779 3207 secundi
1820 3168 1948 3226 epo-

81 3247 260 3303 cham.
291 3248 383 3303 Ast
409 3248 588 3319 quoad
642 3252 868 3319 tertium,
897 3252 1045 3322 quod
1069 3253 1210 3307 bene
1248 3257 1400 3308 notet
1433 3251 1626 3321 lector,
1664 3249 1943 3324 assignant

83 3360 275 3399 omnes
303 3360 550 3399 mensem
579 3345 942 3417 septembrem
970 3345 1101 3399 anni
1129 3346 1258 3402 256.

139 3541 187 3595 (Η
215 3541 382 3592 Agimus
409 3541 614 3581 dumtaxat
642 3541 692 3581 de
709 3541 880 3583 eruditis
900 3541 972 3593 qui
996 3542 1219 3583 concilium
1244 3542 1354 3584 istud
1377 3542 1609 3595 genuinum
1627 3549 1835 3597 reputant.
1863 3546 1943 3588 Nos

85 3607 124 3648 et
145 3607 364 3650 concilium
386 3607 490 3649 illud
513 3612 553 3648 et
575 3612 709 3649 totum
731 3607 885 3650 sactum
903 3607 1189 3661 Cyprianicum
1212 3610 1262 3651 ad
1286 3610 1446 3652 fabulas
1469 3611 1759 3655 amandamus.
