2262 3990
932 187 1191 237 APPENDIX.
1905 180 1993 227 695

131 314 254 363 Cani.
286 315 475 363 Proinde
499 314 770 362 Gallicanam
805 310 1063 373 opinionem
1086 307 1257 363 habuit,
1285 320 1377 354 non
1419 311 1470 352 ut
1511 305 1711 360 licitam,
1743 304 1822 351 sed
1853 308 1904 350 ut
1931 301 1995 348 il-

129 391 298 439 licitam
327 404 513 452 prorsus
560 403 611 437 ac
644 387 920 449 pestiferam.
967 383 1019 431 Et
1061 387 1242 430 notetur
1280 380 1516 441 scripsisse
1554 383 1759 426 sanctum
1793 377 1995 438 Alphon-

128 480 230 512 sum
256 467 305 513 in
335 479 475 526 regno
504 463 805 524 Neapolitano,
843 474 932 521 quo
957 465 1157 519 tempore
1194 456 1480 517 gubernium,
1519 453 1800 501 Jansenismo
1827 457 1873 499 et
1908 451 1996 499 Fe-

126 539 430 587 bronianismo
459 539 626 593 savenS,
653 551 744 584 non
777 535 1054 597 permisisset
1082 533 1155 580 edi
1191 532 1357 578 librum
1388 530 1437 577 in
1473 543 1564 590 quo
1602 526 1820 583 Gallicana
1843 525 1995 586 opinio

122 616 263 679 pestis
286 614 529 662 diceretur.
562 613 616 659 Bt
639 626 691 659 ea
724 612 875 659 forsan
907 611 963 657 de
992 622 1127 656 causa
1156 607 1418 668 opinionem
1449 605 1572 652 illam
1603 608 1782 651 sanctus
1811 601 1880 648 vir
1902 614 1993 648 non

123 689 219 748 ipse
249 689 415 744 directe
440 695 611 749 pestem
642 690 782 741 vocat,
816 685 895 733 sed
926 683 1100 731 inducit
1129 683 1190 730 ita
1220 686 1453 729 vocantem
1484 680 1769 728 Melchiorem
1799 678 1991 732 Canum;

122 766 188 809 ast
218 775 271 809 eo
302 762 450 816 modo,
484 774 573 822 quo
603 759 821 817 intelligat
853 759 1007 811 lector,
1040 759 1142 817 plus
1173 770 1279 803 eum
1311 756 1507 803 sensisse
1537 769 1673 815 quam
1706 752 1991 813 expressisse.

181 835 400 883 Caeterum
430 834 558 882 initio
587 833 734 893 operis
764 832 835 878 sui
866 831 1082 878 Vindici&
1107 844 1193 891 pro
1225 843 1439 889 suprema
1476 829 1710 887 pontificis
1742 832 1989 890 potestate,

120 915 358 972 postquam
380 909 542 956 iisdem
560 907 766 955 terminis
789 905 939 952 citavit
959 905 1090 951 illum
1106 904 1355 950 Melchioris
1372 903 1478 950 Cani
1501 909 1689 958 textum,
1713 905 1773 952 ita
1801 906 1993 966 subjun-

120 985 182 1044 git
207 997 219 1031 ε
247 984 339 1030 lluc
356 996 501 1043 usque
515 982 674 1036 Canus,
698 980 884 1040 ejusque
901 980 1031 1026 dictis
1050 979 1177 1026 valde
1191 985 1406 1026 consonat
1422 980 1590 1025 famosa
1612 981 1831 1026 sententia
1851 980 1895 1026 S.
1910 980 1993 1040 Cy-

119 1059 266 1119 priani
284 1074 295 1104 :
323 1059 470 1118 Neque
482 1058 604 1103 enim
619 1054 802 1102 aliunde
818 1054 1000 1101 haereses
1025 1055 1196 1102 obortae
1211 1060 1330 1108 sunt,
1350 1067 1485 1114 quam
1507 1053 1616 1100 inde
1631 1054 1747 1115 quod
1768 1054 1993 1102 Sacerdoti

118 1133 200 1181 Dei
222 1145 310 1178 non
337 1131 690 1191 obtemperatur,
718 1141 799 1174 nec
825 1142 941 1174 unus
964 1130 1013 1174 in
1045 1129 1243 1176 Ecclesia
1266 1127 1483 1175 Sacerdos
1506 1135 1550 1175 et
1574 1129 1633 1175 ad
1657 1135 1832 1190 tempus
1847 1130 1993 1190 judex

119 1210 213 1254 vice
236 1206 408 1253 Christi
426 1206 650 1265 coqitatur
673 1201 821 1261 (epist.
851 1216 912 1256 111,
942 1203 1018 1248 lib.
1063 1203 1099 1248 ll
1124 1203 1179 1248 ad
1201 1202 1457 1249 Cornelium
1477 1205 1679 1265 Papam).
1696 1204 1836 1264 quue
1853 1204 1992 1251 nimis

118 1296 273 1329 verum
297 1287 381 1328 est.
414 1281 520 1327 Nam
545 1280 714 1326 sublata
745 1277 1063 1325 infallibilitate
1095 1278 1213 1325 circa
1244 1291 1317 1324 res
1340 1277 1443 1324 fidei
1473 1290 1498 1323 a
1529 1277 1738 1323 Pontifice
1773 1277 1989 1336 Romano,

119 1357 296 1404 nullum
327 1356 523 1415 suppetit
555 1354 754 1400 medium
791 1353 858 1412 (ut
892 1354 1007 1400 infra
1039 1353 1263 1413 videmus)
1294 1353 1349 1398 ad
1382 1352 1615 1398 haereticos
1646 1351 1989 1398 convincendos.

119 1432 180 1478 Ac
210 1432 311 1477 ideo
341 1430 405 1478 illi
435 1430 512 1490 qui
542 1430 829 1490 pertinaciter
864 1430 1125 1476 Pontificum
1157 1427 1495 1474 definitionibus
1531 1428 1824 1481 restiterunt,
1861 1428 1988 1487 prius

117 1505 402 1557 schismatici,
420 1510 571 1564 postea
588 1506 787 1552 haeretici
809 1504 959 1552 effecti
981 1508 1104 1549 sunt.
1128 1522 1148 1542 »
1172 1501 1251 1548 Ubi
1272 1502 1397 1548 vides
1416 1515 1553 1562 quam
1578 1508 1728 1562 aperte
1742 1501 1990 1548 Melchioris

115 1580 218 1628 Cani
242 1580 489 1627 doctrinam
527 1581 656 1628 faciat
687 1595 830 1635 suam,
873 1586 917 1627 et
953 1578 1173 1639 quomodo
1208 1578 1465 1638 Cyprianica
1501 1579 1636 1625 verba
1679 1593 1797 1624 unus
1829 1580 1878 1624 in
1912 1579 1988 1625 Ec-

115 1657 254 1702 clesia
276 1656 482 1703 sacerdos
502 1658 596 1703 vice
621 1656 790 1703 Christi
813 1656 970 1715 iudex,
998 1657 1054 1702 de
1069 1655 1269 1700 Romano
1285 1654 1497 1700 Pontifice
1514 1655 1820 1701 indubitanter
1840 1656 1988 1702 inter-

114 1732 325 1791 pretanda
350 1721 542 1778 censeat.

170 1806 254 1852 Nec
275 1806 422 1853 minus
447 1806 637 1852 firmiter
658 1811 825 1853 certam
850 1807 982 1854 habet
1005 1793 1188 1851 Romani
1214 1804 1434 1851 Pontific1s
1459 1819 1597 1864 supra
1618 1806 1861 1852 concilium
1884 1820 1985 1852 auc·

108 1881 348 1926 toritatem.
372 1899 393 1922 α
412 1881 652 1935 Sententia,
669 1881 828 1941 inquit,
857 1882 929 1928 cui
954 1880 1293 1932 subscribimus,
1320 1884 1443 1925 tenet
1461 1879 1623 1939 Papam
1645 1881 1754 1939 (non
1775 1881 1984 1940 dubium)

106 1969 284 2015 semper
315 1970 413 2002 esse
446 1971 580 2016 supra
610 1956 851 2002 concilium
883 1956 1107 2015 generale,
1142 1955 1233 2000 sive
1257 1969 1391 2014 supra
1423 1969 1579 2002 omnes
1611 1957 1828 2003 Ecclesias
1845 1958 1981 2003 etiam

105 2028 330 2074 collective
346 2034 545 2087 sumptas
572 2046 591 2071 ι)
619 2029 785 2089 (Theol.
811 2042 950 2084 mor.‚
974 2029 1006 2073 l.
1038 2028 1071 2082 1,
1090 2042 1137 2074 n.
1165 2026 1288 2086 122).
1315 2029 1367 2073 Et
1391 2029 1437 2073 in
1457 2044 1591 2088 supra
1613 2031 1745 2076 citato
1771 2037 1912 2085 textu,
1932 2032 1979 2078 in

105 2116 193 2163 quo
218 2104 320 2149 dicit
344 2105 609 2151 sententiam
634 2118 763 2150 suam
785 2118 874 2150 non
897 2117 996 2150 esse
1019 2109 1113 2149 tam
1138 2117 1284 2157 suam,
1310 2117 1447 2163 quam
1481 2107 1618 2151 totius
1642 2107 1852 2153 Ecclesiae
1884 2122 1978 2154 sen·

110 2179 316 2231 tentiam,
335 2180 537 2238 reyulam
561 2187 602 2225 et
624 2193 828 2232 sensum,
854 2193 936 2237 per
960 2191 1090 2223 suam
1115 2178 1384 2223 sententiam
1407 2179 1467 2224 ibi
1490 2180 1699 2239 intelligit
1727 2182 1864 2226 simul
1890 2183 1981 2229 duo

110 2249 206 2295 hzec
232 2267 241 2295 ε
266 2250 514 2298 Romanum
549 2252 802 2298 Pontificem
823 2265 921 2297 esse
944 2252 990 2296 in
1015 2250 1270 2297 definienda
1293 2250 1381 2295 fide
1397 2251 1696 2307 infallibilem,
1718 2259 1763 2300 et
1786 2255 1982 2312 generali

109 2325 296 2371 concilio
317 2327 610 2385 superiorem.
1837 2371 1841 2374 .

168 2401 359 2447 Tandem
380 2415 513 2461 supra
536 2402 726 2447 vidimus
749 2402 895 2461 ipsum
930 2414 1048 2459 saepe
1074 2401 1239 2459 saepius
1261 2405 1473 2446 testatum
1510 2403 1649 2448 fuisse
1688 2410 1895 2462 paratum
1934 2420 1983 2452 se

111 2476 224 2521 mori
259 2476 312 2521 ad
342 2476 555 2522 tuendam
593 2475 778 2521 Romani
811 2475 1035 2521 Pontificis
1077 2474 1436 2521 infallibilitatem
1477 2481 1520 2522 et
1564 2491 1700 2537 supra
1740 2480 1982 2526 concilium

109 2551 435 2598 auctoritatem.
458 2551 539 2603 An,
566 2565 735 2611 quaeso,
764 2550 826 2596 ita
855 2551 1031 2596 locutus
1051 2550 1226 2606 fuisset,
1252 2551 1290 2596 si
1306 2553 1578 2598 contrariam
1596 2554 1857 2613 opinionem
1877 2555 1986 2602 lici-

111 2632 203 2671 tam
228 2638 277 2670 ac
301 2625 492 2672 liberam
517 2624 844 2671 existimasset?

167 2698 324 2745 Notatu
348 2700 480 2745 etiam
504 2700 637 2758 digna
663 2698 892 2744 conclusio
917 2698 1060 2757 ipsius
1083 2699 1311 2758 opusculi,
1344 2699 1558 2746 Vindiciae
1589 2701 1793 2761 inscripti
1814 2720 1823 2747 :
1848 2721 1869 2743 α
1896 2702 1983 2749 De-

107 2775 258 2835 nique,
280 2775 339 2820 ait
360 2776 427 2820 vir
452 2775 774 2827 sanctissimus,
807 2775 994 2820 obsecro
1026 2788 1181 2820 omnes
1212 2775 1289 2834 qui
1324 2789 1407 2834 pro
1437 2777 1555 2823 bono
1590 2776 1796 2823 Ecclesiae
1831 2779 1977 2824 zelum

105 2849 267 2902 fovent,
285 2854 335 2894 ut
357 2850 543 2895 servidas
559 2848 777 2908 jugesque
794 2863 950 2908 preces
967 2850 1150 2895 Domino
1175 2851 1483 2909 praebeant...,
1505 2853 1614 2897 utin
1636 2853 1848 2898 omnibus
1868 2855 1978 2899 fide-

106 2925 222 2970 libus
246 2925 540 2970 reverentiam
564 2930 607 2970 et
625 2924 926 2970 obedientiam
954 2927 1190 2972 confirmet
1213 2930 1258 2971 et
1279 2933 1435 2983 augeat
1459 2941 1564 2986 erga
1589 2928 1839 2974 Romanum
1862 2929 1978 2974 Pon-

106 2999 436 3058 tificem‚quem
457 2998 657 3043 Christus
691 2998 905 3044 Dominus
930 3000 977 3044 in
1011 3002 1147 3045 terris
1171 2999 1231 3045 ad
1260 2999 1552 3048 destruendos
1586 3010 1772 3050 cunctos
1802 3017 1978 3051 errores

106 3078 264 3120 contra
278 3069 421 3131 'fidem
444 3073 573 3119 nobis
594 3072 785 3131 benigne
808 3073 1008 3132 reliquit.
1037 3090 1055 3116 r»

229 3237 249 3277 5
266 3234 302 3270 3.
317 3252 360 3260 —
383 3233 528 3275 Quanta
546 3232 597 3270 sit
618 3233 659 3269 in
682 3234 799 3270 hacce
818 3234 984 3271 materia
1004 3236 1128 3272 sancti
1148 3237 1333 3284 Alphonsi
1354 3238 1401 3275 de
1416 3239 1599 3284 Lignorio
1623 3241 1851 3279 auctoritas.

168 3339 200 3385 1.
233 3338 392 3395 Ingens
416 3344 459 3385 et
479 3340 777 3398 peremptoria
800 3345 868 3386 est
883 3340 1056 3386 ratione
1079 3349 1451 3400 argumentorum
1468 3346 1522 3391 ab
1539 3346 1638 3406 ipso
1661 3347 1970 3395 deductorum.

110 3415 198 3460 Etsi
228 3413 365 3466 enim,
391 3427 478 3458 non
504 3415 617 3467 suse,
645 3414 723 3459 sed
749 3414 980 3467 concinne,
1007 3415 1053 3460 in
1075 3430 1211 3475 supra
1241 3419 1388 3465 citatis
1412 3421 1642 3480 opusculis
1666 3422 1973 3480 gravissimam

109 3489 233 3534 illam
258 3488 549 3548 quaestionem
571 3489 844 3549 expenderit,
868 3491 1123 3537 omnimode
1144 3497 1295 3539 tamen
1317 3499 1363 3540 et
1385 3495 1657 3543 validissime
1672 3497 1971 3545 conclusionis

108 3577 205 3611 suae
232 3563 460 3610 veritatem
482 3565 661 3619 evincit,
687 3571 730 3613 et
755 3566 1111 3615 adversariorum
1125 3567 1396 3628 objectiones
1418 3572 1565 3620 diluit.
1590 3573 1634 3620 Si
1658 3581 1868 3622 curarent
1897 3589 1967 3622 se-
