2262 3990
102 157 188 206 716
566 153 720 200 mnssx
749 153 908 200 JuxrA
939 130 1279 202 muniminum
1308 151 1552 200 ossnmssn.

260 275 311 306 ex
348 259 550 305 cathedra
586 259 717 300 fidem
740 258 998 323 ,definientis
1040 258 1386 302 infallibilitatem
1425 259 1602 314 allegari
1628 266 1887 315 praetensum

257 329 433 373 Honorii
467 329 637 381 lapsum
645 356 1880 380 .......................
1941 334 2018 379 365

153 401 242 442 Cn.
271 397 334 438 1v.
360 419 415 427 —
433 395 492 437 De
517 395 677 438 celebri
700 396 966 438 contentione
989 401 1183 438 sanctum
1207 396 1470 450 Stephanum
1489 397 1605 439 inter
1620 402 1663 439 et
1691 407 1888 443 sanctum

205 464 535 519 cyprianum.-
555 464 774 506 Contentio
794 466 887 508 haec
903 470 1190 508 commentum
1208 477 1302 508 esse
1319 465 1503 507 videtur.
1525 489 1580 496 —
1599 466 1772 510 Etiamsi
1789 481 1888 512 vera

203 532 351 582 suerit,
373 530 485 574 nihil
511 532 708 587 sequitur
732 538 876 575 contra
908 533 1088 576 Romani
1114 533 1328 576 Pontificis
1345 533 1577 588 primatum
1596 539 1637 576 et
1663 535 1891 579 infallibili-

202 606 334 642 tatem
343 631 1877 648 ..............................
1938 606 2018 650 566

205 670 230 724 5
253 671 294 711 1.
318 695 374 702 —
397 669 599 719 Quaenam
621 671 732 714 foret
757 671 882 714 dictae
909 672 1198 714 contentionis
1227 671 1416 724 historia,
1451 673 1488 715 si
1523 672 1706 727 genuina
1734 674 1891 727 proba-

259 744 409 782 rentur
427 739 682 782 documenta
702 740 860 793 quibus
883 740 1043 782 nititur
1049 771 1883 788 .................
1942 745 2016 788 567
2037 788 2041 791 ,

205 807 230 861 g
260 806 301 848 2.
340 832 395 839 -
424 809 533 857 Quid
576 809 629 851 de
673 808 916 851 sinceritate
963 810 1266 864 praedictorum
1309 809 1662 852 documentorum
1705 811 1889 853 sentiant
2045 804 2051 811 '

260 875 418 918 eruditi
427 907 1138 923 ..............
1176 907 1193 942 2
1235 909 1882 924 .............
1943 881 2016 925 571

207 945 232 997 g
259 943 297 984 3.
322 967 375 976 —
392 945 581 987 Genuina
609 957 695 988 non
714 947 952 1001 probantur
971 946 1082 988 dicta
1105 947 1359 988 documenta
1374 959 1424 988 ex
1444 958 1493 988 eo
1514 947 1604 998 solo·
1617 947 1728 1000 quod
1745 945 1789 988 in
1813 959 1893 988 an-

262 1012 395 1067 tiquis
415 1014 630 1057 codicibus
650 1019 820 1068 reperta
842 1014 928 1056 sint
944 1019 986 1056 et
1005 1014 1163 1067 stylum
1179 1014 1374 1067 Cypriani
1397 1013 1634 1056 redoleant.
1667 1049 1675 1056 .
1722 1050 1731 1058 .
1774 1048 1783 1057 .
1822 1049 1833 1059 .
1871 1047 1882 1057 .
1943 1015 2019 1057 572

216 1083 240 1135 S
266 1081 303 1123 4.
327 1105 380 1113 ——
399 1082 581 1124 Conficta
611 1083 739 1125 fuisse
763 1096 787 1125 a
808 1082 1034 1125 Donatistis
1058 1082 1170 1124 dicta
1195 1083 1445 1125 documenta
1467 1082 1752 1136 colligendum
1771 1084 1891 1126 venit

263 1164 314 1194 ex
337 1152 531 1205 ipsorum
551 1158 700 1194 tenore
710 1184 1883 1198 .......................
1945 1151 2023 1193 575

265 1219 299 1260 1.
330 1219 513 1272 Epistola
531 1222 571 1263 S.
599 1221 795 1274 Cypriani
814 1222 868 1263 ad
883 1221 1106 1275 Episcopos
1121 1221 1331 1263 Numidiae
1343 1252 1886 1266 ...........
1947 1221 2026 1262 575

265 1287 318 1329 11.
352 1289 539 1343 Epistola
555 1289 751 1342 ejusdem
767 1290 820 1331 ad
846 1290 1045 1337 Quintum
1061 1291 1250 1331 Fratrem
1260 1320 1453 1332 .....
1483 1286 1490 1295 ’
1498 1321 1886 1334 ........
1949 1288 2024 1331 377

267 1356 343 1398 ΙΙΙ.
371 1357 552 1410 Epistola
572 1358 764 1411 ejusdem
793 1360 843 1400 ad
866 1358 1130 1411 Stephanum
1153 1359 1308 1412 Papam
1319 1389 1678 1402 ........
1687 1371 1690 1374 ·
1723 1390 1734 1401 .
1776 1391 1784 1399 .
1828 1391 1837 1402 .
1879 1393 1888 1401 .
1951 1356 2027 1398 582

269 1425 333 1468 IV.
364 1426 551 1479 Epistola
575 1427 765 1479 ejusdem
788 1428 840 1470 ad
864 1428 1132 1470 Jubaianum.
1150 1461 1160 1470 .
1195 1463 1206 1474 .
1248 1460 1259 1470 .
1354 1458 1890 1472 ...........
1952 1425 2028 1467 585

267 1495 312 1535 V.
345 1495 405 1536 De
436 1495 570 1537 sancti
589 1496 789 1549 Stephani
804 1496 928 1550 Papae
949 1497 1134 1545 decreto,
1155 1495 1269 1536 nihil
1284 1495 1507 1537 innovetur
1528 1495 1613 1537 nisi
1635 1496 1747 1551 quod
1765 1495 1901 1536 tradi-

321 1567 413 1604 tum
438 1569 500 1605 esc
510 1594 1893 1610 ...........................
1955 1563 2032 1606 388

268 1631 333 1674 VI.
359 1634 544 1686 Epistola
574 1635 617 1675 S.
637 1634 831 1686 Cypriani
853 1635 905 1676 ad
926 1635 1170 1688 Pompeium
1177 1663 1894 1678 ...............
1955 1631 2030 1672 591
2054 1637 2059 1642 '

271 1702 339 1743 VII
349 1735 355 1742 .
387 1704 445 1745 De
461 1704 638 1745 concilio
655 1705 987 1757 Carthaginensi,
1009 1705 1053 1745 in
1070 1716 1193 1746 causa
1210 1703 1471 1758 baptismatis
1494 1703 1620 1745 tertio
1630 1735 1895 1748 ......
1959 1702 2036 1743 395

273 1773 379 1815 VIII.
410 1775 595 1827 Epistola
616 1774 657 1815 S.
683 1774 875 1828 Cypriani
897 1776 948 1816 ad
967 1775 1165 1827 Magnum
1178 1806 1895 1821 ..............
1956 1771 2031 1814 401

269 1843 336 1885 lx.
370 1844 553 1896 Epistola
573 1846 601 1886 F
605 1844 806 1886 irmiliani
827 1845 878 1886 ad
903 1845 1150 1898 Cyprianum
1157 1875 1893 1891 ...............
1955 1840 2034 1882 405

221 1913 246 1964 g
274 1913 314 1954 5.
343 1936 394 1942 —
421 1913 604 1955 Conficta
626 1914 760 1955 fuisse
783 1914 895 1956 dicta
914 1915 1167 1956 documenta
1188 1914 1406 1967 colligitur
1434 1926 1483 1956 ex
1507 1926 1555 1956 eo
1581 1914 1692 1967 quod
1715 1912 1904 1954 defuerit

272 1984 442 2032 tempus
474 1982 690 2023 sufficiens
723 1988 770 2022 ut
799 1985 1115 2035 complerentur
1153 1997 1202 2025 ea
1238 1996 1334 2036 quae
1369 1985 1412 2024 in
1449 1984 1609 2026 eisdem
1643 1982 1902 2024 documentis

271 2054 390 2101 gesta
409 2054 643 2091 narrantur
655 2080 1894 2097 ........................
1956 2048 2033 2090 411

278 2119 407 2171 Pro'p.
437 2118 561 2158 I².—
586 2118 835 2159 Inchoatum
868 2129 958 2158 esse
994 2118 1168 2158 tertium
1208 2119 1435 2160 concilium
1479 2119 1808 2170 Carthaginense
1836 2117 1903 2159 die

324 2187 467 2239 prima
484 2187 736 2239 septembris
755 2186 850 2232 256,
876 2186 1162 2228 communiter
1178 2187 1411 2228 admittunt
1434 2192 1476 2228 et
1500 2199 1578 2240 pro
1606 2192 1722 2228 certo
1749 2187 1910 2228 habent

327 2255 482 2298 eruditi
497 2255 570 2309 qui
590 2255 827 2308 genuinum
842 2254 949 2296 illud
966 2255 1192 2296 concilium
1209 2260 1427 2308 reputant.
1446 2290 1455 2299 .
1500 2290 1510 2299 .
1554 2286 1564 2297 .
1609 2287 1618 2297 .
1664 2289 1674 2297 .
1719 2287 1729 2296 .
1771 2247 1782 2295 .
1826 2288 1836 2298 .
1880 2289 1891 2299 .
1961 2254 2035 2296 411

273 2328 402 2380 Prop.
428 2327 498 2368 11³.
519 2349 572 2355 —
601 2325 765 2378 Scripta
786 2329 848 2366 est
876 2325 927 2379 tsi
955 2325 1140 2376 genuina
1157 2325 1226 2379 sit)
1258 2325 1491 2366 Firmiliani
1522 2324 1710 2378 epistola,
1729 2324 1911 2365 instante

324 2394 469 2436 hieme
501 2395 603 2436 anni
626 2393 718 2443 256,
739 2393 783 2436 id
808 2399 884 2445 est,
911 2406 998 2435 non
1026 2395 1192 2436 tardius
1224 2395 1377 2436 saltem
1407 2395 1475 2436 die
1506 2394 1645 2447 prima
1675 2393 1910 2435 decembris

325 2463 427 2509 dicti
445 2463 544 2504 anni
556 2493 1900 2509 ..........................
1964 2459 2042 2501 412

280 2533 409 2586 Prop.
441 2533 534 2574 111².
558 2555 611 2563 —
630 2532 773 2574 Defuit
799 2538 970 2586 tempus
995 2532 1279 2574 necessarium
1308 2537 1359 2574 ut
1388 2532 1706 2584 complerentur
1735 2541 1785 2571 ea
1815 2540 1910 2582 quae

328 2604 446 2652 gesta
476 2601 678 2643 dicuntur
705 2602 756 2642 ab
779 2601 976 2643 inchoato
995 2601 1172 2643 concilio
1200 2601 1329 2643 tertio
1358 2599 1688 2653 Carthaginensi,
1706 2609 1839 2650 usque
1856 2598 1909 2639 ad

271 2663 274 2668 ’
327 2670 622 2722 consignatam
639 2670 867 2723 Rogatiano
883 2670 1116 2712 Firmiliani
1134 2670 1359 2723 epistolam
1370 2697 1896 2714 ...........
1959 2662 2036 2706 412

223 2741 248 2792 g
263 2739 301 2780 6.
323 2762 376 2770 -
393 2739 570 2780 Attentis
590 2739 761 2792 scriptis
777 2744 1001 2781 auctorum
1025 2741 1358 2792 synchronorum
1376 2743 1417 2779 et
1433 2738 1620 2791 proxime
1640 2739 1897 2785 secutorum,

275 2807 456 2851 celebris
475 2807 727 2862 cyprianum
745 2808 858 2850 inter
874 2813 917 2849 et
942 2808 1204 2861 Stephanum
1226 2809 1438 2850 contentio
1457 2805 1719 2849 admittenda
1738 2817 1823 2846 non
1845 2810 1907 2847 est

276 2882 328 2918 ut
344 2882 460 2919 certa
479 2889 486 2916 :
508 2877 593 2918 imo
609 2877 749 2930 potius
773 2877 824 2918 ad
847 2875 1013 2917 fabulas
1031 2876 1264 2929 rejicienda
1275 2904 1899 2922 .............
1957 2871 2035 2914 415

279 2946 310 2986 Ι.
340 2945 564 2987 Silentium
584 2945 720 2986 Pontii
736 2944 899 2987 diaconi
915 2945 965 2986 de
983 2949 1196 2998 praetensa
1212 2945 1498 2994 contentione,
1518 2943 1672 2998 probat
1687 2955 1778 2985 earn
1794 2954 1907 2984 com-

328 3012 570 3054 mentitiam
610 3024 701 3054 esse
711 3040 1896 3058 .......................
1956 3007 2035 3049 416

279 3081 338 3122 11.
377 3081 496 3128 Quod
526 3081 743 3135 reperitur
776 3081 821 3122 in
852 3081 1024 3123 historia
1052 3081 1330 3123 ecclesiastica
1362 3079 1527 3122 Eusebii
1557 3078 1867 3124 testimonium
1881 3077 1934 3119 de

328 3150 439 3192 facto
460 3151 723 3204 Cyprianico,
754 3161 841 3192 non
874 3150 958 3192 fuit
990 3150 1040 3192 ab
1072 3149 1254 3192 Eusebio
1279 3149 1502 3222 scriptum,
1525 3149 1597 3190 sed
1622 3147 1758 3201 ipsius
1774 3146 1907 3188 textui

330 3220 542 3262 insertum
550 3247 1900 3265 ..........................
1960 3213 2038 3256 418

279 3285 355 3328 111.
387 3288 684 3340 Apocrypham
700 3298 790 3328 esse
811 3286 1035 3328 historiam
1059 3288 1111 3329 de
1130 3290 1342 3340 praetensa
1364 3285 1630 3328 contentione
1648 3285 1795 3338 probat
1813 3283 1910 3326 Dio-

334 3355 446 3409 nysii
473 3355 743 3398 Alexandrini
759 3356 976 3398 silentium
987 3385 1900 3400 ..................
1959 3347 2036 3390 426

282 3422 347 3465 IV.
379 3426 419 3466 S.
449 3424 589 3467 Basilii
619 3426 673 3466 ad
702 3425 1039 3478 Amphilochium
1067 3423 1246 3477 epistola
1271 3436 1422 3466 verum
1454 3435 1540 3466 non
1569 3423 1718 3477 probat
1747 3422 1903 3464 factum

335 3492 651 3547 Cyprianicum3
683 3494 768 3536 imo
792 3494 935 3547 potius
954 3494 1107 3547 probat
1124 3494 1463 3536 commentitium
1481 3505 1570 3536 esse
1580 3521 1897 3535 .......
1958 3484 2032 3530 427

290 3558 329 3600 V.
356 3561 621 3606 Praetensum
639 3563 888 3606 conflictum
905 3563 1094 3606 excludit
1115 3567 1322 3605 tractatus
1343 3573 1576 3616 anonymus
1599 3562 1651 3603 de
1671 3559 1903 3624 haeretico-

337 3638 434 3669 rum
451 3629 660 3684 baptismo
669 3655 1895 3677 ........................
1955 3620 2034 3665 454

2180 3192 2192 3214 ff

2171 3477 2204 3526 :22

2175 3533 2205 3647 ‘i
