2306 4010
748 205 807 250 ΡΑ
815 204 878 251 RS
909 202 1149 251 SECUNDA.
1806 201 1894 247 505

23 340 247 381 eausam
289 324 459 374 totam
494 312 574 371 rei
609 309 819 366 discere
871 311 1064 384 possit,
1101 307 1466 366 subtilissima
1502 306 1730 364 veritate
1769 324 1893 380 quae

27 426 154 477 ante
185 416 364 473 brevis
408 405 870 482 intercapedinem
910 407 1179 483 temporis
1219 412 1372 480 gesta
1421 412 1550 463 sunt
1598 404 1887 461 enarrabo,

25 515 244 587 Sergius
278 505 580 569 reverendae
615 501 895 558 memoriae
921 503 1240 560 Patriarcha
1277 501 1540 578 praedicto
1585 507 1788 558 sanctae
1810 517 1896 557 re-

29 609 361 669 cordationis
401 607 652 662 Romanae
693 599 852 655 urbis
893 600 1144 656 Pontifici
1185 600 1538 673 significavit,
1588 598 1736 674 quod
1772 597 1896 673 qui-

34 712 160 767 dam
195 710 252 765 in
284 705 634 777 Redemptore
656 703 846 753 nostro
874 697 1107 753 Domino
1132 698 1262 753 ,Iesu
1295 698 1508 754 Christo
1540 699 1671 754 duas
1691 705 1901 754 contra-

36 811 141 865 rias
180 806 400 862 dicerent
443 795 745 855 voluntate&
785 793 899 857 Quo
949 794 1210 867 praefatus
1261 794 1404 868 Papa
1438 801 1746 870 compert0,
1794 812 1906 850 res-

39 903 228 979 cripsit
250 900 319 968 ei,
342 894 465 972 quia
504 891 743 947 salvator
774 897 982 960 noster,
1019 889 1163 946 sicut
1189 896 1332 945 esset
1377 891 1704 948 monadicus
1734 911 1903 959 unuS,

43 1002 115 1059 ita
145 1008 195 1058 et
218 995 365 1055 valde
394 989 724 1046 mirabiliter
753 1006 921 1062 super
963 1005 1127 1043 omne
1153 1005 1326 1060 genus
1364 987 1652 1044 hominum
1679 1006 1910 1063 concep-

46 1107 132 1156 tus
154 1100 204 1152 et
226 1095 384 1147 natus
415 1093 578 1143 esset.
610 1086 667 1140 Et
701 1090 891 1141 saneta
917 1103 1138 1158 quoque
1163 1084 1342 1159 ipsius
1373 1083 1658 1140 incarnata
1688 1085 1910 1160 dispen-

40 1192 238 1251 satione
259 1187 502 1256 docebat,
533 1185 663 1258 quia
693 1184 1014 1258 redemptor
1040 1190 1250 1254 noster,
1280 1183 1425 1239 sicut
1448 1189 1592 1239 esset
1620 1183 1761 1240 Deus
1790 1203 1912 1258 per-

38 1287 228 1354 fectUS,
254 1284 325 1339 ita
342 1288 484 1339 esset
509 1289 563 1338 et
588 1283 754 1337 homo
773 1281 1078 1355 perfectus:
1102 1288 1184 1348 ut,
1204 1298 1373 1352 quam
1394 1280 1610 1354 primus
1631 1281 1797 1336 homo
1812 1300 1911 1356 per

39 1381 528 1460 praevaricationem
553 1379 759 1447 amisit,
784 1379 904 1434 sine
923 1378 1108 1451 alique
1131 1384 1353 1451 peccato
1381 1383 1544 1433 natus
1563 1378 1759 1452 primae
1778 1379 1912 1435 ima-

44 1480 183 1555 ginis
203 1478 438 1536 nobilem
468 1478 740 1551 originem
771 1483 1131 1533 renovaret...
1164 1477 1224 1532 Et
1258 1477 1465 1532 ideireo
1490 1496 1648 1532 unam
1674 1478 1915 1533 volunta-

50 1585 144 1633 tem
166 1575 459 1632 secundum
491 1574 729 1648 primam
753 1573 1149 1629 formationem
1176 1573 1299 1629 Adae
1328 1574 1642 1629 naturalem
1675 1575 1916 1630 humani-

51 1674 166 1729 tatis
179 1690 283 1728 suae
307 1671 571 1727 Dominus
600 1676 787 1727 noster
821 1671 978 1726 Jesus
1004 1669 1255 1726 Christus
1284 1671 1487 1727 habere
1519 1670 1783 1743 dignatus
1809 1679 1917 1744 est,

49 1791 152 1829 non
168 1773 292 1828 duas
311 1775 598 1827 contrarias
616 1772 1047 1844 quemadmodem
1070 1790 1206 1826 minc
1223 1790 1314 1826 nos
1331 1771 1520 1827 habere
1537 1773 1888 1844 (liquescimur
1900 1819 1912 1843 ,

45 1870 222 1947 quide
247 1878 463 1946 peccato
498 1890 692 1928 sumus
714 1870 840 1926 Adae
873 1870 1062 1943 geniti.
1096 1869 1362 1934 Quoniam
1391 1870 1778 1945 corruptibilis
1822 1891 1919 1947 per

48 1958 501 2042 trangressionem
541 1968 757 2043 primus
786 1968 948 2022 homo
987 1967 1242 2036 effectuS,
1276 1973 1328 2022 et
1356 1967 1595 2023 creatori
1622 1986 1722 2023 suo
1751 1970 1919 2025 subdi

50 2070 415 2133 contemnenS,
451 2063 622 2119 sensit
664 2080 908 2131 earnem,
952 2079 1073 2134 quae
1120 2063 1276 2136 prius
1309 2067 1426 2118 erat
1484 2063 1590 2118 sibi
1648 2066 1915 2140 subjecta,

52 2160 402 2218 nihilominus
436 2164 858 2235 repugnantem,
894 2164 943 2214 et
995 2166 1227 2233 peceato·
1267 2178 1367 2215 suo
1398 2165 1575 2216 totum
1608 2179 1783 2234 genus
1820 2165 1921 2219 hu-

55 2277 271 2316 manum
297 2259 422 2316 fecit
454 2259 830 2315 obnoxiu1n2..
871 2259 1217 2332 Quapropter
1243 2265 1293 2313 et
1321 2276 1443 2327 neS,
1477 2259 1571 2331 qui
1602 2278 1699 2333 per
1720 2279 1927 2335 praeva-

60 2354 364 2414 ricationem
394 2366 446 2415 et
477 2363 765 2433 peecatum
806 2356 959 2411 illius
1005 2355 1312 2426 nascimur,
1348 2357 1478 2412 duas
1509 2359 1800 2413 contrarias
1829 2359 1924 2412 ha-

62 2452 184 2511 bere
226 2456 523 2514 voluntates
575 2455 956 2528 dignoscimur
995 2477 1005 2508 :
1047 2455 1178 2509 duas
1230 2463 1403 2511 autem
1450 2456 1585 2524 dice,
1645 2458 1828 2512 mentis
1878 2465 1927 2511 et

59 2555 221 2610 carnis
263 2557 471 2613 invicem
516 2557 903 2612 reluctantes...
940 2555 998 2609 In
1039 2554 1447 2628 dispensatione
1494 2554 1680 2628 itaque
1721 2561 1925 2612 sanctae

55 2651 230 2707 carnis
254 2670 366 2709 suae
388 2656 514 2709 duas
542 2672 807 2726 nunquam
844 2654 1017 2708 habuit
1043 2651 1332 2725 (Christus)
1365 2655 1659 2709 contrarias
1686 2654 1924 2710 volunta-

57 2755 128 2803 tes
149 2770 165 2813 ,-
187 2768 286 2806 nec
308 2752 631 2825 repugnavit
669 2751 937 2807 voluntati
977 2750 1178 2807 mentis
1201 2751 1321 2824 ejus
1351 2752 1609 2808 voluntas
1636 2752 1819 2808 carnis
1846 2753 1927 2827 ip-

59 2844 241 2900 siuS...
280 2846 430 2900 Unde
485 2866 654 2903 unam
702 2849 1038 2904 voluntatem
1081 2847 1135 2902 in
1178 2853 1380 2904 sanctae
1419 2847 1598 2922 ipsius
1643 2849 1928 2923 dispensa-

62 2938 225 2993 tionis
270 2940 624 3010 humanitate,
674 2951 725 2999 et
772 2962 891 2999 non
941 2945 1069 2998 duas
1118 2946 1403 2998 contrarias
1456 2946 1641 2999 mentis
1679 2952 1729 2998 et
1759 2947 1926 2999 carnis

66 3033 445 3106 praedicamuS,
480 3038 779 3092 secundum
805 3040 952 3110 quod
983 3040 1211 3111 quidam
1243 3040 1487 3095 haeretiei
1522 3040 1671 3094 velut
1699 3040 1756 3093 in
1781 3059 1922 3113 puro

67 3129 286 3184 homine
299 3129 530 3185 delirare
550 3141 871 3189 noscuntur.
889 3136 1203 3191 Secundum
1222 3138 1368 3190 hune
1382 3136 1551 3208 igitur
1570 3136 1798 3190 modum
1808 3137 1924 3210 jam

66 3226 246 3282 dietus
283 3225 535 3281 decessor
571 3235 754 3283 noster
794 3234 1191 3302 praenominato
1222 3231 1410 3302 Sergio
1448 3231 1773 3288 Patriarchae
1806 3253 1927 3308 per-

67 3320 310 3377 contanti
338 3320 622 3394 scripsisse
655 3322 1017 3394 dignoscitur,
1045 3326 1174 3397 quia
1205 3326 1261 3380 in
1287 3326 1564 3382 Salvatore
1589 3334 1778 3386 nostro
1801 3331 1925 3388 duze

67 3418 373 3472 voluntates
398 3416 707 3482 contrariae,
738 3416 790 3471 id
824 3425 927 3485 est,
969 3419 1024 3472 in
1070 3420 1336 3475 membris
1362 3419 1538 3494 ipsius
1568 3424 1789 3497 penitus
1816 3446 1923 3486 non

68 3516 446 3572 consistunt...
478 3515 561 3570 11ae
603 3514 722 3570 dua?
761 3516 1046 3571 contrariae
1080 3517 1384 3574 voluntates
1411 3520 1609 3576 mentis
1642 3529 1692 3579 et
1717 3528 1923 3599 carniS,

70 3631 204 3684 quas
239 3611 528 3685 Apostolus
568 3611 744 3680 docet,
794 3611 1063 3667 innostro
1107 3631 1452 3687 nequaquam
1499 3616 1774 3678 Salvatore
1807 3624 1923 3681 sue-

305 3731 350 3760 ιι.
1630 3725 1686 3768 20
