2262 3990
899 130 903 134 ·
978 98 1276 180 TRAcTATus
1302 127 1368 172 DE
1398 125 1550 173 PAPA.

304 259 425 311 ceat
455 275 481 306 »
523 253 669 323 (cap.
695 264 750 314 x,
772 260 830 297 n.
867 239 990 312 55).
1012 272 1083 280 —
1106 258 1134 291 «
1162 235 1371 292 Deinde
1401 233 1449 291 si
1479 233 1659 291 sancti
1687 232 1944 309 Cypriani
1962 235 2243 313 Episcopi

302 353 355 403 et
385 337 616 415 gloriosi
641 331 907 408 martyris
929 336 985 387 te
1020 330 1262 387 delectat
1288 326 1616 397 auctoritas,
1653 343 1826 400 quam
1861 325 2114 408 quidem,
2146 329 2219 386 si-

300 445 396 496 cut
446 434 585 504 dixi,
623 451 655 488 a
689 429 959 488 canonica
991 427 1327 486 auctoritate
1360 424 1793 499 distinguimus,
1822 442 1926 480 cur
1964 423 2026 479 in
2061 443 2124 482 eo
2163 432 2240 486 te'

296 554 410 593 non
445 534 711 602 delectat,
742 529 894 604 quod
923 527 1205 586 unitatem
1232 525 1387 583 orbis
1416 529 1583 582 terrae
1603 530 1772 598 atque
1793 523 2053 579 omnium
2084 541 2219 597 gen-

297 636 468 706 tium,
507 638 560 690 et
591 629 875 705 diligendo
902 627 1108 698 tenuit,
1144 633 1196 684 ct
1216 623 1563 701 disputando
1600 622 1958 690 defendit...;
1992 623 2141 696 quod
2161 623 2218 683 in

291 755 354 794 eo
384 736 528 810 ipsc,
559 733 619 789 in
653 751 762 807 quo
795 730 961 786 aliter
992 728 1204 804 sapuit,
1243 726 1484 801 collegas
1515 724 1735 782 diversa
1762 723 2092 797 sentienteS,
2116 741 2226 782 nec>

289 833 649 911 judicandOS,
680 848 782 887 nec
810 848 839 886 a
862 831 990 906 jure
1020 826 1441 884 communionis
1480 824 1819 882 amovendos
1871 842 1994 881 csse
2030 823 2230 882 decre·

284 936 362 992 vit
397 957 407 990 :
441 932 593 1008 quod
631 931 690 987 in
731 949 794 987 ea
824 932 942 1003 ipsa
974 924 1208 1003 epistola
1244 927 1312 982 acl
1355 926 1694 998 Jabaianmn,
1729 943 1846 998 qnae
1878 926 1933 979 in
1971 917 2246 996 concilio(

289 1036 434 1107 cujas
458 1033 831 1089 anctoritatem
862 1029 930 1085 acl
956 1026 1390 1100 rebaptizandum
1414 1026 1564 1098 sequi
1594 1042 1686 1080 vos
1728 1025 1937 1093 dicitis,
1962 1024 2210 1096 primitus
2255 1067 2258 1069 .

293 1136 519 1190 recitata
547 1138 649 1202 est,
674 1148 807 1186 cum
846 1127 1092 1184 fateatur
1118 1125 1176 1180 in
1206 1124 1554 1200 praeteritum
1582 1123 1663 1180 sic
1687 1140 1811 1179 csse
1845 1121 2123 1177 admissos
2155 1120 2214 1176 in

286 1232 593 1289 Ecclesiam
633 1230 731 1302 qui
762 1207 993 1283 ¹fucrant
1041 1225 1178 1280 alibi
1225 1222 1510 1297 baptizati,
1542 1227 1606 1277 ut
1654 1222 1843 1277 denuo
1881 1238 1993 1275 non
2029 1218 2212 1293 bapti-

287 1340 575 1399 zarentur,
604 1328 755 1385 undc
786 1327 912 1382 illos
941 1324 1066 1381 sine
1091 1323 1371 1397 baptismo
1403 1321 1579 1377 fuisse
1607 1319 1915 1376 arbitratur
1939 1342 1949 1386 ;
1990 1324 2211 1375 tantum

282 1435 474 1485 tamen
512 1415 670 1500 ponit
721 1421 988 1479 utilitatis
1031 1427 1084 1477 et
1137 1417 1492 1476 salubritatis
1536 1417 1594 1472 in
1637 1434 1772 1492 pacc
1823 1415 2102 1486 Ecclesiae,
2151 1422 2212 1472 ut

287 1532 518 1605 proptcr
544 1524 703 1580 illam
740 1542 854 1579 non
900 1540 994 1579 cos
1044 1520 1343 1596 crcdatgab
1380 1518 1638 1575 Ecclesiae
1673 1517 2011 1573 muneribus
2049 1533 2204 1592 sepa-

286 1627 435 1685 rari?
470 1648 497 1679 »
533 1624 721 1700 (ibid,
768 1641 827 1678 n.
864 1622 984 1695 56).

370 1748 396 1778 «
441 1724 779 1800 Cyprianum
833 1727 1025 1778 autem
1076 1719 1323 1777 sensisse
1382 1718 1545 1775 aliter
1576 1718 1643 1774 de
1681 1717 1986 1793 baptismO,
2036 1733 2204 1789 quam

289 1825 471 1880 torma
503 1828 554 1878 ct
582 1820 932 1877 consuetudo
961 1819 1204 1875 habebat
1231 1817 1505 1891 Ecclesiae,
1537 1834 1652 1873 non
1682 1816 1740 1871 in
1771 1814 2082 1886 canoniciS,
2114 1811 2211 1871 sed

291 1922 351 1976 in
379 1919 497 1975 suis
518 1925 569 1974 et
597 1919 652 1972 in
670 1918 895 1973 concilii
918 1897 1454 1982 litteris'invenitum
1488 1914 1805 1972 correxisse
1823 1919 2011 1971 autem
2034 1913 2199 1969 istam

291 2017 632 2078 sententiam
646 2037 758 2074 non
778 2017 1211 2074 invonit.ur.Non
1226 2016 1668 2088 incongruenter
1688 2023 1876 2070 tamen
1893 2016 1960 2070 dc
1980 2013 2075 2070 tali
2089 2012 2204 2068 viro

290 2118 739 2178 existimandum
785 2123 868 2173 cst
907 2115 1059 2189 quod
1094 2114 1420 2186 correxerit,
1465 2119 1520 2171 ct
1555 2114 1798 2170 fortasse
1844 2129 2213 2188 suppressum

289 2221 360 2277 sit
379 2220 446 2275 ab
476 2218 555 2274 cis
584 2217 680 2291 qui
711 2218 815 2272 hoc
843 2233 1031 2271 errore
1060 2214 1306 2269 nimium
1328 2213 1590 2269 delectati
1619 2218 1774 2282 sunt,
1801 2218 1853 2269 et
1875 2218 2028 2268 tanto
2061 2212 2210 2268 velut

291 2315 601 2393 patrocinio
631 2331 822 2371 carcre
854 2313 1182 2369 noluerunt.
1215 2311 1541 2385 Quamquam
1563 2330 1668 2367 non
1691 2312 1862 2367 desint
1893 2313 1980 2384 qai
2005 2311 2098 2366 hoc
2123 2310 2214 2383 Cy·

294 2421 540 2493 priannm
570 2434 792 2489 prorsas
816 2433 918 2469 non
942 2415 1171 2469 sensisse
1198 2414 1544 2483 contendant,
1573 2413 1666 2467 secl
1697 2413 1790 2467 snb
1816 2413 1924 2484 ejas
1950 2413 2159 2467 nomine
2185 2427 2215 2467 a

293 2518 764 2592 praesmnptoribas
788 2524 943 2588 atque
971 2516 1304 2571 mendacibus
1332 2516 1499 2588 fuisse
1526 2515 1825 2586 confictam.
1855 2512 2046 2586 Neque
2069 2511 2210 2569 enim
2242 2509 2246 2515 ’

299 2618 381 2673 sic
407 2617 588 2691 poluit
619 2615 913 2689 integritas
943 2620 1109 2688 atque
1138 2613 1335 2671 notitia
1352 2614 1677 2679 litterarum
1705 2612 1879 2669 unius
1905 2611 2210 2688 quamlibet

298 2724 351 2774 ct
385 2716 625 2772 illustris
665 2714 917 2790 Episcopi
966 2714 1266 2784 custodiri,
1301 2713 1783 2787 quemadmodum
1828 2712 2106 2787 scriptura
2133 2693 2240 2767 ca?

300 2816 580 2873 nonica...
608 2835 619 2885 3
649 2820 846 2869 contra
881 2832 1051 2887 quam
1078 2819 1268 2870 tamen
1295 2831 1407 2869 non
1430 2813 1756 2885 defuerunt,
1786 2814 1882 2888 qui
1911 2814 2016 2870 sub
2043 2809 2212 2887 nomi7

299 2908 468 2963 nibus
518 2905 901 2980 apostolorum
953 2905 1131 2961 multa
1163 2904 1548 2978 confingerent
1580 2927 1608 2959 »
1658 2904 1846 2979 (ibid.,
1886 2923 1945 2962 n.
1999 2905 2116 2977 58).
2149 2931 2210 2944 --

304 3028 330 3059 ι(
353 3006 459 3061 Nos
487 3010 678 3061 autem
699 3006 836 3060 duas
869 3004 929 3060 ob
953 3022 1038 3059 res
1064 3022 1170 3059 non
1182 3022 1432 3077 neqamas
1451 2991 1588 3059 illud
1605 3005 1832 3059 sensisse
1857 3003 2206 3077 Cyprianum:

305 3103 456 3178 quod
502 3109 552 3160 ct
588 3103 770 3178 stylus
807 3102 929 3176 ejus
976 3102 1145 3159 habet
1191 3102 1499 3175 quamdam
1552 3101 1840 3178 propriam
1882 3101 2081 3158 faciem
2111 3114 2213 3174 qua

302 3206 479 3280 possit
509 3204 734 3278 agnosci
761 3228 772 3272 ;
804 3210 858 3261 et
881 3203 1032 3277 quod
1059 3203 1139 3258 ibi
1163 3203 1342 3277 magis
1367 3208 1565 3260 contra
1598 3221 1692 3259 vos
1727 3208 1920 3259 nostra
1946 3219 2111 3259 causa
2129 3199 2212 3254 de-

303 3306 654 3361 monstratur
676 3303 1038 3376 invictior...,
1069 3322 1201 3360 cum
1228 3308 1458 3378 apparet
1485 3303 1542 3358 in
1561 3302 1764 3360 litteris
1797 3300 2054 3378 Cypriani
2073 3315 2210 3356 com-

305 3404 592 3460 municata
627 3422 750 3461 esse
800 3422 931 3461 cum
988 3403 1377 3480 peccatoribus
1427 3409 1798 3473 sacramenta,
1832 3421 1962 3460 cum
1990 3393 2208 3456 admissi

307 3512 437 3560 sunt
465 3505 523 3559 in
553 3505 861 3562 Ecclesiam
890 3505 1012 3579 qui,
1031 3505 1322 3561 secundam
1343 3512 1596 3574 vestram,
1627 3511 1698 3574 et,
1721 3505 1859 3559 sicut
1874 3502 2052 3571 vultis,
2071 3497 2206 3553 illius

306 3604 645 3674 sententiam,
689 3603 1037 3678 baptismum
1088 3621 1203 3660 non
1248 3603 1557 3676 habebant,
1600 3606 1870 3658 ettamen
1919 3592 2209 3655 Ecclesiam
