2306 4010
822 189 947 237 PARS
977 188 1215 236 SECUNDA.
1494 190 1513 224 -'
1871 182 1960 231 247

159 307 447 364 Cinnmus
484 304 1018 359 TunnnmmrA.—«
1046 295 1126 352 Ex
1161 293 1366 368 quibus
1402 297 1551 368 patet
1596 307 1766 365 quam
1804 297 1960 346 teme·

86 408 251 473 rorici,
275 413 600 477 quamquea
620 391 821 450 Christi
843 398 896 448 et
915 397 1236 473 sanctorum
1259 390 1483 446 Patrum
1509 386 1763 445 doctrina
1780 384 1959 443 aliena

88 502 321 562 assertio
377 493 810 556 adversariorum
867 489 938 546 sit
987 490 1380 561 asserentium,
1429 486 1745 563 apostolicae
1805 485 1960 542 Sedis

86 602 379 676 judicium,
411 571 578 653 iuliis
612 605 732 664 quae
757 586 884 644 fidei
916 595 1071 659 sunt,
1100 605 1211 642 non
1253 605 1376 644 esse
1418 593 1655 657 certum,
1686 602 1799 642 non
1834 599 1959 641 esse

0 714 1 718 ’
89 698 338 766 firmum,
377 692 470 751 sed
501 683 808 747 defectibile
837 687 891 738 et
921 682 1212 739 deviabile.
1246 683 1350 746 Qui
1385 701 1536 738 error
1574 681 1955 756 perniciosissi-

92 814 230 863 mus,
260 796 445 866 utpote
476 784 571 860 qui
601 781 755 837 Sedis
792 779 1112 855 apostolicae
1149 779 1523 848 definitiones,
1555 778 1683 835 fidei
1718 778 1960 835 declara·

95 893 290 960 tiones,
321 881 696 943 haereticorum
724 877 1135 946 damnationeS,
1174 893 1455 931 canonum
1483 876 1957 945 confirmationeS,

96 995 404 1047 sanctorum
425 976 887 1046 canonizationes,
917 974 1116 1031 dubias
1149 979 1201 1030 et
1237 973 1552 1044 ambiguaS,
1581 978 1631 1028 et
1649 991 1750 1047 per
1768 991 1959 1030 conse-

94 1094 260 1161 quens
284 1079 564 1149 suspectas
591 1073 657 1128 de
683 1072 924 1129 falsitate
949 1071 1208 1140 reddens,
1245 1070 1412 1126 fidem
1437 1074 1682 1138 enervat,
1713 1075 1765 1125 et
1786 1069 1960 1126 chris·

84 1177 287 1237 fianam
321 1171 643 1243 religionem
676 1170 940 1226 maculat.
977 1168 1074 1224 Hie
1112 1186 1261 1223 error
1300 1167 1405 1223 fuit
1435 1166 1753 1222 communis
1779 1167 1959 1221 omni-

80 1269 183 1328 bus
246 1266 516 1322 haereticis
541 1290 551 1332 ;
602 1271 665 1322 ut
724 1259 993 1340 depressa
1035 1264 1347 1339 apostolica}
1406 1263 1560 1319 Sedis
1601 1262 1958 1331 authoritate,

77 1362 351 1421 licentiori
387 1362 820 1436 praesumptione
856 1370 907 1418 et
946 1361 1176 1418 audacia
1208 1362 1265 1416 in
1301 1361 1417 1416 suis
1457 1365 1851 1432 grassarentur
1875 1375 1960 1413 er-

80 1460 294 1518 roribus
322 1482 347 1512 »
377 1461 461 1534 (cle
499 1459 744 1530 Ecclesia,
773 1459 917 1515 libro
949 1459 1012 1528 ll,
1041 1458 1218 1534 capite
1252 1478 1332 1527 cx,
1362 1458 1418 1511 in
1443 1458 1571 1513 fine.
1596 1489 1664 1497 —-
1691 1456 1901 1510 Citatus
1929 1471 1958 1509 a

0 1584 3 1595 ⁸
79 1557 396 1630 RocabertO,
429 1560 490 1614 (Ie
514 1559 895 1630 Infallibilitctte
918 1558 1141 1614 Romani
1169 1558 1462 1628 Pontificis,
1483 1556 1625 1612 libro
1644 1556 1686 1626 1,
1718 1555 1896 1628 capite
1918 1574 1957 1624 1,

78 1671 134 1712 n.
172 1655 287 1728 19).

149 1749 404 1806 Donmccs
432 1772 461 1806 A
489 1752 678 1807 SANCTA
707 1752 986 1823 Tamum,
1014 1785 1081 1793 —
1110 1751 1465 1807 Carmelitani
1507 1748 1721 1810 ordinis
1756 1747 1959 1803 discal-

77 1851 210 1907 ceati
239 1850 458 1924 fulgens
488 1853 678 1908 sidus:
710 1873 738 1905 «
778 1853 936 1907 Solus
967 1851 1214 1907 Pontifex
1255 1852 1466 1923 absque
1523 1848 1760 1906 concilio
1795 1865 1956 1920 gene-

74 1946 197 2018 rali,
224 1948 270 2004 si
305 1956 364 2005 ut
391 1949 655 2019 Pontifex,
685 1967 806 2020 seU,
843 1956 907 2006 ut
944 1950 1171 2019 dicitur,
1220 1967 1284 2005 ex
1310 1948 1571 2004 cathedra
1603 1947 1860 2002 decernat
1897 1946 1954 2000 in
2038 1998 2040 2000 .

71 2041 254 2100 dubiis
281 2045 409 2101 fidei
438 2046 840 2118 quaestionibus
865 2047 1209 2117 definiendis,
1238 2047 1438 2119 gaudet
1470 2044 1761 2119 privilegio
1792 2042 1955 2099 infal-

67 2138 362 2198 libilitatis.
389 2144 688 2200 »Deductis
708 2145 766 2199 in
798 2145 1183 2219 probationem
1218 2145 1589 2218 argumentis,
1618 2145 1693 2198 ita
1718 2142 1952 2216 subjun-

69 2236 146 2308 git
176 2256 237 2289 :«
258 2239 321 2294 Ut
355 2240 688 2309 existimem,
718 2259 829 2297 non
862 2242 1044 2297 solum
1078 2243 1215 2297 hanc
1255 2241 1543 2298 veritatem
1567 2241 1953 2318 universalita-

69 2332 142 2387 tis
163 2334 459 2406 prilnatUS,
480 2335 575 2390 sed
601 2342 649 2391 et
678 2337 1096 2393 infallibilitatis
1127 2339 1238 2392 sive
1259 2337 1532 2410 privilegii
1570 2338 1948 2392 Romanorum

68 2428 393 2485 Pontificum
419 2450 529 2486 non
564 2433 784 2487 errandi
812 2434 868 2487 in
903 2435 1070 2490 rebus
1107 2434 1254 2503 fidei,
1286 2435 1384 2490 ubi
1419 2452 1484 2490 ex
1519 2434 1779 2489 cathedra
1823 2434 1950 2489 illas

68 2524 360 2607 definiunt,
382 2533 642 2599 pertinere
669 2531 736 2586 ad
769 2532 925 2602 fidem
958 2549 1189 2604 esseque
1241 2532 1438 2588 saltem
1471 2534 1642 2604 quoad
1670 2550 1725 2587 se
1750 2533 1813 2586 (Ie
1840 2549 1949 2587 cor-

66 2640 190 2705 pore
240 2627 650 2694 credemlorum;
709 2630 1185 2687 sufficientissime
1231 2631 1455 2704 quidem
1501 2630 1839 2686 insinuatam
1891 2629 1947 2684 in

67 2720 239 2774 sacris
266 2722 396 2777 Novi
424 2724 757 2781 Testamenti
786 2727 1104 2801 scripturis,
1119 2729 1275 2800 juxta
1292 2728 1602 2802 praeallatas
1620 2734 1943 2783 sanctorum

66 2813 287 2872 hirum
327 2822 749 2894 explicationes;
781 2825 1069 2883 formalius
1098 2832 1285 2883 autem
1312 2833 1365 2883 et
1391 2827 1709 2902 expressius
1740 2827 1945 2883 revela-

0 2927 3 2963 ς
71 2915 183 2966 tam
209 2930 240 2968 a
262 2915 472 2974 Christo
495 2920 722 2978 Domino
746 2922 891 2980 inter
917 2925 1054 2980 alias
1078 2925 1205 2980 fidei
1226 2925 1509 2993 veritateS,
1547 2943 1686 2997 quas
1711 2925 1945 2979 traditas

70 3009 434 3084 appellamuS,
455 3033 698 3090 quasque
720 3037 848 3076 suos
867 3022 1087 3077 edocuit
1109 3023 1404 3096 apostolos.
1419 3064 1454 3077 ..
1471 3023 1606 3077 Nota
1626 3040 1715 3076 me
1740 3020 1947 3075 dixisse

0 3085 10 3173 l
70 3104 212 3160 hanc
236 3113 479 3164 nostram
503 3116 831 3172 sententiam
857 3136 978 3175 esse
1005 3121 1071 3175 de
1088 3111 1194 3175 tide
1212 3122 1383 3192 quoad
1401 3138 1476 3174 se.
1506 3119 1560 3174 Si
1585 3119 1733 3174 enim
1763 3135 1945 3174 sermo

70 3201 140 3257 sit
167 3202 233 3258 dc
270 3203 362 3259 illa
396 3210 561 3276 quoad
602 3229 720 3281 noe,
755 3213 811 3269 id
847 3215 1122 3272 affirmare
1164 3235 1280 3271 non
1317 3216 1520 3282 ausim,
1555 3233 1684 3271 cum
1739 3215 1941 3271 nullibi

69 3316 323 3374 expresse
348 3309 440 3357 aut
470 3304 618 3360 clare
644 3308 890 3380 definita,
925 3314 1301 3386 omnibusque
1337 3313 1594 3369 fidelibus
1619 3313 1687 3368 ad
1713 3313 1941 3370 creden·

67 3396 197 3453 dum
225 3402 506 3474 proposita
547 3405 875 3479 reperiatur.
922 3409 1074 3465 Unde
1098 3411 1166 3465 ab
1204 3411 1391 3465 haeresi
1431 3412 1641 3482 formali
1682 3412 1934 3468 excusari

67 3502 298 3567 possunt
326 3515 388 3552 ac
420 3498 617 3555 debent
649 3519 843 3558 omnes
885 3502 1132 3559 doctores
1179 3505 1440 3562 catholici
1469 3507 1566 3580 qui
1596 3508 1933 3564 contrariam

67 3588 281 3665 docent,
309 3596 500 3668 procul
519 3597 689 3654 dubio
722 3599 899 3672 parati
927 3599 1082 3655 illam
1116 3601 1452 3676 relinquere,
1473 3605 1521 3663 si
1543 3611 1733 3664 nostra
1764 3607 1935 3665 semel
