2262 3990
890 156 1019 205 PARS
1049 154 1252 204 mum.
1913 153 2001 200 507

141 271 294 330 sibus
315 268 760 326 extraordinariis
788 283 819 323 a
839 263 1074 324 concilio
1097 259 1499 320 constantiensi
1532 259 1870 317 memoratis.
1897 258 2004 316 Sed

133 369 301 425 inane
329 367 535 442 pariter
578 363 731 422 istud
758 362 1050 435 effugium.
1084 360 1222 417 Nam
1253 361 1420 434 primo
1445 357 1612 415 verba
1634 356 1883 429 canonis,
1909 364 2001 415 ut-

135 471 262 539 pote
286 462 585 537 generalia,
611 477 772 517 casus
789 476 1003 529 omnes,
1020 455 1249 532 proinde
1261 462 1317 512 et
1346 452 1837 523 extraordinariOS,
1855 471 2004 511 com·

133 561 448 638 prehendit.
468 561 584 615 Non
613 558 747 615 dicit
772 574 969 628 canon,
998 578 1025 609 «
1061 556 1109 612 si
1133 572 1242 629 qua
1265 551 1639 611 controversia
1661 552 1954 623 ordinaria,
1978 573 2005 604 »

132 657 229 714 sed
252 655 571 731 impliciter,
594 656 639 710 si
664 671 770 726 qua
788 653 1154 708 controversia.
1187 650 1446 718 Secundo,
1479 648 1527 704 si
1549 647 1849 704 concilium
1867 652 2011 705 esset

130 771 296 828 supra
326 753 525 827 Papam
561 750 619 806 in
643 749 864 806 casibus
892 748 1355 813 amram-dinariis,
1389 765 1420 801 a
1452 745 1668 802 fortiori
1701 751 1754 803 et
1782 745 1839 800 in
1866 746 2006 802 ordi-

129 853 319 906 nariis,
345 849 448 913 Qui
497 846 644 903 enim
680 849 763 901 est
797 842 1053 918 superior
1081 842 1137 897 in
1166 842 1515 915 gravioribus
1541 843 1747 911 causiS,
1772 862 1887 899 non
1909 844 2006 900 de-

124 946 257 1002 sinit
281 961 398 1002 esse
426 942 679 1016 superior
702 941 760 995 in
786 939 1126 1012 vulgaribus,
1155 939 1217 994 Et
1246 945 1470 995 notetur
1497 939 1556 994 in
1589 957 1801 998 canone
1826 941 1912 1014 agi
1937 941 2005 998 de

119 1059 286 1098 causa
320 1045 508 1095 contra
539 1039 736 1112 Papam
773 1055 896 1110 quae
920 1037 1167 1094 defertur
1187 1037 1255 1092 ad
1283 1036 1690 1094 oecumenicam
1724 1039 1999 1113 synodum

108 1138 224 1211 jam
243 1136 552 1206 collectam,
573 1140 626 1191 et
652 1134 720 1190 de
749 1153 858 1207 qua
882 1135 1126 1209 synodus
1148 1135 1266 1208 jam
1287 1151 1523 1189 examen
1546 1133 1808 1191 instituit.
1833 1137 2000 1192 Porro

115 1231 433 1287 nullatenus
456 1232 723 1303 impudens·
751 1231 859 1287 dici
887 1239 1067 1305 posset
1097 1231 1426 1287 sententiam
1457 1230 1514 1285 in
1555 1230 1652 1286 tali
1680 1249 1845 1287 causa
1872 1249 2000 1287 con-

116 1335 202 1385 tra
233 1329 432 1402 Papam
463 1347 493 1384 a
529 1328 766 1384 concilio
786 1311 1171 1402 pronuntiari,
1204 1330 1252 1384 si
1294 1347 1481 1385 revera
1511 1328 1814 1385 concilium
1856 1335 2000 1386 esset

120 1443 287 1500 supra
326 1427 525 1500 Papam
576 1426 634 1482 in
673 1426 1036 1499 gravioribus.
1082 1427 1204 1484 Ideo
1257 1427 1430 1499 igitur
1480 1432 1682 1483 octavae
1721 1428 1998 1499 generalis

115 1524 308 1598 synodi
350 1524 539 1580 Patres
573 1525 904 1597 impudentiae
929 1524 1252 1581 adscribunt
1287 1526 1334 1581 si
1370 1526 1674 1582 concilium
1709 1533 1887 1582 contra
1916 1545 1995 1582 se-

117 1622 278 1675 nioris
307 1621 484 1676 Romae
511 1621 795 1693 Pontifices
831 1625 1142 1678 sententiam
1183 1624 1342 1694 dicat,
1374 1626 1500 1696 quia
1536 1641 1868 1697 persuasum
1896 1625 1998 1680 ha-

113 1715 241 1771 bent
269 1717 483 1772 nullum
510 1735 741 1791 prorsus
773 1719 1017 1791 generali
1045 1720 1282 1776 concilio
1300 1720 1395 1793 jus
1431 1721 1488 1775 in
1519 1721 1831 1776 Romanum
1866 1721 1999 1775 Pon-

116 1811 318 1867 tificem
353 1821 683 1887 competere.

187 1907 340 1962 Certa
375 1908 542 1980 igitur
579 1908 862 1965 conclusio
889 1911 1002 1964 htec
1027 1931 1036 1963 :
1064 1911 1121 1964 In
1153 1910 1402 1965 conciliis
1427 1909 1782 1983 generalibus
1814 1929 1992 1984 usque

111 2001 182 2058 ad
214 2010 488 2073 octavum,
517 2005 734 2060 nullum
767 2005 1045 2080 reperitur
1065 2006 1362 2078 vestigium
1393 2008 1671 2082 opinionis
1699 2027 1822 2082 quae
1862 2027 1992 2065 con-

115 2100 288 2155 tendit
325 2102 623 2157 concilium
667 2121 787 2159 esse
828 2122 998 2176 supra
1030 2103 1259 2176 Papa1n;
1310 2110 1365 2159 et
1391 2111 1613 2161 econtra
1640 2125 1870 2180 prorsus
1904 2124 1992 2161 ex-

118 2195 269 2267 plosa
303 2198 575 2269 reperitur
613 2199 801 2254 cadem
837 2200 1022 2273 opinio
1053 2200 1110 2253 in
1151 2201 1491 2256 oecumenica
1526 2208 1714 2258 octava
1760 2203 1988 2276 synode,

118 2290 390 2362 siquidem
423 2293 480 2346 in
509 2293 671 2349 citato
704 2312 914 2350 canone
939 2297 1360 2368 pronuntiatur,-
1395 2315 1506 2352 non
1534 2298 1796 2353 illicitum
1834 2299 1992 2354 dum-

121 2393 289 2456 taxat,
330 2389 426 2444 sed
451 2396 501 2445 ct
536 2392 802 2462 impudens
837 2392 953 2448 sore
983 2398 1338 2462 attentatum,
1372 2394 1418 2449 si
1449 2394 1790 2451 oecumenica
1830 2413 1989 2470 syno-

114 2480 219 2536 dus
250 2485 578 2540 sententiam
621 2491 811 2542 contra
861 2488 1172 2544 Romanum
1203 2490 1526 2547 Pontificem
1567 2491 1752 2548 dicere
1778 2503 1988 2566 praesu-

112 2586 308 2634 meret..

183 2676 510 2732 Ancumzn‘rmt
535 2678 598 2732 11.
621 2681 789 2736 —Ex
805 2681 1001 2754 aliquot
1027 2683 1348 2740 documentis
1367 2689 1704 2759 ᾳιιεερικὶυει·
1711 2696 1799 2743 unt
1826 2689 1989 2743 schis-

119 2750 244 2824 n’iati
276 2774 445 2828 saeculi
482 2794 562 2829 xiv
606 2786 656 2832 et
697 2776 1086 2835 Constantiensi
1128 2783 1371 2837 coneilio.
1404 2782 1548 2838 —Si
1577 2790 1703 2840 ante
1727 2784 1989 2840 Constan-

122 2864 351 2921 tiensem
392 2871 664 2942 synodum
695 2873 929 2947 viguerit
956 2883 1008 2933 et
1034 2895 1131 2950 pro
1163 2878 1480 2936 indubitato
1506 2888 1792 2954 1eccptu1n
1823 2881 1990 2938 suerit

123 2959 457 3036 principium
483 2965 653 3038 istud,
684 2970 884 3044 Papam
922 2975 1052 3030 nulli
1077 2977 1304 3032 {tuniano
1334 2979 1577 3032 tribunali
1608 2980 1871 3049 subjacere
1901 2996 1991 3035 nec

111 3073 268 3128 posse
292 3059 352 3111 ab
375 3059 662 3118 homiuibus
682 3065 930 3137 judicari,
954 3070 1151 3126 merito
1181 3072 1511 3144 colligemus
1536 3072 1784 3146 ignotam
1820 3074 1989 3131 fuisse

124 3151 440 3225 opinionem
470 3174 592 3228 quae
634 3160 867 3217 concilio
909 3166 1150 3235 generali
1185 3168 1278 3240 jus
1314 3169 1780 3226 etauctoritatem
1821 3189 1985 3246 supra

117 3248 316 3321 Papam
363 3250 647 3308 adscribit.
692 3256 859 3312 Porro
893 3265 1045 3316 extra
1091 3280 1311 3320 omnem
1353 3267 1782 3324 controversiam
1812 3268 1984 3326 fuisse

125 3346 414 3418 praefatum
452 3349 812 3424 principium,
847 3353 1105 3414 evincunt
1139 3359 1389 3432 subjecta
1421 3361 1753 3421 documenta
1786 3385 1799 3419 ε
1832 3365 1979 3424 vide-

117 3439 242 3497 licet
272 3465 284 3496 ε

170 3537 246 3614 ⁴1⁰
266 3536 491 3601 Quando
517 3542 582 3598 ad
612 3541 916 3603 Romanam
954 3548 1225 3623 synodum
1258 3551 1345 3621 111,
1382 3554 1700 3630 impellente
1736 3557 1978 3619 Theodo-
