2306 4010
321 189 413 236 244
762 166 764 168 ’
994 178 1297 228 TRAGTATUS
1327 179 1394 226 DE
1417 180 1574 227 PAPA.

326 314 633 364 «romeam,
667 298 730 349 ut
750 278 959 345 'merito
986 286 1166 360 possit
1202 287 1462 344 Ecclesiae
1498 285 1740 367 judicio=
1763 285 2024 345 haeretica
2062 289 2282 347 decla->4

326 417 354 448 «
380 394 495 450 rari
523 412 550 442 «
585 387 1011 461 (Recoynitiones
1039 383 1391 455 Bellarmini‚
1415 383 1771 460 initioprimi
1794 385 2122 458 voluminiS‚
2146 404 2240 462 po-
2277 399 2281 401 “

322 491 442 547 sitae
483 488 540 541 in
587 483 834 541 editione
866 482 1135 556 Pragensi
1170 483 1304 540 anni
1337 483 1512 555 1721,
1542 501 1788 540 numero
1817 483 1935 550 28).
2188 468 2190 471 ¹

393 587 455 642 In
497 585 666 640 citato
696 582 841 638 libro
868 582 952 654 lv,
996 583 1178 658 capite
1209 603 1244 639 11
1280 588 1558 641 tractatus
1589 581 1680 640 sui
1733 583 1797 639 de
1826 583 2069 640 Romano
2102 584 2242 643 Pon·
2267 614 2281 667 ²,

320 688 479 758 titire,
533 682 611 740 ita
650 681 905 757 primum
958 681 1268 758 scripserat
1310 683 1462 739 idem
1510 682 1890 739 Bellarminus
1922 703 1933 737 :
1960 668 2002 735 ³«
2031 683 2250 751 Quarta?

320 807 347 838 «
378 782 659 847 sententia
697 787 880 852 est...‚
918 774 1246 839 Pontificem
1289 801 1404 839 non
1446 801 1611 858 posse
1652 781 1770 839 ullo
1803 782 1970 839 modo
2004 781 2261 852 definire„

320 904 347 935 «
379 881 596 956 aliquid
617 879 947 937 haereticum
975 900 1005 937 a
1032 886 1149 937 tola
1174 880 1423 938 Ecclesia
1450 881 1819 938 credendum.
1850 880 1976 937 Haec
1993 878 2076 937 est
2091 898 2262 938 com··

319 1005 345 1036 «
379 980 722 1038 munissima
759 983 938 1054 opinio
974 980 1091 1036 fere
1130 980 1387 1037 omnium
1430 980 1864 1038 catholicorum.
1907 1001 1935 1034 »

391 1083 585 1139 Postea
624 1097 754 1136 vero
795 1097 988 1135 vocem
1030 1079 1187 1135 illam
1218 1080 1402 1153 {opinio
1447 1097 1557 1153 qua
1583 1097 1882 1155 perperam
1913 1099 2053 1136 usus
2095 1085 2269 1150 erat,'

316 1180 560 1238 correxit
604 1181 709 1236 hoc
757 1178 924 1234 modo
953 1200 964 1233 :
998 1199 1025 1231 «
1056 1177 1155 1234 Ubi
1191 1177 1404 1235 dicitur
1434 1200 1443 1231 :
1478 1177 1600 1235 Haec
1651 1185 1735 1235 est
1772 1178 2238 1236 communissima

319 1301 347 1332 «
383 1281 563 1352 opinio
598 1269 724 1334 fere
755 1277 1013 1337 omnium
1046 1276 1452 1333 catholicorum
1478 1298 1488 1330 :
1514 1277 1723 1335 rectius
1750 1263 2194 1335 dictum‘fuisset
2223 1299 2234 1331 :
2268 1326 2270 1330 .

318 1401 346 1432 «
378 1381 496 1434 haec
519 1383 602 1433 est
632 1374 1106 1432 communissima
1141 1379 1426 1432 sententia.
1462 1377 1662 1452 Opinio
1701 1379 1855 1435 enirn
1886 1378 2242 1435 incertitudi-

319 1499 346 1531 «
376 1495 508 1533 nem
542 1475 733 1531 habet.
763 1475 899 1529 Earn
925 1491 1053 1530 vero
1083 1475 1424 1532 sententiam
1451 1483 1664 1533 certam
1686 1494 1809 1533 esse
1830 1477 2138 1547 credimus,
2163 1483 2243 1533 at-

319 1598 345 1630 «
378 1594 488 1649 quc
514 1580 578 1630 ut
596 1574 769 1631 talem
790 1573 850 1628 in
868 1574 1130 1647 sequenti
1145 1574 1329 1650 capite
1350 1574 1710 1632 defendimus
1734 1596 1762 1628 »
1789 1575 2239 1649 (RecoqnitioneS,

319 1692 558 1730 numero
585 1673 703 1740 27).
1352 1731 1357 1735 ,
1614 1729 1618 1731 ,
1922 1727 1925 1730 ,
2261 1673 2264 1679 ’

395 1774 534 1845 Ergo
566 1773 943 1829 Bellarminus
989 1772 1312 1847 opinionem
1355 1773 1423 1830 de
1462 1773 1700 1830 Romani
1733 1774 2014 1835 Pontificis
2053 1793 2118 1831 ex
2162 1793 2257 1832 ca-

318 1871 522 1929 thedra
549 1871 715 1927 fidem
749 1871 1002 1927 docentis
1042 1871 1381 1929 fallihilitate
1422 1872 1813 1948 pronuntiavit
1847 1875 2130 1946 orzartifeste
2163 1892 2266 1930 er·-

319 1990 535 2028 roneam
560 1979 611 2027 et
635 1972 823 2026 haeresi
837 1973 1175 2043 proximczm5
1209 1989 1273 2026 ac
1296 1971 1535 2047 insuper
1566 1973 1825 2030 eamdem
1857 1973 2040 2049 quoad
2061 1991 2120 2030 se
2142 1992 2239 2031 seu

321 2071 679 2127 materialiter
701 2074 1032 2144 spectatam,
1058 2069 1328 2144 judicavit
1351 2071 1678 2139 haereticam,
1715 2071 1999 2143 siquidem
2025 2071 2241 2129 censuit

323 2189 444 2228 eam
481 2169 739 2226 Ecclesiae
771 2169 987 2242 judicio
1046 2186 1210 2244 posse
1247 2169 1548 2224 haereticam
1590 2169 1875 2225 declarari.
1922 2171 2042 2226 Non
2091 2170 2244 2227 enim

323 2275 507 2345 potest
541 2266 788 2323 Ecclesia
819 2268 1127 2323 haereticum
1154 2266 1462 2336 declarare,
1484 2265 1597 2322 nisi
1625 2266 1776 2339 quod
1795 2261 1913 2340 jam
1941 2274 2023 2323 est
2040 2285 2230 2324 revera
2261 2266 2268 2271 ’

324 2367 380 2422 in
413 2385 473 2423 se
510 2385 573 2422 ac
613 2365 990 2422 materialiter
1026 2365 1380 2422 haereticum.
2225 2432 2229 2435 ι

398 2465 608 2522 SUAREz.
628 2497 698 2504 —
718 2486 746 2518 «
777 2465 983 2522 Veritas
1015 2465 1273 2521 catholica
1302 2471 1403 2536 est,
1431 2464 1754 2522 Pontificem
1786 2465 2150 2524 definientem
2179 2483 2250 2523 ⁴e«

324 2565 590 2622 cathedra
636 2582 762 2620 esse
791 2565 1044 2638 regulam
1078 2563 1225 2635 fidei,
1267 2583 1392 2638 quae
1433 2582 1623 2621 errare
1667 2583 1782 2622 non
1809 2571 1993 2641 potest
2023 2551 2243 2640 quand

326 2661 545 2734 aliquid
579 2662 902 2718 authentice
947 2662 1208 2737 proponit
1250 2663 1531 2719 universae
1571 2662 1828 2719 Ecclesiae
1861 2669 2133 2736 tanquam
2184 2664 2242 2722 de,

326 2761 436 2816 fide
470 2759 656 2815 divina
684 2760 1051 2816 credendum.
1085 2760 1166 2817 Ita
1199 2760 1399 2817 docent
1430 2761 1534 2816 hoc
1566 2767 1821 2836 tempore
1849 2780 2029 2818 omnes
2058 2764 2239 2826 catho¹

326 2859 423 2916 lici
453 2859 731 2915 doctores,
762 2858 826 2914 Et
855 2877 1053 2916 censeo
1082 2876 1203 2915 esse
1233 2877 1355 2915 rem
1385 2860 1448 2915 (Ie
1466 2861 1571 2932 fide
1599 2868 1794 2916 certam
1820 2882 1847 2914 »
1872 2862 2144 2935 (tractatu
2172 2861 2232 2917 D

328 2959 454 3030 sicle,
489 2958 873 3034 disputatione
901 2958 964 3028 V,
1007 2958 1256 3016 sectione
1289 2978 1394 3029 vm,
1427 2978 1485 3015 n.
1533 2960 1613 3033 4).
2299 2942 2302 2956 ’

410 3079 438 3111 «
471 3057 655 3114 Ausus
688 3062 770 3114 est
803 3056 990 3114 dictus
1023 3058 1273 3132 Rogerus
1311 3059 1674 3134 respondere,
1709 3078 1824 3117 non
1863 3079 1981 3118 esse
2029 3062 2097 3119 de
2135 3061 2240 3118 fdus<

333 3163 575 3228 certum,
619 3155 942 3213 Pontificem
993 3156 1352 3215 definientem
1394 3158 1517 3214 sine
1558 3159 1798 3216 concilio
1851 3160 2101 3232 generali
2135 3177 2226 3216 no
2279 3156 2281 3162 ⁴

335 3273 496 3330 posse
521 3273 731 3312 errare.
766 3255 872 3312 Sed
898 3260 981 3313 est
1013 3257 1333 3333 responsio,
1369 3275 1482 3313 non
1524 3258 1710 3315 solum
1741 3259 1914 3315 nimis
1948 3259 2208 3316 temerari
2301 3241 2305 3312 J

334 3355 430 3410 sed
461 3356 631 3428 etiam
656 3374 884 3412 erronea
904 3378 919 3410 .-
941 3374 1073 3413 nam
1100 3355 1231 3414 licet
1256 3356 1391 3414 olim
1420 3357 1656 3414 fortasse
1681 3357 1860 3431 aliqui
1888 3357 2143 3415 doctores
2207 3341 2287 3416 z}

333 3451 529 3508 tholici
555 3454 771 3528 (abludit
801 3455 872 3511 ad
910 3455 1198 3513 Gersonem
1231 3462 1283 3511 et
1317 3454 1453 3512 alios
1493 3453 1727 3529 tempore
1760 3456 1963 3513 concilii
1998 3455 2254 3513 Consta
2293 3532 2295 3535 ι

338 3548 536 3622 tiensis)
592 3552 714 3609 sine
751 3553 1063 3628 pertinacia
1102 3553 1162 3610 in
1211 3554 1318 3610 hoc
1360 3553 1743 3611 dubitaverint
1782 3554 1870 3611 vel
1908 3532 2295 3610 erraverim?

335 3642 445 3715 jam
471 3644 603 3702 vero
636 3653 754 3704 tam
785 3658 868 3708 est
901 3657 1166 3710 constans
1202 3651 1830 3722 EcclesiaeconsenSUS,
1873 3656 1926 3708 et
1955 3635 2247 3707 catholica?²
2287 3647 2293 3692 ἶῖ
