2262 3990
283 77 371 126 596
958 65 1256 114 TRACTATUS
1287 66 1354 114 DE
1384 66 1528 114 PAPA.

283 185 528 242 ritatem.
551 181 687 236 Item
706 192 807 251 per
827 174 994 231 verba
1022 172 1162 245 haec,
1178 175 1252 230 sic
1267 191 1596 231 summorum
1619 182 2188 259 servaturaactoritas,

278 293 334 341 ut
379 285 434 338 in
493 277 636 334 nullo
686 275 1005 348 inferiorum
1050 279 1276 349 putetur
1323 274 1602 332 ivnminuta
1655 275 1892 348 libertae,
1943 281 2192 352 agnoseit

277 383 508 437 sanctus
531 375 634 431 Leo
673 372 872 451 synodi
896 371 1155 430 Patribus
1185 378 1503 448 competere
1530 372 1826 430 libertatem
1852 371 2194 443 dissentiendi

277 499 305 535 a
335 476 550 552 judicio
577 474 897 550 dogmatico
933 473 1174 531 Romani
1208 472 1511 532 Pontificis.

353 578 663 653 Respomleo
689 599 704 631 .·
735 576 790 633 1ο
813 565 961 632 Dixit
995 575 1227 650 quidem
1259 575 1311 632 S.
1340 575 1444 632 Leo
1496 577 1885 634 irretractabile
1918 576 2188 651 judicium
2240 575 2242 591 ³

272 698 443 737 suum
475 679 593 754 jam
619 697 649 735 a
674 676 912 735 concilio
948 677 1351 734 confirmatum
1381 701 1391 746 3
1425 676 1523 734 sed
1551 695 1667 734 non
1700 675 1844 734 dixit
1879 677 2023 736 illud
2041 687 2205 742 antea?

272 798 375 837 non
404 780 567 853 fuisse
606 777 1016 835 irretractabile.
1051 777 1167 833 Imo
1197 775 1413 852 pluries
1439 775 1838 851 obligatorium
1865 778 2048 853 quoad
2081 775 2208 839 om..

270 897 370 936 nes
397 879 567 935 hocce
595 875 878 954 judicium
907 854 1089 933 suum0
1109 875 1357 933 edixerat
1390 881 1519 933 ante
1561 875 2075 935 Chalcedonensem
2102 898 2198 958 εγω
2243 862 2247 870 ἶ

230 1039 232 1041 ‚
271 980 510 1049 nodum,
554 985 608 1036 et
636 977 1006 1054 prohibuerat
1044 995 1115 1034 ne
1150 976 1209 1032 in
1255 976 1378 1052 ipsa
1405 977 1576 1034 etiam
1604 978 1815 1055 synodo
1850 978 1919 1036 de
1966 978 2068 1037 hac
2095 991 2188 1042 sua‘
2244 991 2247 1056 j

270 1078 595 1136 definitione
615 1084 888 1152 tanquam
925 1078 1128 1133 incerta
1150 1076 1239 1133 vel
1269 1077 1427 1133 dabla
1456 1075 1890 1153 disceptaretur.
1920 1078 2186 1152 Equidem
2247 1139 2249 1141 .

270 1176 486 1234 inventi
535 1182 668 1233 sunt
710 1174 1088 1231 nihilominus
1132 1175 1373 1231 nonnulli
1411 1176 1493 1251 (ut
1535 1175 1656 1251 ipse
1687 1174 1809 1251 ait),
1854 1176 1951 1250 qui
1983 1177 2050 1234 de
2090 1178 2188 1238 islo

263 1277 500 1354 judiciO,
526 1275 688 1351 quasi
708 1293 819 1332 non
844 1280 990 1332 esset
1020 1282 1185 1346 certa,
1215 1274 1311 1332 sed
1335 1273 1524 1350 potius
1555 1293 1793 1332 erronea
1820 1275 1949 1333 fidei
1977 1278 2184 1352 regula,
2243 1328 2246 1339 t

270 1379 583 1454 disceptare
634 1376 756 1434 ausi
807 1382 976 1443 sunt3
1036 1383 1091 1433 at
1145 1375 1357 1432 nedum
1411 1375 1468 1432 id
1506 1375 1637 1451 jure
1683 1376 1892 1433 factum
1933 1378 2190 1437 concedat
2246 1390 2250 1430 ζ

268 1482 499 1535 sanctus
526 1477 649 1547 LeO,
682 1452 944 1552 expresse
985 1474 1121 1532 dicit
1160 1494 1253 1532 eos
1290 1474 1601 1532 nonnullos
1637 1493 1670 1532 a
1698 1476 2042 1533 dissensionis
2073 1495 2188 1534 auc·

270 1586 380 1636 tore
407 1580 653 1635 incitatos
681 1578 865 1650 faisse.
897 1577 959 1634 Et
987 1576 1167 1649 addit,
1193 1594 1258 1633 ex
1286 1576 1389 1633 hoe
1413 1577 1587 1650 malo,
1626 1575 1682 1632 id
1717 1581 1825 1647 est,
1847 1593 1913 1634 ex
1941 1577 2046 1634 hac
2062 1574 2191 1634 non-

267 1677 556 1734 nullorum
620 1674 1105 1752 przevaricatione,
1158 1675 1459 1733 emersisse
1519 1676 1702 1750 majus
1764 1676 1997 1734 bonum.
2061 1676 2188 1734 Cum

267 1797 469 1853 nempe
503 1778 571 1833 de
599 1777 742 1833 facto
783 1775 963 1850 aliqui
1003 1774 1328 1833 obstiterint
1360 1781 1414 1832 et
1448 1774 1506 1830 in
1548 1775 1902 1834 contrarium
1947 1772 2208 1852 disputa!

264 1875 469 1946 verint,
503 1880 833 1931 creterorum
876 1893 1143 1931 assensus
1187 1894 1215 1930 a
1250 1875 1542 1931 malevolis
1577 1874 1689 1931 dici
1728 1894 1842 1933 non
1885 1876 2070 1952 potuit
2095 1893 2190 1952 per

263 1975 375 2030 vim
415 1981 666 2030 extortus
711 1981 807 2030 aut
846 1975 1157 2032 adulationi
1191 1976 1620 2035 adscribendus.
1664 1977 1966 2051 Diligenter
2001 1978 2190 2035 adver-

263 2075 430 2131 tenda
466 2081 549 2131 est
591 2075 688 2131 illa
724 2075 1115 2150 reprehensio,
1151 2094 1258 2151 qua
1290 2075 1425 2133 dicit
1469 2095 1498 2132 a
1542 2076 1762 2134 diabolo
1803 2078 2067 2135 incitatos
2098 2072 2213 2136 605
2252 2135 2255 2138 ,

263 2175 360 2248 qui
398 2176 467 2231 de
500 2194 602 2231 suo
635 2175 849 2249 judicio
888 2183 1134 2248 tanquam
1164 2178 1362 2233 incerto
1388 2176 1797 2254 disceptarunt.
1828 2180 1968 2236 Nam
1995 2179 2042 2236 si
2071 2179 2203 2254 ejus·

262 2274 643 2348 dogmaticum
687 2273 971 2348 judicium
1022 2292 1135 2330 non
1188 2273 1386 2331 suisset
1421 2277 1538 2350 jam
1591 2275 2023 2349 irretractabile,
2070 2279 2197 2352 jure-

264 2392 461 2431 omnes
501 2381 553 2432 et
583 2374 736 2431 licite
764 2375 1082 2450 potuissent
1113 2374 1257 2430 illud
1284 2382 1553 2450 tanquam
1591 2376 1775 2434 adhuc
1817 2377 2097 2435 incertum
2136 2382 2185 2436 et

263 2476 503 2533 dubium
535 2476 882 2552 expendere;
926 2483 979 2533 et
1019 2476 1306 2533 immerito
1338 2483 1564 2534 sanctus
1619 2477 1870 2536 Pontifex
1910 2477 2183 2554 ejusmodi

262 2596 494 2635 examen
518 2585 571 2635 et
603 2577 1069 2654 disceptationem
1100 2577 1371 2634 daemonis
1422 2576 1741 2634 incitationi
1767 2577 2179 2655 adscripsisset.
2254 2588 2255 2591 ’

258 2677 435 2750 Igitur
466 2679 675 2735 salsum
710 2684 792 2735 est
825 2685 1083 2735 sanctum
1113 2678 1349 2735 Leonem
1389 2679 1829 2736 irretractabilem
1855 2678 2198 2755 nonj}existi-·r

263 2796 449 2834 masse
470 2778 810 2836 sententiam
844 2797 1004 2835 suam
1030 2784 1158 2835 ante
1185 2796 1481 2835 assensum
1510 2778 1848 2836 concilii.-—
1874 2780 1928 2835 2⁰
1961 2779 2198 2836 Cont1·a-‹

261 2877 406 2932 riam
428 2875 609 2952 ipsius
635 2876 1062 2952 persuasionem
1091 2876 1275 2950 arguit
1302 2876 1561 2953 insuper,
1583 2885 1634 2935 et
1663 2877 2184 2936 manifestissimam
2254 2943 2257 2958 ,Ἴ

259 2978 394 3035 facit
428 2975 654 3043 modus,
689 2994 800 3051 quo
837 2976 958 3052 ipse
994 2976 1063 3032 de
1102 2994 1204 3032 sua
1249 2977 1552 3048 sententia,
1600 2979 1856 3035 nondum
1894 2998 1923 3035 a
1947 2958 2205 3036 concilio·
2259 2982 2262 3046 ξ

263 3076 915 3152 confirmata,loquitur.
950 3074 1298 3144 Qttaenostm,
1322 3077 1531 3151 inquit,
1554 3081 1703 3153 prius
1730 3081 2023 3137 ministerio
2046 3080 2204 3137 Deus2
2261 3059 2262 3102 3

262 3179 560 3250 definierat,
605 3196 720 3251 quae
754 3177 887 3249 fides
929 3178 1076 3249 prius
1117 3177 1394 3233 docuerat.
1427 3178 1531 3249 An,
1572 3197 1780 3253 quaeSO,
1818 3184 2045 3236 sanctus
2084 3178 2205 3235 Leo*
2258 3134 2262 3219 1

262 3276 487 3333 concilii
512 3275 773 3332 Patribus
795 3273 1016 3332 licitum
1046 3293 1110 3331 ac
1137 3274 1386 3332 liberum
1413 3275 1755 3334 existimavit
1790 3277 2089 3336 dissentire
2114 3276 2200 3334 ab·
2255 3229 2262 3325 1

262 3375 330 3432 iis
366 3395 474 3450 qaae
503 3376 646 3433 Deus
685 3376 940 3448 definivit,
980 3375 1049 3432 ab
1089 3372 1160 3431 iis
1185 3392 1299 3447 qnae
1326 3376 1458 3448 fide-s·
1485 3377 1697 3433 docuit?
1736 3376 1797 3433 ld
1845 3368 2202 3454 supponere,³
2255 3380 2257 3429 ἴ

263 3475 398 3545 quid
424 3476 579 3534 aliud
612 3482 757 3534 esset
775 3494 946 3551 quam
968 3474 1314 3532 dementiam
1342 3481 1535 3533 sancto
1559 3475 1810 3535 Pontifici
1831 3475 2180 3535 adscribere?
2254 3485 2257 3500 ³

262 3571 398 3629 Cum
428 3575 763 3635 sententiam
788 3578 973 3650 suani,
996 3574 1250 3634 nondum
1269 3593 1503 3634 assensu
1524 3576 1750 3636 concilii
1770 3577 2182 3647 confirmatam,
2255 3585 2262 3645 Ἀ

2259 3855 2262 3990 l
