2262 3990
820 182 947 232 PARS
977 179 1214 229 SECUNDA.
1865 169 1956 216 485

134 299 212 359 ·5.
239 296 394 364 Quod
422 301 607 352 autem
641 308 708 348 ex
742 289 842 347 tali
866 303 1094 346 erroneo
1122 285 1340 342 decreto
1363 279 1507 338 nihil
1531 282 1795 352 sequatur
1825 293 1957 333 con-

82 404 164 455 tra
208 389 621 451 infallibilitatis
665 385 1079 464 praerogativam
1118 382 1363 438 Romano
1402 373 1652 434 Pontifici
1686 372 1954 430 divinitus

83 508 424 559 concessam,
455 490 570 564 jam
597 502 765 561 supra
799 482 933 540 satis
958 486 1241 538 ostensum
1271 482 1375 534 est.
1919 472 1930 479 “

158 590 436 644 Pnoposmo
465 584 589 640 vlr.
620 614 689 625 —
716 581 927 638 Erravit
958 586 1010 635 et
1045 580 1237 650 injuste
1273 590 1386 631 sese
1414 573 1573 646 gessit
1613 567 1840 626 tribunal
1878 567 1976 623 In·-

85 686 399 759 quisitionis‚
423 681 693 740 Galilaeum
720 677 943 750 coyendo
969 676 1036 731 ad
1067 672 1407 746 abjurandam
1433 687 1499 726 ex
1523 670 1694 725 antimo
1720 682 1868 722 suam
1897 665 1963 723 cle

85 790 229 836 motu
263 787 418 836 terrae
443 779 753 852 opinionem.
782 806 852 815 —
876 773 931 827 1.
960 770 1114 834 Quod
1144 785 1336 824 revera
1364 767 1437 823 ita
1464 766 1747 822 Galilaeum
1777 781 1963 837 coege-

83 875 198 931 rint
236 872 548 929 Cardinales
594 866 1004 942 InquisitioniS,
1045 870 1195 939 patet
1235 882 1299 919 ex
1332 868 1521 918 tenore
1565 862 1853 917 sententiae
1894 859 1963 916 ab

83 968 233 1042 ipsis
250 967 637 1043 pronuntiatae‚
666 963 762 1020 ubi
790 962 869 1018 sie
895 961 1159 1017 habetur:
1197 959 1485 1014 Dummodo
1510 959 1657 1030 prius
1683 958 1838 1012 corde
1853 958 1963 1012 sin-

80 1083 196 1120 cero
237 1073 288 1120 et
320 1065 424 1135 lide
452 1081 554 1118 non
585 1064 707 1134 ficta
748 1078 922 1116 coram
958 1061 1100 1114 nobis
1143 1059 1345 1129 abjures
1380 1064 1427 1111 et
1467 1057 1742 1111 detesteris
1783 1072 1964 1128 supra-

80 1161 241 1215 dictos
281 1178 486 1215 errores
533 1169 583 1215 et
628 1159 865 1215 haereses‘.
900 1158 1035 1212 Item
1079 1156 1136 1211 in
1177 1153 1539 1227 abjurationis
1583 1152 1826 1208 formula
1870 1150 1961 1206 eui

78 1255 421 1312 subscribere
444 1262 667 1312 coaetus
701 1261 805 1324 est,
844 1257 959 1311 haee
985 1259 1288 1310 occurrunt
1316 1273 1326 1305 ε
1361 1251 1637 1307 Jucltcatus
1670 1268 1786 1305 sum
1810 1250 1956 1305 vehe-

76 1360 270 1408 menter
300 1361 565 1424 suspectus
601 1355 667 1408 de
697 1354 902 1421 haeresi,
935 1353 1169 1407 videlicet
1195 1352 1329 1423 quod
1361 1351 1611 1405 tenuerim
1645 1358 1694 1404 et
1724 1349 1959 1403 credide-

76 1450 172 1503 rim
196 1447 357 1503 solem
380 1467 492 1504 esse
519 1459 751 1506 centrum
768 1451 943 1505 mundi
969 1457 1018 1504 et
1043 1449 1373 1503 immobilem.
1406 1446 1471 1502 Et
1501 1455 1695 1501 terram
1721 1463 1823 1499 non
1850 1462 1963 1498 esse

79 1552 306 1600 centrum
333 1564 391 1601 ac
423 1549 634 1602 moveri.
668 1548 936 1602 Idcirco...
974 1546 1129 1601 corde
1161 1547 1357 1600 sincero
1386 1551 1433 1598 et
1456 1543 1560 1614 side
1593 1560 1698 1596 non
1722 1544 1847 1613 ficta
1872 1543 1961 1596 ab·

68 1665 260 1717 Jnro...
305 1646 630 1719 supradictos
662 1662 868 1699 errores
911 1651 959 1699 et
990 1645 1226 1698 haereseS.
1264 1640 1413 1696 Unde
1451 1658 1640 1696 revera
1674 1639 1959 1694 Galilaeum

78 1745 371 1812 coegerunt
402 1740 469 1794 ad
498 1739 883 1811 abjurandam,
923 1738 1089 1794 etiam
1116 1738 1333 1792 interne
1370 1742 1423 1791 et
1462 1753 1526 1819 ex
1555 1734 1764 1802 animo,
1798 1751 1958 1788 suam

77 1835 142 1890 de
172 1843 329 1893 terrae
367 1842 519 1891 motu
547 1835 886 1908 opinionem.

149 1933 204 1988 2.
236 1933 401 1989 Porro
436 1933 492 1987 in
528 1934 630 1987 hoe
667 1932 804 1986 mihi
838 1931 1057 1986 videtur
1090 1930 1299 1986 dictum
1334 1929 1583 1985 tribunal
1611 1927 1823 2000 aliquid
1852 1928 1957 1982 hu-

77 2030 224 2085 mani
243 2048 466 2104 passum
486 2046 621 2094 esse3
650 2047 763 2084 suae
785 2028 994 2084 seilicet
1012 2027 1301 2102 potestatis
1319 2025 1526 2081 limites
1553 2025 1875 2092 excessisse,
1901 2032 1956 2082 et
2039 2046 2046 2054 ·

79 2128 344 2199 injustum
367 2128 663 2194 exstitisse,
700 2144 811 2182 non
843 2127 1068 2199 quidem
1101 2143 1166 2180 ex
1190 2142 1354 2198 pravo
1373 2124 1488 2179 ullo
1513 2123 1740 2192 affeetu,
1772 2122 1868 2178 sed
1894 2140 1959 2177 ex

80 2240 283 2278 errore.
311 2224 598 2277 Enimvero
637 2223 838 2276 dietam
876 2221 1084 2276 Galilaei
1113 2220 1430 2293 opinionem
1465 2219 1713 2273 nondum
1748 2219 1956 2273 infalli-

81 2317 208 2372 bilis
243 2317 492 2371 Ecclesiae
519 2317 838 2385 auetoritaS,
878 2317 933 2371 id
965 2323 1070 2386 est,
1108 2315 1371 2370 Summus
1394 2315 1642 2369 Pontifex
1679 2332 1743 2369 ex
1771 2316 1958 2369 cathe-

82 2413 178 2467 dra
214 2413 463 2484 loquenS,
501 2430 787 2468 erroneam
825 2420 920 2468 aut
964 2412 1281 2468 haeretieam
1320 2411 1798 2484 pronuntiaverat.
1834 2412 1957 2485 Ipsa

78 2515 260 2563 autem
299 2509 671 2580 Inquisitionis
706 2510 1055 2583 congregatio
1083 2516 1295 2584 poterat
1322 2510 1547 2582 quidem
1586 2509 1652 2564 de
1696 2509 1799 2564 ista
1837 2509 1956 2582 opi-

80 2604 240 2659 nione
258 2606 531 2677 judicare,
565 2606 726 2678 eique
757 2614 914 2663 notas
939 2607 1269 2685 theologicas
1297 2625 1419 2679 quae
1445 2608 1609 2680 justae
1634 2606 1966 2662 viderentur

83 2699 263 2769 (etiam
310 2702 601 2773 haereseos)
646 2702 890 2773 inurere,
931 2710 982 2760 et
1024 2704 1316 2777 prohibere
1353 2704 1458 2759 sub
1498 2702 1676 2777 poenis
1717 2721 1784 2758 ne
1827 2703 1955 2774 quis

77 2811 198 2848 eam
229 2804 434 2850 externe
463 2807 851 2872 propugnaret.
884 2800 947 2855 At
976 2801 1078 2855 hoe
1118 2800 1295 2873 ipsius
1316 2799 1617 2872 judicium,
1645 2805 1835 2871 utpote
1863 2799 1950 2853 cui

82 2890 327 2945 nondum
368 2903 667 2951 accesserat
712 2899 925 2952 Summi
965 2899 1244 2954 Pontifieis
1285 2917 1348 2955 ex
1386 2898 1640 2954 cathedra
1674 2896 1952 2967 loquentis

79 2985 442 3054 confirmatio,
486 2991 800 3047 remanebat
837 2994 1088 3050 fallibile.
1127 2995 1381 3062 Proinde,
1420 3012 1518 3050 nee
1548 2993 1815 3060 Galilaeus‚
1853 3007 1953 3045 nee

77 3082 257 3154 quivis
298 3083 460 3152 aliuS,
503 3091 715 3157 poterat
749 3090 896 3161 juste
929 3091 1075 3162 adigi
1117 3098 1177 3146 ut
1207 3096 1408 3147 interne
1445 3099 1498 3147 et
1537 3109 1600 3144 ex
1639 3090 1825 3143 animo
1871 3088 1952 3142 illi

70 3181 279 3252 judicio
308 3181 626 3238 adhaereret.
655 3183 804 3240 Unde
833 3204 987 3242 sacra
1016 3188 1396 3270 inquisitionis
1434 3187 1814 3259 Congregatio,
1848 3187 1948 3242 Ga·
1994 3187 2012 3199 ⁸

78 3279 284 3334 lilaeum
320 3278 586 3350 adigendo
621 3286 683 3335 ut
713 3283 866 3338 corde
893 3286 1095 3339 sincero
1133 3294 1180 3340 et
1205 3287 1307 3357 fide
1344 3304 1446 3341 non
1483 3288 1604 3356 ficta
1631 3283 1948 3358 opinionem

78 3375 144 3430 de
182 3382 341 3431 terrae
384 3383 534 3432 motu
561 3377 855 3451 abjuraret,
896 3380 1062 3452 idque
1103 3389 1400 3454 antequam
1440 3382 1816 3439 Cardinalium
1846 3384 1946 3440 hae

77 3470 143 3526 de
171 3489 230 3526 re
264 3472 539 3544 judicium
584 3476 966 3534 confirmasset
1010 3485 1075 3533 ex
1113 3479 1371 3535 cathedra
1410 3479 1644 3552 loquens
1684 3479 1946 3538 Summus

78 3565 341 3637 Pontifex,
372 3571 655 3643 potestatis
685 3590 801 3629 suae
825 3572 1034 3631 limites
1062 3576 1315 3641 excessit,
1346 3593 1407 3632 ae
1434 3576 1638 3650 injuste
1662 3576 1790 3650 egit.
