2306 4010
806 212 930 260 PARS
958 210 1196 259 SECUNDA.
1861 205 1950 252 215

70 338 222 381 sores
248 319 475 376 Romani
508 318 817 376 Pontifices.
846 319 924 375 Ex
963 329 1075 393 quo
1097 318 1301 375 iterum
1325 319 1653 389 sequeretur
1681 313 1829 371 circa
1847 312 1948 370 Ec-

68 419 247 479 clesiae
274 414 725 475 constitutionem
742 423 1007 492 perpetuo
1031 433 1246 474 errasse
1265 415 1469 484 PatreS‚
1490 412 1745 483 concilia,
1771 417 1948 468 totam

71 515 310 587 denique
351 511 648 568 Ecclesiam
686 511 1035 580 catholicam,
1085 512 1175 567 cui
1213 517 1472 567 constans
1505 507 1794 584 persuasio
1842 506 1948 562 fuit

74 611 223 668 hisce
250 608 433 665 verbis
462 609 708 664 Romano
743 606 1017 678 Pontifici,
1046 607 1103 662 in
1147 607 1295 663 beati
1322 607 1467 662 Petri
1492 610 1749 680 persona,
1783 603 1951 660 colla·

74 714 184 766 tam
217 725 247 763 a
278 705 491 762 Christo
524 704 695 761 fuisse
742 704 948 776 plenam
977 708 1306 777 potestatem
1353 703 1727 759 universalem
1768 700 1951 756 Eccle-

16 853 21 858 .
74 805 212 863 siam
261 799 518 879 pascendi
544 819 608 857 ac
637 799 1005 875 gubernandi.
1038 800 1173 855 Item
1225 799 1568 855 mendaciter
1598 799 1754 855 Petro
1802 815 1953 854 com-

76 900 314 958 misisset
338 898 588 955 Christus
614 897 858 953 officium
886 895 1226 967 confirmandi
1259 896 1456 966 fratres
1480 911 1637 958 su033
1671 893 1948 967 siquidem

77 998 180 1054 hoc
216 995 459 1052 osticium
497 1011 606 1050 non
641 992 747 1068 ipsi
774 1010 963 1049 revera
1016 989 1409 1057 commisisset,
1455 988 1549 1044 sed
1589 995 1813 1044 econtra
1861 1007 1952 1045 vo-

77 1093 267 1150 luisset
307 1093 552 1167 ipsun1·a
583 1091 851 1147 f1atr1hus
883 1089 1084 1162 corrigi
1117 1093 1168 1144 ct
1218 1087 1274 1142 in
1305 1104 1434 1143 vcra
1464 1084 1570 1140 fide
1606 1085 1950 1141 confirmari.

77 1190 137 1247 Et
159 1190 382 1267 tandem
415 1190 635 1246 Petrum
666 1187 974 1262 decepisset
1009 1186 1258 1242 Christus
1296 1183 1554 1257 quando
1541 1182 1651 1260 lpsi
1674 1182 1836 1251 dixit,
1862 1183 1950 1237 tihi

77 1287 204 1343 dabo
250 1288 416 1342 claves
452 1289 596 1357 requi
630 1285 869 1340 coeloram
910 1291 959 1338 et
1002 1283 1350 1354 quodcumqae
1392 1281 1646 1348 solveriS,
1685 1286 1822 1345 etc.;
1878 1278 1957 1333 si-

81 1383 300 1456 quidem
327 1401 439 1438 non
468 1382 573 1454 ipsi
597 1387 649 1436 et
673 1379 1085 1436 successorihus
1111 1379 1229 1450 ejus
1256 1379 1314 1432 in
1341 1379 1586 1432 Romana
1613 1377 1747 1432 Sede
1773 1382 1958 1448 potes-

82 1484 247 1535 tatem
284 1481 426 1535 hanc
463 1477 809 1545 contulisset,
846 1475 940 1531 sed
985 1475 1297 1531 collectioni
1350 1474 1766 1547 Episcoporum.
1796 1471 1947 1527 Unde

86 1575 318 1631 crassior
356 1577 446 1630 illc
492 1573 940 1642 Gallicanismus,
973 1571 1070 1644 qui
1116 1589 1434 1646 supremam
1469 1570 1853 1626 auctoritatem
1894 1574 1947 1626 et

85 1667 530 1726 infallibilitatem
583 1669 639 1723 in
686 1668 881 1741 majori
933 1668 1327 1741 Episcoporum
1369 1684 1604 1723 numero
1656 1666 1945 1736 adscribit,

82 1765 247 1820 ctiam
303 1767 660 1823 dissentiente
707 1766 952 1820 Romano
1008 1764 1285 1832 Pontifice,
1339 1764 1580 1819 textibus
1623 1762 1953 1834 evangelicis

80 1870 266 1933 aperte
291 1864 637 1935 contradicit,
669 1867 721 1918 et
761 1862 982 1916 Patruni
1022 1862 1494 1933 conciliorumque
1531 1860 1695 1916 fidem
1729 1879 1792 1916 ac
1829 1860 1955 1917 doc-

76 1955 279 2010 trinam
307 1958 588 2013 subvertit.
615 1958 896 2029 Praeterea,
940 1957 983 2012 si
1025 1956 1391 2013 infallibilitas
1422 1963 1526 2013 stet
1555 1975 1722 2031 penes
1751 1957 1949 2013 collec-

76 2047 279 2105 tionem
311 2050 705 2124 Episcoporuin
743 2057 1016 2123 quatenus
1045 2070 1074 2106 a
1108 2052 1357 2108 Romano
1383 2052 1640 2108 Pontifice
1681 2052 1939 2122 divisam,

75 2144 430 2202 invictissime
461 2149 734 2220 sequitur,
764 2166 873 2204 non
894 2150 1141 2204 Romano
1166 2149 1435 2218 Pontifici,
1465 2150 1562 2205 sed
1594 2151 1723 2205 huic
1746 2151 1944 2206 collec-

79 2238 215 2293 tioni
229 2248 537 2311 competere
553 2260 845 2312 supremam
863 2243 1184 2299 definiendae
1197 2243 1323 2298 fidei
1346 2249 1697 2316 potestatem.
1714 2245 1946 2299 Proinde

79 2332 310 2387 Romani
335 2332 583 2410 Episcopi
623 2342 860 2408 potestas
893 2340 1006 2410 jam
1050 2355 1161 2393 non
1194 2338 1297 2393 erit
1324 2356 1588 2409 suprema,
1628 2345 1794 2410 prout
1819 2356 1949 2411 pro-

83 2428 349 2484 nuntiavit
375 2430 689 2487 Tridentina
711 2434 974 2506 synodus3
1001 2452 1102 2490 nec
1130 2434 1291 2507 plena
1318 2436 1386 2490 ad
1403 2437 1741 2508 pascendam,
1770 2455 1950 2509 reyen—

0 2596 1 2610 ἵ
82 2526 198 2580 dam
222 2534 271 2581 et
294 2528 673 2597 yabernandam
693 2531 1033 2585 universalem
1049 2531 1352 2603 Ecclesiam,
1372 2539 1535 2606 prout
1553 2533 1797 2588 definivit
1821 2551 1950 2589 con-

78 2621 265 2677 cilium
316 2622 691 2680 Florentinum
717 2648 729 2692 3
766 2627 859 2683 scd
886 2628 989 2684 erit
1015 2631 1234 2700 insertor
1258 2630 1482 2685 relative
1510 2629 1579 2685 ad
1608 2635 1938 2703 potestatem

75 2717 301 2791 hujusce
347 2719 707 2792 collectionis,
742 2728 793 2778 et
823 2724 873 2778 ei
906 2724 1134 2797 obsequi
1172 2725 1472 2783 tenebitur.
1501 2725 1607 2783 Nec
1638 2728 1933 2801 objiciatur

72 2813 580 2892 RomanoEpiscopo
611 2836 895 2876 remanere
924 2840 1220 2895 supremam
1243 2829 1569 2897 potestatem
1603 2825 1831 2882 relative
1859 2826 1929 2882 ad

77 2927 526 2987 unumquemque
549 2915 874 2991 Episcopum
915 2918 1268 2991 singulariter
1300 2927 1612 2995 sumptum,
1650 2922 1780 2978 licet
1815 2941 1927 2977 non

76 3008 296 3066 relative
326 3013 390 3067 ad
419 3031 606 3070 eorum
643 3015 1040 3072 collectionem.
1073 3019 1209 3074 Nam
1238 3020 1284 3076 si
1305 3019 1552 3075 fallibilis
1579 3022 1697 3094 ipsc
1720 3020 1934 3089 sit,non

77 3106 347 3163 tenebitur
368 3112 751 3184 unusquisque
770 3113 1069 3188 Episcopus
1103 3115 1209 3188 ipsi
1228 3115 1393 3171 fidem
1422 3116 1765 3190 praecipienti
1805 3116 1934 3172 obe-

77 3195 219 3268 dire;
261 3219 358 3257 nec
387 3211 467 3260 est
492 3206 627 3262 ratio
648 3209 824 3264 curin
849 3210 1158 3266 definienda
1183 3211 1294 3270 tide
1317 3211 1423 3285 ipsi
1457 3212 1739 3267 tribuatur
1764 3213 1941 3286 major

74 3297 366 3354 auctoritas
405 3319 568 3374 quam
592 3304 911 3375 Parisiensi,
951 3314 1046 3363 aut
1075 3308 1301 3363 cuilibet
1329 3307 1489 3362 alteri
1536 3309 1822 3384 Episcopo,
1875 3310 1938 3367 Et

70 3390 277 3462 pariter
306 3395 351 3450 si
371 3415 611 3469 suprema
645 3404 907 3473 reyiminis
940 3411 1175 3474 potestas
1217 3409 1321 3459 stet
1354 3421 1520 3476 penes
1547 3405 1927 3463 collectionem

70 3484 461 3565 Episcoporum
497 3503 771 3569 quatenus
805 3516 835 3554 a
873 3499 1116 3555 Romano
1139 3499 1396 3555 Pontitice
1436 3501 1764 3574 sejunctam,
1815 3503 1936 3578 ipse

69 3579 341 3644 Romanus
364 3590 610 3648 Pontifex
641 3594 847 3650 carebit
881 3595 982 3650 hac
1008 3613 1250 3668 suprema
1269 3602 1319 3652 ct
1333 3596 1495 3669 plena
1531 3601 1781 3673 regendae
1810 3600 1938 3658 uni-
