2262 3990
874 184 1236 280 PARS-TERTIA.
1900 173 1987 221 649

72 336 81 342 -
125 299 434 359 remedium
467 298 812 352 m’cessarium
843 295 1213 368 propugnant,
1245 284 1563 358 intelligunt
1595 297 1715 338 esse
1744 295 1992 337 necessa-

123 396 293 466 rium,
334 393 418 451 vel
450 410 519 449 ne
552 389 785 448 Ecclesia
812 386 1202 463 pessumdetur
1235 390 1287 440 et
1328 386 1537 458 pereat,
1571 378 1655 436 vel
1693 394 1763 434 ne
1793 376 1987 449 ingens

125 489 516 548 detrimentum
545 485 758 543 subeat.
796 485 963 541 Porro
996 483 1051 538 in
1091 488 1330 554 utroque
1364 495 1530 535 sensu
1566 491 1854 551 perperam
1895 487 1991 528 ne-

126 587 427 646 cessarium
454 585 720 642 asseritur
748 582 1039 658 praefatum
1064 579 1396 636 remedium.

197 686 239 740 Ι.
269 685 626 740 Necessarium
651 700 755 738 non
778 689 854 736 est
884 681 951 734 ad
984 680 1075 734 hoc
1098 686 1154 733 ut
1180 677 1410 733 Ecclesia
1435 693 1539 730 non
1560 678 1766 747 pereat.
1792 702 1860 711 —
1878 669 1996 725 Ete-

127 781 278 837 nim:
314 780 368 835 10
401 779 467 835 ad
494 776 898 853 praecavendam
932 774 1183 830 Ecclesiae
1207 773 1427 827 ruinam
1465 766 1847 827 necessarium
1874 781 1995 823 esse

123 878 314 950 nequit
340 876 647 933 remedium
673 871 1035 947 impossibile,
1061 869 1340 941 quodque,
1371 867 1586 923 etiamsi
1608 865 1873 940 possibile
1898 880 1996 939 per

122 993 181 1031 sc
221 975 381 1044 foret,
415 971 663 1029 adhiberi
709 976 894 1026 tamen
932 987 962 1023 a
998 967 1207 1022 Christo
1239 985 1348 1021 non
1375 965 1673 1020 debuisset.
1710 962 1896 1036 Atqui,
1926 979 1991 1018 ex

123 1068 493 1144 propositione
517 1066 715 1141 prima,
746 1064 1052 1120 remedium
1080 1062 1226 1118 istud
1261 1067 1342 1117 est
1371 1060 1504 1133 quid
1531 1059 1910 1134 impossibile;
1942 1063 1996 1114 et

121 1182 184 1222 ex
218 1163 592 1239 propositione
626 1161 887 1230 secunda,
928 1160 1145 1217 etiamsi
1185 1159 1251 1216 de
1283 1176 1341 1214 se
1379 1158 1521 1213 soret
1550 1156 1839 1230 possibile,
1880 1173 1994 1210 non

120 1269 303 1318 tamen
327 1262 509 1318 decuit
541 1280 570 1316 a
597 1261 807 1316 Christo
834 1259 1108 1315 adhiberi.
1129 1288 1198 1297 —-
1222 1259 1277 1311 2⁰
1302 1257 1458 1313 Salva
1483 1255 1787 1311 consistere
1813 1258 1994 1327 potest

123 1358 381 1427 Ecclesia,
430 1358 557 1414 licet
602 1357 812 1412 notorie
849 1355 998 1428 pravi
1048 1355 1159 1410 sint
1198 1371 1378 1409 mores
1415 1352 1651 1424 alicujus
1691 1349 1992 1406 pontificis.

123 1453 262 1509 Sane
285 1454 456 1527 aliqui
491 1454 718 1510 extitere
755 1451 1066 1508 istiusmodi
1104 1451 1410 1518 Pontifices,
1447 1456 1500 1505 et
1540 1456 1728 1505 tamen
1758 1445 1995 1502 Ecclesia

123 1567 232 1604 non
281 1550 459 1623 periit.
505 1551 715 1605 Norunt
762 1549 967 1623 quippe
1007 1547 1194 1603 fideles
1234 1565 1424 1603 omnes
1468 1547 1699 1601 verbum
1743 1543 1990 1599 Christi:

123 1644 293 1717 Super
318 1647 614 1701 cathedram
630 1647 797 1718 Moysi
825 1647 1070 1700 sederunt
1095 1646 1276 1699 scribae
1300 1653 1351 1699 et
1370 1645 1654 1716 pharisaei3
1683 1659 1798 1714 quae
1823 1641 1998 1695 dicunt

121 1751 325 1798 servate
364 1752 414 1798 et
453 1746 614 1815 facite
649 1767 663 1795 :
708 1745 985 1798 secundum
1028 1761 1148 1798 vero
1193 1760 1355 1815 opera
1392 1759 1572 1797 eorum
1615 1741 1778 1795 nolite
1823 1739 1998 1808 facere

123 1837 356 1908 (Matth.‚
391 1840 548 1909 xxiii).
589 1839 839 1893 Praevidit
883 1857 1080 1912 nempe
1115 1838 1367 1893 Christus
1404 1855 1571 1911 prava
1600 1837 1993 1910 Episcoporum

117 1934 547 2006 nonnullorum,
603 1953 664 1990 ac
709 1935 873 1990 etiam
920 1935 1295 1990 Romanorum
1346 1933 1668 1989 Pontificum
1719 1932 1990 2005 exempla,

121 2037 171 2086 et
208 2038 390 2087 tamen
425 2033 680 2104 promisit
707 2033 1000 2097 Ecclesiam
1040 2051 1198 2087 suam
1238 2049 1417 2104 usque
1453 2031 1520 2088 ad
1559 2030 1994 2086 consummatio-

122 2143 244 2182 nem
280 2128 466 2183 saeculi
496 2145 936 2201 permansuram.
962 2128 1165 2183 Vesana
1207 2128 1376 2199 igitur
1419 2127 1560 2181 soret
1591 2125 1997 2198 argumentatio

123 2223 270 2277 haec:
301 2224 454 2278 Pravi
486 2232 618 2280 sunt
644 2226 800 2297 Papae
831 2242 1035 2289 mores3
1068 2242 1195 2296 ergo
1227 2223 1337 2279 nisi
1373 2223 1674 2296 deponatur
1700 2229 1886 2277 actum
1917 2227 1998 2277 est

122 2318 187 2374 de
233 2319 489 2375 Ecclesia.
528 2352 595 2359 —
629 2322 682 2375 5⁰
729 2321 785 2374 In
819 2339 950 2375 casu
991 2321 1143 2394 Papae
1191 2321 1440 2375 moribus
1476 2319 1592 2374 suis
1625 2318 1795 2388 noxii,
1847 2319 1999 2375 adest

119 2414 274 2469 valde
295 2421 484 2488 aptum
510 2415 843 2485 remedium,
865 2416 1116 2471 videlicet
1136 2417 1531 2491 Episcoporum
1555 2421 1606 2471 et
1632 2414 1996 2471 conciliorum

117 2510 543 2582 particularium
582 2513 890 2567 charitativa
930 2515 1199 2568 correctio.
1232 2513 1499 2584 Equidem
1527 2512 1794 2568 correctio
1825 2521 1997 2567 aucto-

115 2607 324 2660 ritativa
364 2609 555 2679 nequit
596 2609 841 2681 legitime
878 2609 1175 2683 procedere
1218 2609 1325 2664 nisi
1365 2627 1394 2664 a
1431 2609 1717 2683 superiore
1760 2609 1828 2664 ad
1859 2609 1998 2664 infc-

117 2701 340 2768 riorem;
382 2711 462 2758 ast
503 2706 812 2760 charitativa
850 2706 1003 2761 licita
1045 2712 1124 2761 est
1160 2707 1227 2762 ab
1266 2705 1466 2779 aequali
1510 2706 1576 2760 ad
1609 2707 1902 2779 aequalem,
1939 2713 1993 2762 et

117 2796 281 2852 etiam
315 2798 380 2852 ab
409 2799 664 2854 inferiore
690 2800 756 2855 ad
791 2802 1159 2874 superiorem.
1191 2803 1426 2858 Possunt
1464 2821 1619 2875 ergo,
1664 2804 1775 2858 imo
1819 2810 1871 2858 et
1904 2804 1996 2859 de-

117 2893 250 2948 bent
274 2893 541 2968 Episcopi,
566 2898 678 2953 sive
710 2898 934 2971 singuli,
967 2900 1081 2955 sive
1105 2900 1479 2955 conciliariter
1508 2899 1764 2968 adunati,
1791 2900 1993 2955 Roma-

120 3008 256 3045 num
287 2990 596 3046 Pontificem
629 2993 684 3047 in
714 2994 858 3050 dicto
884 3013 1017 3051 casu
1039 3003 1350 3052 reverenter
1374 3013 1749 3065 commonere,
1778 2995 1989 3051 hortari

119 3103 182 3141 ac
218 3086 520 3160 deprecari,
564 3095 626 3144 ut
657 3108 776 3146 sese
818 3093 1088 3149 emendet.
1122 3094 1235 3149 lmo
1276 3094 1420 3149 idem
1463 3093 1699 3165 quisque
1742 3093 1987 3148 fidelium

117 3198 273 3252 agere
298 3190 499 3255 posset,
535 3203 595 3240 ac
626 3186 792 3242 etiam
828 3189 1068 3259 deberet,
1096 3190 1143 3245 si
1174 3191 1372 3245 merito
1406 3190 1543 3245 utile
1573 3189 1894 3263 praevideret
1925 3208 1988 3246 ac

118 3284 415 3353 reputaret.
445 3281 550 3336 lloc
584 3300 704 3338 esse
740 3284 1049 3340 remedium
1080 3286 1148 3341 ab
1179 3286 1463 3360 Episcopis
1492 3285 1870 3341 adhibendum
1894 3286 1988 3342 do-

118 3376 232 3431 cuit
260 3385 479 3433 sanctus
517 3379 601 3434 lvo
630 3380 999 3451 CarnotensiS,
1027 3383 1313 3438 occasione
1350 3400 1530 3457 pravae
1555 3383 1926 3439 concessionis
1952 3402 1982 3440 a

116 3470 362 3527 Pasehali
389 3474 528 3548 Papa
564 3477 606 3530 ΙΙ
637 3477 787 3533 saclae
827 3478 1005 3551 quoad
1043 3479 1416 3537 investituras
1450 3479 1581 3535 Cum
1623 3498 1819 3556 nempe
1855 3499 1981 3537 con·

120 3569 292 3624 cessio
312 3571 423 3625 baec
458 3590 487 3627 a
525 3573 744 3646 praesato
761 3574 1016 3631 Pontitice
1043 3595 1142 3650 per
1166 3577 1274 3633 vim
1296 3583 1505 3634 extorta
1527 3577 1743 3650 fuisset,
1769 3595 1980 3651 magnae
