2306 4010
319 202 410 248 526
1001 190 1300 239 TRACTATUS
1331 191 1397 237 DE
1427 191 1572 241 PAPA.

231 362 236 367 .
321 307 552 373 cultati's
597 310 762 359 actus.
809 298 1046 355 Proinde
1090 296 1151 352 in
1187 296 1291 353 hoc
1333 313 1504 353 sensu
1544 313 1678 352 cum
1714 297 1947 357 veritate
1985 303 2239 379 ineptum

320 399 690 480 pronuntiare
712 395 919 473 potuit,
949 395 1065 454 sive
1086 413 1263 452 unam
1289 394 1405 452 sive
1428 395 1570 451 duas
1594 395 1812 453 Christo
1835 390 2090 458 tribuere
2112 420 2241 478 ope·
2290 450 2294 451 ff

319 499 589 566 rationes3
617 494 752 570 quia
779 495 831 552 ei
852 494 1172 574 tribuendae
1194 501 1327 554 sunt
1349 513 1587 552 numero
1608 512 1780 570 quam
1806 497 1996 556 multae
2017 505 2072 557 et
2097 503 2243 560 mul-

315 595 524 672 tiplicis
549 594 800 670 generis.
2162 581 2167 587 ’

391 694 548 761 Quod
591 700 782 751 autem
820 710 1012 751 vocem
1050 695 1288 768 operatio
1317 692 1596 752 Honorius
1640 693 1788 751 dicto
1833 713 2003 753 sensu
2039 697 2243 756 intelli-

312 811 442 868 gere
467 794 715 870 potuerit
750 813 814 852 ac
852 811 1041 851 revera
1080 793 1138 850 in
1178 793 1397 868 objecto
1431 798 1589 850 textu
1626 793 1992 867 intellexerit,
2022 815 2138 854 non
2163 806 2244 858 est
2302 779 2306 783 ⁴

310 895 557 968 gratuita
599 895 834 953 assertio
882 895 952 952 ad
996 894 1337 952 eludendam
1386 893 1761 969 objectionem
1808 898 2142 970 excogitata.
2187 897 2244 956 Id
2274 899 2306 927 ·³

314 996 512 1071 paucis
550 996 1026 1070 demonstremus
1068 995 1299 1052 Notetur
1346 994 1632 1070 imprimis
1673 995 1983 1053 Honorium
2022 1015 2136 1054 non
2162 999 2244 1056 uti

314 1112 447 1151 voce
470 1094 764 1151 voluntatis
795 1092 1116 1166 (θελήματος)
1161 1110 1288 1167 quae
1321 1091 1646 1150 facultatem
1676 1085 1966 1170 exprimit,
1995 1095 2106 1152 nisi
2148 1097 2244 1154 uhi

316 1194 430 1268 agit
472 1192 541 1251 de
582 1193 805 1251 duabus
847 1192 1083 1269 spiritus
1127 1199 1181 1249 et
1222 1193 1412 1249 carnis
1454 1193 1864 1264 voluntatibus,
1909 1193 1968 1249 in
2016 1195 2245 1253 homine

316 1296 473 1371 lapso
499 1313 563 1353 ex
588 1295 783 1352 vitiata
825 1293 1522 1352 natura'colluctantibus
1558 1294 1620 1352 Et
1647 1295 1725 1351 ibi
1757 1295 1895 1352 dicit
1938 1295 1996 1351 in
2029 1296 2244 1355 Christo
2285 1329 2289 1331 *

316 1407 427 1444 non
456 1387 633 1444 fuisse
658 1386 800 1443 duas
829 1387 954 1444 illas
983 1387 1291 1444 contrarias
1320 1387 1599 1443 humanas
1629 1387 1962 1462 voluntateS,
1993 1389 2090 1445 sed
2116 1390 2242 1446 uni-

2287 1027 2306 1151 .,’.κρι..Δ
2304 998 2306 1001 .

314 1507 439 1545 cam
466 1494 710 1545 tantum.
744 1488 803 1543 In
831 1493 948 1544 toto
976 1493 1165 1545 autem
1197 1487 1417 1561 reliquo
1449 1486 1817 1562 epistolarum
1849 1507 2081 1545 suarum
2112 1509 2244 1547 con·
2293 1543 2306 1574 ,ἦ

316 1596 495 1661 textu,
524 1589 635 1663 agit
664 1589 953 1647 dumtaxat
983 1590 1049 1646 de
1082 1589 1353 1646 vocabulo
1390 1595 1635 1664 ἐνεργέιας
1675 1589 1958 1664 (energiae,
1988 1607 2084 1647 seu
2117 1610 2244 1666 ope·
2290 1603 2306 1672 3]

316 1689 608 1761 rationis),
641 1689 709 1746 de
742 1709 854 1765 qua
881 1693 1095 1764 energia
1135 1689 1562 1765 disceptabatur
1592 1709 1661 1746 an
1696 1708 1808 1746 una
1839 1689 2073 1748 dicenda
2093 1691 2243 1750 foret
2284 1675 2306 1764 -j'

318 1788 376 1843 in
406 1788 648 1860 Christo,
686 1807 756 1845 an
781 1790 1006 1865 duplex.
1036 1790 1204 1846 Porro
1230 1790 1380 1864 quod
1405 1790 1545 1846 varii
1586 1789 1919 1846 facultatum
1951 1795 2109 1847 actus
2136 1777 2256 1848 dici'
2284 1786 2306 1843 1<

319 1887 541 1944 valeant
580 1893 631 1943 et
661 1887 727 1943 de
757 1888 902 1945 facto
935 1889 1197 1945 dicantur
1237 1891 1592 1963 operatiorem,
1630 1894 1876 1946 testatur
1904 1889 2244 1964 frequentis-
2287 1910 2290 1958 j

318 1988 499 2045 simus
530 1988 788 2044 omnium
824 1994 1148 2065 temporum
1179 2007 1342 2059 usus,
1371 1995 1655 2045 testantur
1685 1990 1878 2046 lexica.
1919 1987 2243 2065 lmo'magis

319 2087 517 2145 obvius
555 2094 636 2145 est
670 2107 872 2174 sensus
906 2107 1015 2162 quo
1044 2107 1146 2164 per
1181 2091 1548 2164 operationum
1581 2091 1918 2146 vocabulum
1959 2091 2066 2164 ipsi
2098 2099 2244 2146 actus·

321 2188 738 2263 intelliguntur.
778 2189 839 2245 Et
866 2205 1000 2244 sane
1038 2187 1265 2245 Gallicis
1291 2188 1554 2261 frequens
1595 2195 1674 2244 est
1707 2188 1914 2259 dicere,
1950 2191 2024 2245 les
2052 2193 2243 2262 θρόνα-

321 2288 457 2342 lions
486 2287 550 2342 de
593 2287 644 2342 la
685 2287 919 2358 volonte',
962 2287 1035 2342 les
1079 2289 1386 2360 operatione
1427 2287 1497 2342 du
1539 2286 1927 2360 Saint-Esprit,
1955 2267 2018 2343 ‘et
2053 2286 2247 2361 hujus-

322 2384 494 2442 modi.
544 2384 727 2442 Potuit
771 2403 902 2459 ergo
941 2385 1220 2442 Honorius
1259 2385 1418 2459 juxta
1460 2387 1612 2442 hunc
1656 2404 1888 2450 sensum
1937 2386 2278 2463 expendere

320 2486 658 2561 operationis
688 2505 789 2544 seu
824 2490 1054 2562 eneryi'ae
1091 2487 1450 2557 vocabulum,
1489 2494 1542 2544 et
1569 2487 1800 2544 relative
1845 2488 1912 2544 ad
1941 2487 2091 2544 hunc
2125 2505 2244 2543 sen—

321 2606 448 2643 sum
478 2587 726 2663 ineptam
757 2588 945 2645 dicere
981 2588 1096 2646 sive
1122 2588 1318 2658 unius,
1350 2587 1466 2644 sive
1493 2588 1738 2662 duplicis
1774 2588 1832 2643 in
1870 2588 2091 2644 Christo
2122 2606 2244 2662 ope-

321 2686 558 2743 rationis
601 2687 995 2756 assertionem3
1047 2708 1179 2745 cum
1221 2707 1325 2745 nec
1363 2707 1569 2758 unum,
1622 2706 1725 2744 nec
1770 2688 1913 2744 duos
1954 2689 2270 2771 dumtaxat

322 2788 504 2854 actuS,
538 2784 635 2840 sed
663 2802 837 2857 quam
870 2786 1081 2855 multos
1114 2794 1379 2861 operatus
1409 2786 1479 2842 sit
1508 2786 1784 2843 Christus

397 2881 505 2937 Nec
530 2886 755 2938 tantum
786 2883 972 2956 potuit
1006 2882 1282 2940 Honorius
1310 2884 1367 2940 in
1405 2884 1552 2941 dicto
1582 2903 1753 2942 sensu
1782 2884 2123 2960 operationis
2157 2901 2242 2939 vo-

321 2981 590 3038 cabulum
632 2982 731 3039 ibi·
763 2983 1109 3057 intelligere,
1157 2985 1257 3041 sed
1304 2985 1454 3058 quod
1497 2984 1575 3040 ita
1615 2985 1683 3040 de
1727 2985 1871 3042 facto
1916 2981 2262 3042 intellexerit.

322 3083 563 3159 ipsemet
590 3083 778 3159 palam
811 3084 944 3142 facit
977 3084 1066 3141 his
1098 3085 1285 3142 verbis
1314 3107 1324 3140 ε
1362 3086 1518 3142 «Nos
1558 3085 1708 3142 enim
1747 3103 1859 3141 non
1896 3103 2073 3140 unam
2118 3099 2239 3157 ope-

322 3181 597 3239 rationem
632 3182 718 3240 vel
746 3182 885 3240 duas
915 3183 1215 3240 Dominum
1249 3185 1441 3241 Jesum
1471 3185 1782 3254 Christum,
1813 3184 2048 3258 ejusque
2087 3197 2241 3238 sanc-

325 3288 445 3338 tum
488 3280 788 3356 Spiritum,
829 3281 1007 3339 sacris
1051 3281 1260 3339 litteris
1297 3282 1679 3358 percepimus,
1722 3281 1818 3338 sed
1849 3280 2242 3354 multiformiter

321 3379 687 3451 cognovimus
733 3389 1069 3455 operatum»
1122 3380 1269 3455 (vide
1321 3381 1602 3456 superiori
1653 3381 2025 3456 paragraphO,
2077 3378 2240 3433 docu-

324 3480 596 3536 mentum
626 3481 710 3549 ΙΙ).
762 3481 842 3539 lbi
891 3481 1019 3538 luce
1066 3480 1382 3539 meridiana
1428 3481 1640 3538 clarius
1684 3486 1856 3554 patet,
1907 3473 2240 3554 operationis

322 3577 661 3634 vocabulum
703 3581 771 3636 ab
819 3580 1063 3637 Honorio
1110 3581 1368 3654 intelligi,
1426 3598 1541 3637 non
1585 3580 1652 3636 de
1694 3579 1986 3645 facultate,
2034 3574 2130 3632 sed
2176 3571 2239 3627 de

326 3672 540 3730 actibus
593 3695 691 3734 seu
733 3681 1050 3738 effectibus,
1095 3682 1220 3739 Ideo
1264 3700 1382 3738 non
1421 3681 1542 3738 vult
1582 3697 1755 3735 unam
1796 3676 1904 3732 dici
1963 3680 2056 3731 aut
2102 3673 2236 3727 duas
