2306 4010
271 180 328 227 86
936 163 1233 219 TRACTATUS
1263 163 1330 210 DE
1359 162 1508 210 ΡΑΡΑ.

274 306 391 362 quae
409 303 595 362 paoem
617 283 894 356 afferrent,
915 294 1022 334 non
1048 272 1243 330 bellum
1263 277 1532 328 cane-rent.
1562 269 1738 328 Tertio
1760 274 2017 329 eviceram
2037 279 2096 329 ut
2116 291 2182 330 ex

261 389 383 460 jure
409 386 594 441 stricto
621 399 727 437 non
757 383 998 452 ageretur
1026 374 1080 428 in
1107 372 1204 427 hoc
1231 373 1512 444 neyotio...
1543 369 1759 435 Quibus
1785 369 1972 428 verbis
2004 371 2182 428 videri

269 487 448 558 potest
494 480 754 545 innuere,
781 475 875 546 jus
910 470 994 526 illi
1039 468 1207 527 coetui
1252 469 1429 526 fuisse
1482 474 1546 526 ut
1583 468 1885 527 Gallicanae
1929 470 2183 528 societati

271 578 562 656 praesidem
593 575 841 645 eligeret.
878 591 904 623 ›>
1013 559 1020 568 ’
2165 633 2171 640 ,

348 699 375 729 «
405 677 566 730 Fama
598 691 711 728 non
754 671 916 728 valde
962 671 1132 728 dubia
1164 678 1459 745 acceptum
1492 677 1598 741 est,
1628 688 1809 727 unum
1835 669 2088 743 aliquem
2118 689 2184 728 ex

266 775 360 831 illo
386 779 532 830 coetu
563 771 759 828 multis
791 770 1153 827 contendisse
1178 791 1188 823 ε
1213 769 1546 828 electionem
1580 769 1775 826 vicarii
1804 775 1901 826 aut
1925 769 2187 828 commis-

266 871 422 942 sarii,
452 876 514 927 ut
553 887 644 926 res
672 875 810 925 tunc
839 875 1022 938 erant,
1051 874 1103 925 et
1133 867 1346 925 licitam
1377 870 1497 925 fore
1519 874 1571 925 et
1606 868 1988 926 necessariam
2019 887 2139 926 esse
2168 891 2178 923 ε

264 972 360 1029 sed
387 970 823 1046 provincialium
846 970 1073 1026 nullum
1103 969 1170 1026 ad
1198 969 1350 1027 istud
1381 970 1685 1026 consilium
1709 987 1830 1026 sese
1855 970 2179 1027 inclinasse.

266 1071 408 1137 Quid
446 1071 651 1144 reliqui
698 1070 1005 1143 senserint,
1044 1089 1158 1127 non
1205 1070 1364 1127 valde
1397 1070 1584 1126 adhuc
1623 1075 1708 1126 est
1753 1070 2107 1146 exploratum
2155 1093 2182 1123 »

271 1170 530 1243 (ibidem,
563 1168 762 1244 pagina
793 1169 864 1224 92
893 1175 944 1225 et
973 1168 1092 1241 95).

345 1268 634 1326 Conclusio
659 1268 827 1325 istius
862 1269 1077 1343 aliquot
1103 1268 1450 1325 Jesuitarum
1475 1268 1664 1324 Galliae
1690 1267 2051 1324 conciliabuli
2082 1267 2187 1325 fuit

266 1367 500 1443 epistola
545 1386 787 1442 sequens
832 1369 899 1425 ad
943 1367 1241 1424 Summum
1275 1367 1623 1440 Pontificem,
1658 1368 1754 1438 cui⁴
1792 1367 1997 1423 tradita
2041 1374 2123 1424 est
2157 1386 2186 1423 a

270 1467 454 1540 legato
486 1467 697 1538 Galliae,
732 1467 823 1523 die
852 1468 922 1523 46
949 1467 1288 1535 decembriS‚
1328 1466 1474 1522 1689
1509 1489 1519 1520 :

345 1589 370 1617 «
398 1565 728 1622 Beatissime
771 1568 1025 1637 Pater,...
1074 1566 1221 1622 dolet
1266 1564 1478 1621 Gallica
1527 1564 1764 1620 societas
1815 1563 2185 1620 interdictum

268 1665 397 1735 sibi,
428 1665 586 1720 nulla
625 1684 725 1721 sua
757 1667 944 1741 culpa,
976 1685 1103 1721 cum
1141 1665 1390 1739 generali
1423 1665 1723 1739 Praeposito
1742 1665 2147 1721 commercium
2176 1690 2185 1733 3

268 1767 321 1818 et
344 1761 404 1816 in
427 1768 659 1836 paterno
694 1763 1064 1819 beatitudinis
1092 1768 1288 1818 vestrae
1316 1762 1445 1817 sinu
1469 1780 1631 1834 opem
1665 1780 1727 1817 ac
1752 1763 2019 1818 solatium
2039 1781 2189 1835 quae-

268 1860 361 1916 rit.
400 1859 702 1934 Cognoscet
728 1861 847 1931 illa,
881 1861 990 1915 nisi
1012 1860 1127 1933 jam
1166 1860 1308 1916 forte
1335 1859 1614 1933 cognovit,
1662 1860 1729 1915 ab
1773 1866 1990 1915 oratore
2013 1861 2191 1917 chris-

267 1957 572 2014 tianissimi
601 1957 770 2031 regiS,
803 1957 1123 2031 cujusmodi
1160 1957 1269 2013 sint
1312 1957 1381 2012 de
1415 1962 1576 2032 patre
1613 1957 1784 2034 Tyrso
1816 1957 2081 2024 Gonealez
2111 1976 2194 2012 so-

270 2055 487 2112 cietatis
525 2055 822 2131 Praeposito
854 2055 1132 2128 querelae;
1174 2073 1346 2128 quam
1381 2055 1451 2110 oh
1487 2072 1717 2109 causam
1752 2053 2061 2109 incurrerit
2097 2054 2193 2111 ille

269 2175 492 2230 gravem
522 2157 580 2212 in
608 2156 978 2212 offensionem
1012 2154 1311 2230 principis,
1339 2154 1407 2210 de
1426 2160 1540 2210 tota
1572 2172 1631 2209 re
1651 2154 1982 2222 christiana,
2011 2154 2191 2226 deque

274 2255 536 2311 societate
558 2262 771 2326 nostra,
801 2272 974 2327 supra
1001 2272 1169 2326 quam
1188 2253 1298 2307 diei
1325 2258 1509 2327 potest
1536 2253 1680 2307 bene
1707 2249 1928 2306 meritil
1951 2276 1960 2318 3
1988 2255 2196 2323 quanta

273 2353 331 2408 in
364 2371 468 2408 nos
496 2352 643 2408 mala
680 2353 811 2409 inde
843 2350 1154 2407 redundent
1195 2358 1362 2422 atque
1398 2349 1457 2403 in
1489 2356 1776 2423 posterum
1804 2348 2190 2423 impendeant.

270 2452 331 2507 ln
364 2451 461 2506 illo
488 2457 677 2506 tamen
707 2468 809 2506 seu
829 2449 1194 2524 praesentium
1232 2447 1450 2517 dolore,
1488 2465 1586 2502 seu
1611 2446 1815 2503 timore
1843 2446 2193 2515 futurorum,

277 2551 421 2606 nihil
447 2569 606 2623 aeque
629 2570 731 2606 nos
751 2551 927 2623 angit,
950 2569 1012 2604 ac
1034 2548 1411 2624 potentissimi
1434 2549 1604 2621 regiS‚
1627 2551 1788 2624 cujus
1811 2547 2197 2604 incredibilem

280 2652 553 2704 hactenus
598 2648 1028 2704 beneficentiam
1069 2665 1268 2702 sumus
1301 2647 1538 2720 experti,
1572 2647 1823 2722 primum
1856 2646 2085 2720 quidem
2118 2646 2198 2702 of-

278 2747 458 2819 fensa,
494 2745 696 2803 deinde
735 2765 866 2802 vero
904 2747 1293 2801 membrorum
1323 2763 1353 2799 a
1380 2763 1483 2800 suo
1518 2745 1702 2820 capite
1730 2745 2056 2816 divortium,
2089 2763 2199 2818 quo

279 2846 425 2901 nihil
452 2852 533 2902 est
559 2846 738 2919 magis
768 2846 1069 2902 exitiosum
1099 2863 1160 2900 ac
1190 2843 1418 2900 lethale.
1461 2842 1734 2915 Utrinque
1760 2844 1977 2899 scilicet
2000 2844 2182 2917 premi

281 2964 433 3017 mur,
463 2945 736 3020 angustiae
762 2944 924 3008 nobis
952 2943 1207 3017 undique
1239 2948 1370 2998 sunt
1402 2962 1412 2996 :
1439 2943 1674 3015 Jamque
1705 2942 2003 2997 biennium
2032 2947 2114 2998 est
2139 2961 2203 2998 ex

281 3064 392 3119 quo
420 3051 628 3102 sortem
651 3046 793 3100 hanc
829 3049 1083 3099 nostram
1110 3043 1397 3115 lugemus.

361 3167 388 3197 «
416 3144 604 3218 Neque
624 3144 776 3201 enim
804 3144 1023 3219 ignorat
1050 3148 1231 3198 vestra
1259 3140 1534 3196 Sanctitas
1565 3158 1628 3196 eo
1659 3158 1855 3196 rerum
1879 3146 2202 3196 nostrarum

280 3244 398 3299 loco
426 3251 574 3301 stare
608 3244 705 3301 diu
737 3244 1018 3301 societatis
1044 3243 1102 3299 in
1124 3241 1297 3299 Gallia
1324 3241 1576 3315 regimen
1603 3258 1714 3296 non
1733 3257 1918 3315 posse,
1944 3246 2007 3295 ut
2030 3252 2200 3313 penes

282 3361 749 3420 unumquemque
776 3343 1181 3420 provincialem
1213 3340 1581 3416 praepositum
1605 3344 1830 3395 maneat
1859 3337 2048 3392 nescio
2075 3355 2200 3410 quie

335 3519 390 3574 (1)
423 3519 542 3561 Notet
567 3521 692 3562 lector
714 3523 951 3574 pudendam
976 3521 1286 3563 adulationem!
1314 3519 1480 3561 Scilicet
1511 3519 1617 3560 bene
1645 3516 1890 3558 merebatur
1919 3525 2046 3566 supra
2071 3527 2196 3568 quam

285 3587 367 3628 dici
389 3592 522 3640 potest
549 3588 600 3628 de
626 3588 815 3642 ipsorum
842 3592 1044 3632 societate
1062 3590 1290 3631 Ludovicus
1305 3589 1403 3642 XIV,
1425 3588 1501 3629 etsi
1517 3587 1632 3628 illam
1648 3582 1889 3633 scindendo,
1916 3586 1957 3621 et
1980 3594 2195 3623 commer-

283 3656 399 3698 cium
425 3668 549 3696 omne
573 3669 668 3698 cum
698 3657 921 3711 Praeposito
939 3658 1127 3710 generali
1144 3656 1429 3712 prohibendo!

1158 3849 1181 3862 s
