2262 3990
275 53 362 151 372
541 133 545 137 -
952 88 1248 139 'IRACTATUS
1277 88 1343 135 DE
1371 87 1522 137 PAPA.

279 208 635 267 eruditorum
667 201 1014 275 epimonem.
1043 194 1176 262 Quae
1201 192 1431 267 quidem
1458 193 1662 264 thesis,
1695 195 1801 251 etsi
1839 192 2202 274 aliquatenu
2240 207 2262 251 ·’,

278 308 462 364 audax
484 297 666 358 videri
689 295 888 372 possit,
916 312 980 350 ea
1007 298 1198 350 tamen
1228 292 1376 365 (me'o
1399 290 1631 375 quidem
1653 290 2099 365 judicio)'r'ation
2153 287 2215 377 2'3.
2242 276 2254 333 Ῑ·

276 404 435 478 copia
469 406 524 455 et
559 375 835 471 gravitate
861 393 1088 462 nititur,
1131 398 1194 448 ut
1229 392 1360 466 jure
1384 390 1579 466 respui
1620 395 1886 464 nequeat,
1920 392 2034 448 nisi
2057 394 2199 453 seri,

275 504 344 559 ab
389 498 627 556 eruditis
675 495 811 553 crisi
860 493 1115 568 subjecta
1154 490 1324 548 fuerit
1357 494 1416 564 vet
1462 489 1845 566 peremptorie
1886 491 2210 563 confutatas
2251 540 2257 554 ,,

215 632 217 635 -
272 599 488 654 Interea
533 612 665 651 vero
711 594 942 668 plenam
982 588 1306 666 vim-habet
1341 587 1521 645 thesis
1561 588 1680 644 haec
1719 586 1788 643 ad
1831 586 2137 647 confutand
2192 581 2214 665 ,ἒξ
2259 579 2262 583 ’

274 695 618 772 objectiones
655 698 848 772 contra
890 688 1128 747 Romani
1167 686 1451 744 Pontificis
1483 685 1802 761 primatum·
1841 691 1894 742 et
1937 685 2192 765 infallibi'
2251 691 2262 754 ᾗ

271 797 518 866 litatem,
565 813 594 850 e
643 791 928 870 praedictis
984 787 1338 846 documentis
1398 787 1781 862 depromptas.
1846 785 1984 842 Cum
2053 783 2204 858 enif
2259 796 2262 803 '

276 913 476 953 eorum
501 892 886 951 sinceritatem
914 889 1190 945 incertam
1211 887 1280 943 ad
1304 887 1497 943 minus
1516 886 1709 956 faciat,
1736 887 1840 942 hoc
1866 886 1986 961 ipso
2018 891 2203 945 evert

279 996 590 1070 ipsummet
610 989 992 1066 objectionum
1018 987 1480 1044 fundamentum.
1511 986 1704 1059 Itaque
1729 984 1946 1043 laudati
1971 985 2180 1042 auctor'

278 1092 532 1167 vestigiis
561 1090 910 1158 inhaerendO,
954 1091 1253 1160 sequentes
1281 1104 1377 1142 sex
1420 1086 1804 1160 paragraphos
1838 1085 2191 1149 instituimus

323 1277 348 1328 ἓ
370 1277 408 1317 5.
431 1298 484 1305 —
510 1273 702 1315 Genuina
728 1283 815 1311 non
840 1269 1076 1322 probantur
1095 1267 1207 1309 dicta
1234 1267 1492 1326 documenta
1517 1280 1567 1308 ex
1592 1280 1640 1309 eo
1666 1269 1756 1309 solo
1780 1268 1895 1321 quod
1913 1268 1959 1309 in
1983 1267 2167 1320 antiquis

623 1340 841 1382 codicibus
867 1343 1035 1390 reperta
1060 1338 1161 1396 sint,
1192 1340 1233 1378 et
1253 1337 1411 1389 stylum
1437 1336 1632 1390 Cypriani
1652 1338 1888 1379 redoleant.

362 1475 414 1528 1.
467 1472 715 1541 CodiccS,
756 1470 968 1544 quibus
997 1469 1088 1524 usi
1125 1474 1257 1524 sunt
1297 1468 1588 1539 Erasmus,
1627 1468 1876 1539 Latinus,
1905 1455 2200 1527 Pamelius'

282 1573 568 1644 MoreliuS,
608 1570 858 1644 Rigault,
898 1570 1038 1641 Fell,
1082 1568 1422 1625 Pearsonius
1458 1573 1510 1624 et
1550 1568 1668 1641 alii,
1708 1568 1813 1625 etsi
1843 1588 1988 1626 anno
2019 1570 2208 1627 saltem

290 1673 399 1730 400
442 1672 805 1748 posteriores,
835 1670 1100 1743 antiquos
1133 1687 1256 1727 esse
1288 1688 1400 1725 non
1431 1680 1726 1744 negamus.
1755 1670 1821 1726 At
1856 1688 2155 1745 nequaqua
2188 1697 2196 1722 ι

293 1792 358 1830 eat
400 1776 496 1828 hoc
525 1774 637 1828 solo
681 1771 941 1844 sequitur
977 1770 1223 1844 genuina
1267 1788 1390 1826 esse
1431 1788 1804 1844 quaecumque
1838 1770 1898 1825 in
1943 1753 2181 1843 ejusmo'·

294 1871 584 1929 codicibus
610 1871 996 1944 reperiuntur.
1035 1869 1154 1924 Non
1181 1868 1332 1923 enim
1362 1875 1636 1943 repugnat
1662 1869 1731 1924 ab
1759 1887 1822 1925 eo
1850 1869 1948 1942 qui
1971 1854 2162 1926 codice
2194 1894 2202 1922 s

295 1972 621 2045 antiquum,
669 1970 909 2043 alicujus
942 1968 1190 2024 auctoris
1230 1987 1400 2042 opera
1433 1970 1921 2044 complectentem,
1955 1970 2195 2026 exaravit

295 2072 411 2128 sive
441 2071 854 2140 fraudulenter,
888 2068 1004 2125 sive
1029 2085 1094 2124 ex
1122 2067 1459 2140 ignorantia,
1506 2069 1767 2141 spurium
1808 2071 2023 2142 aliquid
2048 2071 2196 2126 inser

295 2177 419 2226 tum
460 2169 660 2225 fuisse.
701 2169 811 2223 Nec
850 2173 1074 2223 tantum
1118 2166 1175 2223 id
1206 2166 1496 2241 possibile,
1538 2166 1635 2222 sed
1681 2167 2008 2240 frequenter
2053 2151 2163 2225 etia

296 2269 624 2342 contigisse,
667 2267 851 2340 quoad
895 2265 1107 2321 multos
1133 2265 1414 2341 ejusmodi
1450 2265 1686 2322 codices
1717 2263 1927 2333 eruditi
1965 2266 2217 2324 demens

297 2374 542 2425 trarunt.
581 2368 641 2423 Et
679 2366 737 2422 in
765 2365 1089 2439 exemplum
1133 2363 1337 2420 adduci
1370 2370 1604 2440 possunt
1641 2363 1889 2440 ipsimet,
1925 2365 1993 2421 de
2020 2366 2213 2439 quibu

300 2468 508 2541 agitur,
546 2465 1007 2544 Cyprianicorum
1048 2482 1284 2540 operum
1318 2463 1559 2520 codices.
1605 2463 1899 2521 Enimvero
1930 2466 1988 2521 in
2028 2466 2098 2522 iis
2140 2485 2187 2522 r·

300 2566 605 2639 periuntur
650 2564 905 2638 quinque
949 2562 1245 2637 opuscula,
1291 2579 1538 2635 quorum
1577 2563 1727 2637 apud
1774 2564 2030 2621 eruditos
2072 2566 2204 2622 dub·

302 2670 386 2719 est
418 2663 842 2735 authenticitas,
872 2662 1132 2735 videlicet
1166 2681 1176 2713 :
1224 2663 1288 2717 de
1333 2661 1630 2735 Disciplina
1666 2670 1717 2718 et
1743 2661 1890 2719 Bono
1930 2665 2207 2738 pucliciti

303 2764 367 2819 de
391 2763 572 2819 Laude
589 2765 853 2835 niartyrii,
885 2764 949 2818 cle
981 2762 1328 2835 Spectacule'S,
1357 2762 1427 2817 acl
1448 2762 1803 2820 Novatianum
1825 2766 2150 2836 haereticum,
2180 2787 2198 2813 =¹
2252 2827 2255 2835 ,ἵ

303 2861 621 2917 Eaehortatio
669 2862 738 2916 ad
777 2862 1163 2934 poenitentiam.
1203 2860 1342 2916 Item
1370 2859 1428 2915 in
1463 2859 1531 2917 iis
1569 2862 1934 2936 reperiuntur
1979 2865 2188 2939 quinq
2238 2919 2239 2922 ,

306 2961 415 3018 alia
443 2959 722 3036 opuscula
753 2977 876 3034 quae
908 2977 1009 3035 pro
1043 2961 1241 3033 spuriis
1279 2958 1509 3015 omnino
1540 2960 1842 3033 habentur,
1873 2963 2119 3020 scilicet:
2168 2985 2193 3013 t
2236 3016 2238 3019 ,

307 3059 663 3131 AleatoribuS,
689 3060 754 3115 cle
784 3057 1046 3115 Montibus
1074 3058 1205 3115 Sina
1237 3046 1301 3117 ⁴et.
1323 3058 1472 3128 Sion,
1505 3060 1568 3115 cle
1594 3060 1962 3118 Cardinalibus
1988 3063 2160 3137 operib
2206 3055 2219 3108 ²:

310 3156 531 3230 Christi,
558 3158 623 3213 de
653 3157 1035 3229 Siizyularitate
1062 3156 1388 3228 clericorum,
1418 3161 1469 3213 et
1495 3158 1558 3213 de
1584 3157 1870 3215 Duodecim
1893 3161 2160 3217 abusionib

308 3257 511 3314 saeculi.
564 3256 744 3331 Igitur
781 3275 848 3314 ex
891 3275 956 3313 eo
1003 3255 1121 3313 solo
1162 3255 1313 3330 quod
1358 3255 1418 3312 in
1467 3256 1537 3312 iis
1588 3253 1880 3316 codicibus
1931 3252 2242 3335 occurraqjss

310 3355 480 3412 etiam
519 3354 858 3412 documenta
899 3355 1180 3412 celebrem
1223 3354 1484 3430 Cypriani
1525 3374 1657 3412 cum
1694 3357 1971 3434 Stephano
2001 3347 2237 3432 conten&

310 3452 522 3509 tionem
558 3453 853 3526 testantia,
891 3454 1101 3510 absone
1126 3471 1371 3528 prorsus
1405 3455 1738 3533 eorumdem
1762 3455 2054 3514 sinceritas
2079 3450 2226 3525 colli-⁷

313 3534 538 3623 geretur
567 3561 621 3613 et
651 3562 1126 3632 propugnaretur.
