2306 4010
325 171 414 220 542
998 159 1292 208 TRACTATUS
1322 156 1389 207 DE
1420 160 1565 210 PAPA.

322 299 449 338 num
489 276 749 355 (Epistola
777 274 847 330 ad
862 275 1272 346 imperatorem,
1314 271 1465 348 apud
1503 271 1704 344 Labbe,
1734 280 1778 331 t.
1807 275 1870 347 V,
1900 275 2005 333 col.
2043 276 2238 352 1759).

322 379 475 436 Unde
510 372 792 433 calumnia
817 372 936 429 haec
966 369 1495 442 monothelitarum,
1523 371 1677 447 quod
1711 371 1832 449 ipse
1859 372 2031 430 etiam
2063 373 2268 434 Hono-.

323 478 443 534 rius
467 475 612 549 Papa
638 471 870 529 unicam
895 470 955 528 in
982 470 1200 528 Christo
1224 471 1574 529 voluntatem
1594 472 1820 545 tenerit,
1859 490 1973 529 non
2001 491 2032 531 a
2057 471 2273 550 Sergio

326 581 421 632 aut
457 573 525 630 ab
554 571 674 629 ullo
721 571 832 628 alio
861 570 1116 646 quandiu
1152 570 1289 627 vixit
1322 570 1619 642 Honorius,
1649 571 1748 629 sed
1793 571 2088 631 dumtaxat
2122 582 2276 650 post
2286 557 2290 559 i

326 675 447 748 ejus
482 671 724 743 obitum,
754 690 783 729 a
807 672 1017 748 Pyrrho
1043 670 1338 729 exordium
1371 673 1636 748 sumpsit.
2271 732 2276 739 ,

402 774 713 849 Respondeo
748 773 1017 829 secundo.-
1051 771 1105 828 Si
1133 771 1454 846 injunctum
1486 772 1555 828 ab
1580 771 1824 829 Honorio
1857 772 2150 830 silentium
2179 771 2294 861 ἀφ’(

326 892 439 931 11113
486 881 540 931 et
589 872 804 949 duplici
848 871 1172 946 operatione
1218 871 1502 929 deterrere
1549 869 1806 946 Sergium
1853 871 2132 947 potuisset
2178 874 2245 932 ab
2295 894 2306 913 ·-

326 972 658 1048 evulgandis
685 972 936 1047 ejusdem
960 971 1191 1028 Honorii
1223 970 1501 1046 epistoliS,
1530 988 1560 1026 3
1586 969 1808 1027 fortiori
1836 970 2107 1028 deterreri
2129 970 2246 1028 Ser-

322 1074 449 1150 gius
485 1072 772 1130 debuisset
812 1073 880 1128 ab
922 1071 1268 1148 injungendo
1317 1071 1376 1126 in
1416 1071 1583 1127 ectesi
1620 1089 1721 1127 sua
1757 1070 1952 1127 eodem
2001 1070 2243 1130 silentio,

324 1174 491 1230 Porro
517 1190 778 1247 expresse
807 1172 1074 1228 omnibus
1108 1171 1367 1247 prohibet
1388 1171 1590 1228 ectesis
1616 1189 1776 1227 anam
1801 1171 1882 1227 vel
1915 1171 2046 1227 duas
2082 1173 2249 1229 dicere
2284 1191 2286 1193 ’

322 1275 428 1329 sive
470 1273 658 1329 dooere
703 1274 1036 1345 operationes
1096 1273 1150 1326 in
1192 1271 1373 1327 divina
1418 1270 1628 1326 Domini
1672 1272 2056 1328 incarnatione.
2100 1271 2250 1330 Unde

323 1389 686 1445 nequaquam
730 1369 950 1426 intento
996 1387 1099 1425 suo
1134 1369 1418 1426 nocuisset
1456 1369 1681 1442 Sergius
1718 1369 1986 1444 epistolas
2024 1369 2248 1427 Honorii

324 1471 699 1547 publicando,
768 1471 862 1528 sed
914 1476 1143 1528 econtra
1188 1489 1287 1546 per
1334 1488 1428 1527 eas
1487 1470 1696 1544 optime
1758 1471 2151 1529 confirmasset
2197 1472 2249 1528 id

323 1572 507 1646 ipsum
550 1570 700 1645 quod
743 1571 862 1646 ipse
901 1571 959 1626 in
1001 1570 1172 1628 ectesi
1216 1589 1318 1626 sua
1359 1588 1460 1645 per
1488 1570 1722 1643 longum
1754 1571 2058 1643 statuebat,
2089 1571 2251 1628 omit-

327 1671 560 1728 tendum
600 1670 859 1728 videlicet
902 1670 1016 1727 sive
1051 1671 1247 1742 unius,
1283 1671 1399 1727 sive
1435 1669 1679 1746 duplicis
1715 1672 2063 1745 operationis
2093 1670 2268 1729 voca-'

328 1769 551 1824 bulum.

409 1868 632 1943 Objicies
674 1870 749 1925 5⁰.
780 1903 849 1910 —
870 1870 1034 1926 Plura
1067 1870 1413 1928 mendaciter
1443 1870 1680 1927 Honorio
1706 1871 1976 1928 retulerat
2005 1871 2270 1946 83131113,-

329 1966 643 2043 praesertim
682 1967 748 2022 de
772 1967 1084 2041 Sophronio
1113 1968 1621 2047 Hierosolymitano
1656 1969 2000 2035 Patriarcha3
2033 1976 2083 2026 et
2114 1968 2267 2026 falsa

333 2067 449 2122 haec
492 2072 704 2122 asserta
747 2066 804 2121 in
845 2066 1220 2141 responsoriis
1259 2067 1488 2123 Honorii
1522 2067 1775 2141 epistolis
1807 2086 2254 2124 commemoran-

335 2172 449 2223 tur.
488 2165 673 2221 Potuit
715 2183 845 2238 ergo
888 2164 1160 2221 deterreri
1192 2164 1416 2237 Sergius
1459 2185 1486 2220 a
1530 2165 1883 2241 publicandis
1921 2166 1989 2222 iis
2029 2167 2267 2226 Honorii,

333 2265 608 2341 epistolis,
649 2265 776 2321 licet.
807 2265 976 2321 ectesi
1005 2283 1119 2321 suae
1154 2264 1314 2321 valde
1347 2264 1692 2337 faventibUS,
1726 2285 1795 2322 ne
1832 2267 2125 2323 mendacia
2157 2285 2253 2325 sua

334 2372 467 2422 nota
494 2363 714 2435 fierent,
757 2371 809 2420 et
849 2383 919 2421 ne
945 2364 1295 2440 Sophronius
1334 2365 1646 2441 praesertim
1682 2365 1971 2422 mendacia
2004 2368 2120 2424 haec
2150 2365 2268 2443 ipsi
2298 2426 2299 2430 ,

335 2464 721 2540 exprobraret.
2263 2482 2287 2540 53

414 2563 718 2636 Respondeo
754 2566 968 2637 primo:
996 2564 1153 2620 Ratio
1179 2565 1293 2619 haec
1312 2582 1425 2619 non
1462 2563 1701 2638 explicat
1728 2583 1831 2620 cul
1859 2565 2083 2638 Selgius
2115 2567 2286 2622 ecte
2267 2539 2289 2626 Ξ

338 2663 446 2719 sim
471 2682 634 2719 suam
659 2664 948 2737 publicare
974 2683 1147 2720 ausus
1173 2683 1284 2719 non
1315 2664 1386 2721 sit
1418 2670 1545 2720 ante
1569 2665 1857 2737 cognitum
1885 2666 2111 2721 Honorii
2140 2665 2286 2723 obi&

339 2769 483 2818 tum.
505 2762 776 2818 Secundo.-
794 2763 912 2817 Νο11
932 2764 1219 2820 omisisset
1245 2764 1446 2819 saltem
1464 2763 1714 2838 Sergius,
1735 2764 1957 2839 aliquas
1978 2739 2289 2831 dictarum&

338 2861 708 2936 epistolaium
753 2862 986 2936 phrases
1025 2862 1130 2917 sibi
1171 2862 1437 2927 faventes
1474 2871 1523 2920 et
1559 2864 1789 2938 plafata
1827 2865 2119 2922 mendacia
2146 2856 2288 2943 11011ξῖ

339 2968 876 3030 conuncmolanleS,
899 2961 958 3016 in
982 2961 1153 3017 ectesi
1179 2980 1279 3017 3113
1303 2961 1497 3018 citalc:
1529 2969 1581 3019 ct
1606 2963 1673 3017 ad
1700 2963 1891 3020 minus
1918 2965 1976 3019 in
2000 2982 2062 3020 ea
2089 2944 2280 3027 ectesi

341 3058 675 3116 asseruisset
704 3077 783 3131 se,
825 3059 1165 3116 assentiente
1204 3059 1371 3116 etiam
1401 3059 1652 3117 Romano
1677 3061 1962 3133 Antistite,
1993 3063 2249 3120 omitten-

341 3155 471 3213 dam
511 3158 873 3234 praescribere
914 3158 1031 3215 sive
1075 3159 1248 3215 unius
1287 3159 1402 3215 sive
1445 3159 1692 3234 duplicis
1734 3161 2077 3236 operationis
2108 3163 2262 3218 locu-'

340 3258 572 3316 tionem.
614 3258 763 3315 Nihil
805 3261 1009 3316 horum
1036 3259 1166 3316 fecit
1201 3260 1447 3333 Sergius,
1478 3260 1630 3318 Unde
1660 3280 1791 3319 vera
1829 3263 1974 3319 ratio
2014 3280 2115 3319 cur
2151 3261 2248 3316 Ho-

341 3357 487 3413 norii
535 3358 803 3433 epistolas
852 3377 963 3415 non
1014 3359 1383 3432 evulgaverit,
1436 3378 1538 3416 nec
1584 3359 1834 3417 citaverit
1867 3361 2113 3434 SergiUS,
2166 3362 2257 3415 est·

342 3456 475 3526 quia
529 3457 650 3513 istae
696 3458 966 3532 epistolae,
1013 3458 1222 3533 nedum
1258 3458 1365 3534 ipsi
1394 3459 1778 3516 consentirent
1816 3460 1873 3514 in
1911 3455 2247 3534 injungendo
2292 3469 2301 3476 ’

343 3554 525 3621 quoad
560 3562 862 3631 utramque
905 3557 1246 3613 locutionem
1289 3557 1537 3628 silenti0‚
1586 3557 1636 3613 ei
1685 3564 1913 3613 econtra
1954 3555 2246 3630 exprobra-

342 3647 471 3705 bant
499 3658 550 3707 et
587 3653 1086 3732 derelinquendam
1115 3657 1518 3733 praecipiebant
1551 3658 1706 3712 raznis
1733 3655 2054 3729 operationis
2080 3655 2244 3710 haere<
