2306 4010
783 205 908 252 PARS
940 205 1179 253 SECUNDA.
1837 207 1928 255 207

46 324 371 398 potestatem
417 314 627 371 obtinet
667 310 948 367 Romanus
987 309 1260 379 Pontifex,
1309 309 1582 383 siquidem
1620 310 1833 368 obtinet
1873 316 1924 368 et
1995 322 1999 326 ’

45 421 275 495 plenam
322 432 449 488 ergo
486 426 652 488 penes
693 407 877 481 ipsum
923 415 1006 464 est
1036 409 1127 482 jus
1173 408 1495 482 obligatoria
1538 408 1664 465 fidei
1705 409 1925 466 decreta

43 514 315 573 edicendi.
344 512 462 567 ,lam
487 523 615 564 vero
646 502 814 559 talem
842 509 1169 576 potestatem
1196 506 1400 561 hahere
1426 505 1621 578 nequit
1643 505 1926 561 Romanus

41 611 312 678 Pontifex,
347 604 455 663 nisi
493 602 566 659 sit
601 597 934 655 infallibilis.
964 599 1018 654 Si
1060 600 1211 654 enim
1255 619 1443 658 errare
1483 601 1659 676 possit
1698 602 1755 656 in
1798 601 1925 658 fidei

43 704 471 771 definitionibus,
498 700 775 771 repugnat
805 693 1069 766 obligatio
1096 695 1370 767 ejusmodi
1397 697 1816 754 definitionibus
1839 697 1927 754 ad-

43 802 304 859 haerendi.
333 795 480 863 Quod
517 791 664 850 enim
706 809 808 846 nos
836 790 1104 863 obligatos
1144 792 1288 846 Deus
1319 793 1450 849 velit
1486 794 1554 849 ad
1581 795 1920 852 credendum

45 896 447 958 definitionibus
468 907 590 963 quae
608 905 854 945 erroneae
876 905 996 943 0550
1017 887 1254 961 possint,
1276 905 1388 942 non
1408 895 1627 945 tantum
1646 892 1919 948 absonum

45 1003 122 1055 est
152 997 346 1061 dicere,
373 988 467 1046 sed
496 987 670 1043 etiam
697 984 954 1059 impium.
1000 984 1175 1056 Igitur
1204 1001 1268 1039 ex
1302 1001 1364 1039 eo
1395 985 1544 1056 quod
1582 986 1647 1041 (10
1675 987 1780 1045 tide
1824 990 1916 1057 sit,

46 1094 280 1151 Romano
296 1084 543 1143 Pontifici
584 1089 897 1158 competere
917 1083 1128 1157 plenam
1154 1082 1414 1156 pascendi
1452 1090 1805 1157 potestatem,
1835 1087 1919 1141 in·

42 1183 400 1245 eluctabiliter
426 1182 684 1255 sequitur
701 1199 828 1237 eum
855 1179 1056 1235 055010
1080 1179 1390 1235 definienda
1411 1178 1518 1234 fide
1538 1178 1912 1236 infallibilem.

43 1322 52 1332 .
105 1282 363 1338 Gallicani
408 1279 724 1359 systematis
770 1295 1035 1350 sequaces
1076 1295 1170 1332 oro
1204 1282 1368 1350 atquc
1402 1277 1644 1332 obtestor
1677 1284 1737 1333 ut
1776 1279 1922 1334 serio

39 1379 318 1437 attendant
359 1379 426 1434 ad
464 1379 606 1433 lianc
635 1378 847 1451 plenam
890 1375 1153 1450 pascendi
1198 1393 1260 1430 ac
1299 1374 1649 1447 gubernandi
1684 1380 1924 1448 potesta-

31 1481 163 1546 tem,
206 1492 372 1548 quam
408 1475 658 1530 Romano
698 1472 950 1529 Pontifici
994 1471 1259 1528 adscribit
1301 1472 1617 1527 Florentina
1655 1472 1918 1546 synodus.

32 1572 84 1628 Si
118 1579 350 1645 nequeat
378 1573 641 1628 Summus
696 1571 947 1626 Pontifex
994 1570 1142 1625 circa
1178 1569 1342 1625 fidem
1384 1575 1644 1640 statuere,
1690 1587 1752 1623 ac
1791 1586 1922 1624 suas

35 1668 299 1742 ejusmodi
333 1667 684 1723 definitiones
728 1665 1086 1738 obligatorias
1135 1667 1334 1736 facere,
1377 1665 1583 1720 falsum
1618 1671 1701 1720 cst
1736 1664 1846 1738 ipsi
1893 1683 1922 1720 a

32 1765 237 1822 Christo
282 1767 537 1823 collatam
591 1766 767 1822 fuisse
823 1766 1033 1837 plenam
1089 1764 1348 1839 pascendi
1396 1767 1760 1836 potestatem3
1808 1762 1922 1816 imo

26 1866 289 1936 praecipua
332 1865 565 1937 hujusce
605 1862 894 1937 potestatis
936 1869 1092 1934 parte
1139 1867 1309 1916 caret.
1354 1859 1549 1932 Igitur,
1594 1858 1681 1914 vel
1726 1866 1921 1931 negate

37 1959 93 2016 in
117 1961 358 2017 Romano
389 1961 648 2017 Pontifice
681 1962 894 2034 plenam
927 1959 1081 2014 illam
1123 1963 1475 2033 potestatem,
1518 1957 1605 2012 vel
1639 1955 1922 2023 concedite

44 2058 392 2132 obligatorias
418 2077 537 2116 esse
566 2059 745 2134 ipsius
773 2057 951 2131 quoad
977 2057 1140 2113 fidem
1167 2056 1536 2111 definitiones.
1564 2088 1634 2095 ——
1658 2053 1920 2109 Concedi-

34 2170 179 2223 mus,
218 2157 503 2227 inquiunt,
547 2156 907 2229 obligatorias
947 2172 1087 2221 essc;
1134 2155 1245 2208 imo
1287 2152 1463 2208 teneri
1504 2150 1689 2206 fideles
1724 2167 1918 2206 0111005

45 2250 112 2303 ad
152 2250 230 2303 eis
271 2250 658 2306 adhaerendum
689 2271 754 2307 ex
787 2254 983 2318 animo,
1029 2258 1080 2305 et
1116 2258 1242 2305 ante
1283 2267 1504 2303 omnem
1545 2248 1917 2303 Ecclesiarum

48 2357 400 2398 consensum.
427 2344 576 2399 —At
617 2346 664 2400 si
707 2349 810 2402 hoc
857 2348 1069 2402 sincere
1109 2344 1441 2412 conceditiS,
1494 2343 1771 2414 quomodo
1810 2360 1919 2396 non

48 2436 239 2492 videtis
279 2439 682 2494 concedendam
735 2447 787 2495 et
831 2442 1061 2497 Romani
1108 2439 1384 2495 Pontificis
1431 2438 1919 2493 infallibilitatem?

53 2533 314 2589 Adhaerere
349 2552 414 2587 ω’
444 2536 615 2590 animo
648 2537 1008 2610 propositioni
1051 2554 1081 2590 a
1109 2536 1251 2607 Papa
1285 2534 1542 2604 definitae,
1586 2534 1722 2605 quid
1765 2533 1917 2588 aliud

50 2635 126 2685 est
156 2646 320 2701 quam
357 2647 477 2685 eam
516 2634 724 2686 omnino
757 2641 950 2688 certam
988 2633 1228 2687 credere?
1254 2631 1408 2695 Quod
1443 2631 1487 2685 si
1518 2637 1709 2686 teneor
1751 2638 1918 2685 certas

46 2727 252 2781 credere
283 2745 456 2782 omnes
487 2735 536 2782 et
565 2728 793 2800 sinqnlas
823 2728 1134 2784 Pontificias
1161 2727 1531 2797 definitiones,
1565 2728 1667 2782 hoc
1692 2726 1813 2800 ipso
1844 2733 1919 2782 te-

44 2838 174 2878 neor
202 2822 421 2879 credere
456 2823 773 2880 Pontificem
817 2825 874 2878 in
914 2824 994 2879 eis
1022 2842 1133 2879 non
1163 2841 1398 2891 errasse3
1440 2842 1538 2881 seu
1574 2825 1741 2897 (quod
1771 2825 1915 2881 idem

47 2918 146 2988 est)
180 2925 367 2975 teneor
398 2921 582 2994 ipsum
619 2920 974 2977 infallibilem
1010 2920 1253 2977 credere.

118 3013 180 3070 Et
209 3015 320 3070 haec
356 3017 578 3088 quidem
609 3017 955 3092 apertissima
980 3016 1342 3072 contradictio
1379 3017 1601 3091 propria
1640 3022 1722 3071 est
1751 3014 1915 3070 Galli-

44 3106 166 3162 cani
199 3112 505 3183 systematis
544 3114 891 3187 sequacibus;
931 3113 1084 3168 abest
1110 3119 1297 3168 autem
1335 3131 1365 3167 a
1396 3118 1695 3186 systemate
1725 3110 1914 3165 Janse-

47 3202 337 3276 nistarum,
366 3208 525 3265 Marci
549 3210 769 3266 Antonii
807 3211 875 3267 (10
902 3211 1151 3267 Dominis
1187 3215 1241 3265 et
1263 3209 1537 3266 Febronii.
1570 3208 1702 3262 Nam
1729 3207 1783 3261 hi
1809 3206 1912 3263 Ro-

42 3316 202 3356 mano
239 3302 480 3361 Pontifici
515 3306 781 3380 denegant
812 3309 1024 3380 plenam
1055 3306 1318 3386 pascendi
1346 3308 1698 3379 potestatem,
1734 3322 1913 3380 neque

43 3395 216 3470 ipsius
248 3400 674 3459 definitionibus
719 3422 784 3459 ex
823 3408 994 3459 animo
1041 3411 1092 3460 et
1141 3410 1267 3459 ante
1306 3401 1679 3458 Ecclesiarum
1725 3420 1910 3460 assen-

41 3507 162 3549 sum
204 3495 593 3554 adhaerendum
633 3517 752 3555 0550
780 3500 1114 3555 concedunt.
1155 3499 1410 3568 Proinde,
1450 3499 1658 3572 absque
1697 3509 1911 3558 contra-

42 3587 277 3651 dictione
310 3596 587 3653 sustinent
605 3613 879 3671 ⁸erroneas
908 3614 1025 3654 0550
1055 3614 1215 3671 posse
1253 3596 1485 3656 Romani
1514 3595 1794 3659 Pontificis'
1816 3602 1910 3658 de-

0 3735 2 3842 l

0 3855 3 4010 l
