2262 3990
858 166 982 213 PARS
1010 164 1213 214 TERTIA.
1883 156 1970 205 665

105 277 308 336 desinit
344 292 464 333 esse
488 275 630 350 Papa
652 295 681 328 a»
721 274 808 347 (cle
835 273 988 345 Fide,
1024 272 1168 347 disp.
1203 289 1255 342 x,
1291 274 1426 328 sect.
1467 266 1555 338 vl,
1589 285 1648 323 n.
1679 265 1760 340 6).
1797 264 1971 330 Quam

105 372 516 430 conclusionem
538 370 672 427 dicit
694 387 813 427 esse
835 384 1191 426 communem
1214 366 1505 423 doctorum
1531 362 1881 421 sententiam.
1899 393 1975 403 —

107 470 368 539 Secundo,
411 467 567 523 illius
613 465 983 523 conclusionis
1021 464 1264 520 rationes
1302 460 1522 519 deducit
1564 460 1622 516 in
1667 460 1818 516 hunc
1859 474 1978 514 mo·

108 566 242 622 dum
271 586 284 619 :
316 586 343 617 «
364 562 649 637 Colligitur
673 580 738 619 ex
763 562 1039 618 Clemente
1066 561 1270 636 primo,
1293 558 1521 634 epistola
1550 556 1754 632 prima,
1780 553 1879 639 ulii
1903 553 1978 610 ait

103 661 324 717 Petrum
357 659 635 730 docuisse,
668 659 987 715 haereticum
1013 659 1213 733 Papam
1251 674 1369 714 esse
1403 654 1814 730 deponendum.
1838 651 1979 708 Fun-

106 757 429 814 damentum
465 762 649 812 autem
672 757 776 811 hoc
802 762 907 826 est,
938 755 1067 828 quia
1098 754 1488 828 gravissimum
1516 753 1654 809 foret
1676 766 1976 807 nocumen-

105 861 225 912 tum
251 854 503 911 Ecclesiae
525 852 921 926 talemlhabere
938 856 1237 926 pastorem,
1261 868 1362 906 nec
1380 867 1539 924 posse
1563 848 1670 907 sibi
1690 831 1983 905 subvenire

106 953 166 1008 in
202 959 314 1008 tam
346 951 500 1024 gravi
522 949 786 1025 periculo.
829 948 1096 1005 Praeterea
1137 954 1330 1004 contra
1361 947 1687 1020 dignitatem
1725 945 1983 1002 Ecclesiae

105 1047 238 1103 facit
270 1046 550 1102 subditam
578 1061 803 1101 manere
831 1044 1086 1100 haeretico
1109 1042 1379 1113 Pontifici,
1410 1060 1590 1116 neque
1626 1060 1790 1117 posse
1820 1042 1982 1097 illum

106 1159 138 1198 a
165 1158 224 1197 se
246 1141 539 1215 depellere.
558 1140 691 1196 Nam
719 1140 898 1213 qualis
921 1147 1001 1196 est
1028 1140 1287 1214 princeps
1310 1144 1362 1195 et
1385 1138 1664 1207 sacerdOS,
1693 1136 1824 1194 talis
1849 1136 1987 1193 solet

106 1238 413 1294 existimari
440 1237 699 1311 populus,
725 1237 832 1293 Hoc
859 1237 990 1293 item
1019 1237 1347 1292 confirmant
1369 1234 1611 1290 rationes
1635 1233 1840 1308 prioris
1865 1249 1988 1288 sen-

107 1335 309 1401 tentiae3
342 1335 435 1390 illa
465 1335 763 1409 praecipue,
802 1336 949 1407 quod
992 1334 1219 1390 haeresis
1253 1342 1311 1389 ut
1333 1351 1518 1389 cancer
1541 1333 1726 1404 serpit;
1761 1335 1986 1405 propter

110 1432 255 1504 quod
280 1432 508 1502 malum,
538 1432 779 1488 haeretici
805 1431 1007 1505 (quoad
1029 1430 1149 1486 fieri
1171 1435 1369 1505 potest)
1390 1428 1600 1485 vitandi
1627 1433 1780 1494 sunt;
1810 1425 1987 1481 multo

107 1544 233 1583 vero
263 1527 436 1600 magis
473 1535 662 1602 pastor
691 1528 998 1584 haereticus
1034 1528 1314 1592 Quomodo
1355 1531 1542 1582 autem
1581 1525 1744 1581 vitari
1777 1528 1981 1598 potest,

107 1623 156 1679 si
186 1632 375 1698 pastor
413 1643 531 1682 esse
560 1643 669 1682 non
705 1626 969 1682 desinat»
1008 1626 1147 1698 (loco
1176 1626 1298 1696 cit.‚
1342 1644 1400 1682 n.
1443 1625 1521 1697 6).
1550 1658 1619 1666 —
1657 1624 1851 1694 Terti0,
1894 1639 1991 1687 ex-‚

107 1721 296 1793 pendit
336 1721 535 1777 Suarez
576 1740 606 1777 a
644 1740 753 1795 quo
795 1722 1044 1778 facienda
1092 1722 1161 1777 sit
1201 1722 1343 1778 dicta
1389 1721 1710 1788 declaratio;
1759 1728 1810 1776 et
1851 1737 1984 1776 con-

104 1815 282 1871 cludit
317 1817 371 1871 id
405 1824 653 1891 spectare
691 1818 760 1873 ad
796 1836 988 1874 omnes
1023 1818 1318 1891 Episcopos
1347 1818 1625 1887 Ecclesiae,
1663 1836 1724 1873 ac
1757 1817 1989 1890 proinde

103 1912 174 1968 ad
204 1914 499 1968 concilium
533 1914 806 1986 generale.
848 1947 918 1954 —
961 1913 1181 1982 Quarto,
1224 1914 1328 1969 sibi
1368 1914 1558 1987 objicit
1601 1913 1988 1969 difficultatem

100 2008 347 2081 legitime
371 2010 740 2083 congregandi
771 2010 1043 2084 ejusmodi
1088 2011 1340 2083 generale
1376 2010 1701 2066 concilium.
1749 2011 1812 2066 Et
1853 2009 1991 2066 dicit

101 2105 287 2163 forsan
324 2124 434 2161 non
463 2124 585 2163 esse
624 2108 1066 2180 congregandam
1113 2107 1426 2179 generalem
1463 2107 1760 2180 synodum,
1794 2113 1847 2162 et
1873 2106 1989 2161 suf-

104 2201 263 2257 ficere
308 2203 539 2258 eoncilia
584 2203 962 2277 provincialia.
1012 2204 1150 2258 Tum
1186 2203 1339 2258 addit
1378 2203 1679 2258 concilium
1706 2203 1983 2274 generale,

105 2298 206 2354 etsi
241 2316 350 2353 non
390 2299 561 2372 possit
599 2299 880 2355 ordinarie
914 2299 1033 2372 cogi
1071 2299 1320 2372 legitime
1363 2299 1473 2354 nisi
1517 2317 1546 2354 a
1581 2299 1746 2373 Papa,
1788 2299 1847 2353 in
1877 2299 1983 2355 hoc

101 2398 287 2449 tamen
314 2413 446 2451 casu
479 2395 776 2451 coadunari
808 2414 993 2471 posse,
1020 2397 1105 2452 vel
1144 2414 1174 2452 a
1202 2395 1608 2466 Cardinalibus,
1642 2397 1727 2452 vel
1763 2415 1828 2452 ex
1854 2414 1987 2452 con-

105 2505 273 2545 sensu
295 2490 716 2565 Episcoporum,
739 2492 904 2547 etiam
927 2492 1097 2548 invito
1119 2493 1363 2548 Romano
1390 2493 1669 2548 Pontifice.
1689 2526 1755 2545 ψ-
1772 2492 1987 2562 Quinto,

101 2584 232 2640 dicit
250 2603 347 2659 per
363 2586 637 2659 ejusmodi
657 2587 1085 2643 declarationem
1106 2607 1217 2644 non
1236 2589 1482 2645 exerceri
1502 2608 1531 2645 a
1552 2589 1789 2645 concilio
1808 2590 1990 2644 ullum

102 2688 287 2737 actum
319 2684 723 2756 superioritatis
751 2703 918 2759 supra
955 2686 1176 2759 Papam;
1213 2686 1309 2742 sed
1341 2704 1371 2742 a
1403 2686 1619 2742 Christo
1644 2686 1764 2761 ipso
1788 2687 1988 2763 Papam

104 2776 323 2851 deponi,
347 2779 533 2835 statim
551 2797 614 2836 ac
637 2781 937 2838 concilium
965 2782 1260 2838 declaravit
1277 2783 1478 2857 Papam
1497 2801 1620 2839 esse
1639 2783 1985 2839 haereticum.

179 2874 375 2930 Contra
419 2876 572 2932 illam
617 2877 863 2935 Suaresii
915 2881 1247 2936 sententiam
1306 2882 1422 2936 haec
1477 2880 1641 2952 objici
1693 2886 1930 2952 possunt
1972 2880 1983 2911 ²

105 2969 159 3024 1ο
202 2969 356 3032 Quod
401 2971 665 3043 legitime,
718 2974 888 3031 invito
924 2976 1085 3048 Papa,
1141 2975 1461 3048 congregari
1513 2975 1692 3031 valeat
1741 2974 1993 3046 generale
2066 2960 2079 2970 ’

103 3064 406 3120 concilium
432 3067 499 3122 ad
529 3067 917 3124 declarandam
946 3070 1223 3126 Pontificis
1249 3071 1523 3138 haeresim,
1555 3070 1819 3143 quodque
1850 3070 1991 3126 facta

103 3159 208 3215 ista
231 3160 601 3219 declaratione
617 3164 861 3220 Pontifex
879 3183 908 3220 a
927 3166 1137 3222 Christo
1161 3167 1493 3241 deponatur,
1514 3184 1623 3222 non
1651 3173 1735 3222 est
1760 3166 1982 3238 dogma,

104 3255 198 3311 sed
230 3273 382 3312 mera
408 3258 616 3332 opinio.
655 3260 827 3334 Igitur
857 3261 1113 3318 fidelibus
1156 3269 1210 3319 et
1249 3263 1571 3320 doctoribus
1611 3263 1851 3319 liberum
1885 3263 1990 3319 erit

102 3350 300 3426 Papam
330 3354 424 3429 qui
455 3355 767 3413 declaratus
810 3365 892 3414 est
934 3359 1232 3416 haereticus
1271 3360 1454 3416 adhuc
1487 3362 1691 3417 habere
1719 3367 1987 3434 tanquam

103 3465 296 3504 verum
324 3458 377 3506 et
406 3451 716 3524 legitimum
741 3455 1081 3523 Pontificem;
1112 3474 1240 3513 eum
1269 3476 1399 3515 vero
1425 3458 1522 3531 qui
1546 3459 1665 3531 ejus
1695 3458 1815 3515 loco
1847 3459 1989 3516 elec·

100 3551 192 3603 tus
223 3547 444 3619 fuisset,
486 3551 759 3626 repellere
797 3558 1071 3626 tanquam
1103 3553 1372 3623 i1rusum.
1422 3556 1538 3613 Imo
1571 3556 1736 3614 facile
1766 3556 1986 3614 contin·
