2262 3990
299 151 390 198 570
976 109 1274 190 TRACTATth
1301 137 1370 187 ni:
1398 137 1547 187 ΡΑΡΑ.

232 264 235 268 ’
297 263 463 331 gatur
502 257 790 321 erratum,
832 249 918 306 xel
956 249 1246 308 sanciatur
1284 249 1683 324 quodcumque
1729 249 1899 307 fuerit
1949 249 2216 312 innovan-

297 355 489 410 dum»
530 349 759 423 (Contra
783 348 1082 407 Gimaecomm
1111 351 1378 424 opposita,
1405 347 1506 406 lib.
1538 347 1619 421 IV,
1651 366 1775 424 cap.
1802 365 1910 419 vm,
1948 347 2007 406 in
2034 349 2219 435 Patrai-

301 452 440 523 loqia
469 449 676 523 Migne,
714 454 758 505 t.
790 447 958 522 CXXI,
990 449 1098 505 eol.
1129 449 1288 523 556).
2182 453 2253 523 „iffi

374 547 435 607 In
463 548 620 605 bulla
648 547 932 605 Auctorem
956 550 1108 623 fidei,
1141 548 1210 605 ad
1246 547 1471 605 tertiam
1498 547 1697 624 synodi
1721 546 2075 605 Pistoriensis
2097 565 2222 624 pros

300 646 674 723 positionem,
721 646 934 704 dicitur
972 646 1260 704 Romanus
1305 647 1559 704 PontiFex
1605 666 1635 703 a
1683 646 1901 714 Christo
1948 647 2223 723 accepisse

302 752 638 824 potestatem
691 746 1033 817 ministerii,
1097 768 1125 800 «
1155 765 1264 821 qua
1301 747 1454 804 velu't
1499 746 1645 803 Petri
1694 763 2010 819 successor,
2061 734 2262 823 verm(

300 845 507 907 Christi
547 846 824 913 vicarium
866 865 930 903 ac
952 849 1115 904 totius
1154 847 1397 905 Ecclesiae
1437 853 1616 922 caput,
1651 845 1824 922 pollet
1864 845 1925 902 in
1963 844 2221 907 universa
2254 841 2262 908 t

302 946 628 1023 Ecclesia.»

384 1046 446 1103 In
493 1046 651 1105 Brevi
703 1048 877 1122 Super
915 1048 1209 1118 soliditate,
1245 1046 1529 1103 damnatis
1568 1046 1857 1104 erroribus
1895 1047 2224 1109 adnumerat
2258 1052 2262 1109 Ι

304 1146 435 1203 Pius
478 1146 541 1203 VI
587 1128 962 1204 assertionem
1016 1165 1123 1221 qua
1170 1153 1430 1220 negatur,
1488 1168 1515 1199 «
1543 1147 1862 1203 Romanum
1907 1146 2221 1207 Pontificem
2260 1171 2262 1191 ·

305 1246 678 1303 constitutum
731 1265 761 1303 a
804 1246 910 1303 Deo
944 1254 1103 1320 caput
1140 1246 1391 1303 Ecclesiae
1428 1245 1652 1318 visibile,
1698 1264 1762 1303 ac
1796 1245 2071 1303 vicarium
2101 1246 2224 1306 Jesu

304 1346 530 1404 Christi.
559 1368 586 1400 »

383 1445 562 1519 Igitur
584 1447 791 1522 Papam
827 1465 949 1504 esse
978 1465 1167 1504 revera
1200 1437 1371 1505 totius
1398 1447 1657 1505 Ecclesiae
1687 1453 1878 1524 caput,
1912 1447 2112 1522 dogma
2142 1465 2225 1506 ca-

312 1545 585 1601 tholicum
614 1553 718 1603 est.

379 1646 443 1702 11.
476 1646 626 1720 Papa
654 1666 761 1703 non
796 1655 934 1705 esset
960 1667 1053 1704 nec
1084 1649 1189 1704 (lici
1220 1649 1426 1704 deberet
1457 1667 1610 1705 CAPUT
1642 1667 1907 1720 ECCLESIAE,
1941 1651 2048 1705 nisi
2073 1663 2228 1722 supra

306 1748 581 1804 concilium
616 1743 862 1822 yenerale
899 1756 949 1805 et
985 1749 1275 1823 Episcopos
1301 1750 1564 1806 collective
1598 1758 1836 1823 sumptos
1863 1751 2226 1807 auctoritatem

307 1849 542 1905 liaberet.
571 1881 645 1891 ---
674 1849 968 1922 Colligitur
998 1851 1052 1906 1⁰
1085 1870 1148 1907 cx
1181 1851 1341 1907 obvio
1377 1856 1431 1908 ct
1461 1858 1613 1910 certo
1642 1870 1814 1908 sensu
1850 1852 2085 1926 hujusce
2116 1863 2226 1906 me·

308 1951 577 2025 taphorae.
621 1950 759 2005 Nam
793 1950 1011 2023 quotics
1039 1951 1168 2023 quis
1212 1934 1423 2007 dicitur
1466 1962 1618 2026 caput
1652 1952 1882 2009 relative
1912 1952 1980 2008 ad
2009 1951 2230 2013 societa*

312 2058 420 2107 tem
450 2050 721 2124 aliquam,
757 2067 958 2106 sensus
986 2055 1068 2105 est
1092 2055 1267 2106 totam
1309 2049 1465 2105 illam
1498 2051 1820 2107 societatem
1855 2051 1966 2126 ipsi
2001 2052 2235 2107 subesse

311 2158 361 2209 ct
397 2151 464 2206 ab
490 2151 611 2224 ipso
642 2151 782 2223 regi,
813 2150 1293 2223 quemadmodum
1322 2170 1523 2226 corpus
1559 2153 1879 2207 humanum
1909 2151 2077 2226 capiti
2105 2134 2262 2207 subo'

311 2257 395 2307 est
422 2258 474 2307 et
504 2269 532 2305 a
560 2250 741 2325 capite
768 2250 1002 2323 regitur.
1032 2249 1202 2306 Porro
1231 2249 1288 2305 in
1318 2267 1551 2325 corpore
1576 2251 1847 2322 humanO,
1871 2257 2040 2326 caput
2067 2268 2234 2307 mem-

312 2334 412 2404 bra
442 2354 641 2405 caetera
671 2348 837 2421 regit,
867 2366 981 2403 non
1010 2353 1290 2420 quatenus
1317 2347 1673 2404 distributive
1708 2356 1935 2425 sumpta
1967 2354 2021 2405 et
2051 2349 2119 2405 ab
2154 2348 2235 2404 in·

312 2446 491 2502 vicem
527 2447 803 2521 sejuncta,
844 2446 940 2503 sed
981 2445 1264 2502 collective
1303 2451 1357 2502 et
1388 2452 1668 2519 quatenus
1713 2447 1772 2502 in
1814 2465 1997 2503 unum
2039 2463 2234 2523 corpus

313 2546 651 2603 coadunata.
691 2547 903 2622 Nempe
942 2553 1006 2602 ut
1042 2552 1210 2621 caput
1246 2545 1318 2603 sit
1361 2552 1529 2620 caput
1568 2546 1810 2620 alicujus
1845 2545 2098 2622 corporis
2135 2547 2236 2602 hu·

314 2647 493 2716 mani,
541 2665 769 2703 necesse
816 2654 992 2704 estut
1026 2647 1279 2703 membra
1319 2646 1466 2703 inter
1508 2664 1566 2702 se
1596 2647 1779 2716 unita,
1813 2647 1981 2721 capiti
2023 2656 2237 2721 quoque

313 2746 589 2802 uniantur
628 2751 682 2801 ct
716 2746 796 2802 sic
825 2765 1030 2822 corpus
1061 2745 1348 2819 integrum
1382 2745 1648 2802 efficiant.
1679 2746 1891 2802 Pariter
1934 2746 2031 2820 qui
2072 2744 2235 2802 socie-

314 2845 411 2901 tati
459 2843 631 2901 alieui
676 2851 901 2919 praeest,
953 2845 1000 2900 si
1045 2845 1438 2902 auctoritatem
1487 2863 1598 2900 non
1645 2845 1844 2902 haheat
1883 2845 1941 2901 in
1991 2843 2238 2900 membra

316 2946 481 3003 istius
531 2944 812 3002 societatis
855 2952 1133 3019 quatenus
1182 2945 1467 3002 collective
1513 2952 1734 3021 sumpta
1783 2964 1884 3003 seu
1926 2945 2238 3002 societatem

315 3045 642 3116 conflantia,
667 3046 783 3121 jam
815 3045 925 3102 dici
952 3046 1147 3120 nequit
1179 3046 1349 3120 hujus
1388 3046 1673 3104 societatis
1707 3056 1865 3121 caput
1906 3064 2006 3102 seu
2036 3048 2238 3101 rector„¹

314 3145 509 3219 Igitur,
547 3163 678 3200 cum
704 3150 922 3201 certum
954 3145 1023 3202 sit
1054 3151 1107 3201 et
1144 3145 1210 3201 de
1238 3145 1345 3201 fide
1371 3146 1577 3222 Papam
1622 3163 1743 3202 esse
1778 3152 1935 3219 caput
1969 3143 2238 3212 Ecclesiae..

322 3245 584 3319 sequitur
621 3245 732 3320 ipsi
780 3245 1178 3302 auctoritatem
1206 3251 1526 3321 competere
1563 3246 1623 3302 in
1663 3245 1923 3302 Ecclesiae
1966 3243 2238 3311 membra,-

321 3350 599 3418 quatenus
622 3345 889 3402 collective
913 3355 1144 3420 sumpto,
1177 3345 1234 3401 id
1265 3352 1371 3416 est,
1398 3352 1682 3420 quatenus
1706 3347 2012 3403 Ecclesiam
2036 3338 2238 3401 consti-

318 3449 511 3500 tuunt.
548 3444 766 3502 Etenim
812 3445 1170 3503 distributive
1217 3451 1446 3522 sumpta
1493 3465 1853 3522 nequaquam
1893 3432 2237 3503 constituunt

326 3538 653 3613 Ecclesiam,
692 3550 755 3601 ut
786 3551 958 3621 patet.

401 3637 456 3690 2⁰
486 3640 637 3695 Idem
663 3624 954 3716 colligitur
978 3663 1044 3701 ex
1079 3663 1214 3702 voce
1251 3630 1507 3702 Ecclesia.
1551 3645 1762 3718 Nempe
1788 3643 1856 3699 de
1891 3642 1999 3697 fide
2029 3645 2111 3696 est
2144 3638 2242 3694 Ph*-
