2262 3990
845 140 969 190 PARS
995 139 1193 188 mm.
1849 133 1938 180 575

76 255 261 328 utpote
295 268 405 307 non
430 248 758 326 proveniens
786 248 853 306 ab
893 246 1221 306 auctoritate
1256 243 1347 303 cui
1375 258 1598 300 necesse
1629 239 1701 299 sit
1727 241 1942 299 obtem-

75 364 286 424 perare.
315 346 480 402 Porro
518 345 565 402 si
599 344 896 402 concilium
920 349 1065 400 esset
1097 359 1265 418 supra
1302 341 1526 416 Papam,
1554 337 1623 395 ad
1646 336 1854 412 ipsum,
1887 341 1940 392 et

76 463 185 503 non
210 444 280 501 ad
312 445 534 519 Papam,
557 442 855 517 pertineret
879 439 1102 516 proprie
1124 438 1269 496 dicta
1296 435 1544 495 definitio
1568 433 1940 509 quaestionum

75 541 222 610 fidei;
251 540 299 598 si
323 539 549 613 quidem
575 538 851 614 quidquid
879 536 1217 594 definivisset
1237 536 1400 612 Papa,
1421 538 1609 611 posset
1630 550 1662 589 a
1685 530 1944 602 concilio,

74 639 266 710 utpote
305 633 646 708 superiorem
681 631 1064 689 auctoritatem
1106 629 1451 705 possidente,
1489 629 1557 685 ad
1592 645 1824 684 examen
1865 644 1947 683 re·

72 730 253 788 vocari
292 737 346 786 et
388 729 663 786 definitive
693 727 951 802 judicari.
995 728 1103 783 Nee
1147 733 1292 784 esset
1335 725 1629 783 infallibile
1669 723 1947 799 judicium

76 844 241 903 penes
275 826 497 900 Papam,
529 825 627 882 sed
663 841 829 899 penes
852 821 1173 880 concilium.
1201 854 1271 864 —
1295 821 1433 878 Item
1459 828 1697 879 errasset
1723 826 1948 879 sanctus

75 923 319 982 Zozimus
363 922 527 996 Papa,
573 921 679 977 sibi
727 927 930 976 tantum
974 919 1301 975 auctoritatis
1340 918 1624 987 tribuenS,
1674 924 1736 975 ut
1777 919 1949 974 nullus

69 1023 230 1097 possit
256 1021 319 1076 cle
346 1022 508 1094 ipsius
541 1021 799 1075 sententia
837 1025 1140 1074 retractare.
1171 1016 1306 1072 Nam
1338 1015 1393 1071 id
1418 1023 1600 1091 posset
1622 1017 1949 1074 concilium-

76 1111 374 1194 sine-Papa.
413 1118 476 1175 Et
511 1117 741 1191 insuper
765 1123 1001 1174 errasset
1038 1115 1125 1173 vel
1158 1114 1431 1172 mentitus
1464 1121 1626 1183 esset,
1656 1134 1787 1172 cum
1823 1115 1951 1171 sub-

72 1217 253 1291 junxit
285 1216 361 1272 ita
393 1233 597 1289 semper
635 1220 939 1283 servatum,
988 1218 1040 1269 et
1073 1211 1287 1268 firmari
1320 1218 1434 1269 tam
1476 1210 1740 1268 humanis
1781 1230 1949 1284 quam

80 1316 260 1371 divinis
286 1312 516 1386 legibus.
543 1345 617 1353 —
637 1312 769 1368 ltem
792 1317 1028 1368 errasset
1055 1316 1278 1367 sanctus
1308 1310 1620 1367 Bonifaeius
1650 1312 1669 1365 Ι
1704 1309 1783 1367 sic
1807 1328 1952 1366 asse-

83 1426 206 1466 rens
243 1416 507 1483 tanquam
545 1407 677 1480 quid
721 1406 1066 1463 notorietatis
1108 1407 1362 1481 puhlicae,
1406 1408 1553 1480 quod
1594 1426 1949 1480 nequaquam

85 1507 305 1581 putabat
337 1522 497 1579 posse
534 1523 563 1560 a
596 1522 874 1576 quoquam
905 1503 1091 1575 negari
1118 1525 1130 1558 ε
1165 1503 1452 1578 Numquam
1480 1507 1615 1560 enim
1637 1507 1779 1562 licuit
1812 1506 1874 1560 de
1893 1523 1950 1560 eo

81 1620 284 1672 rursus,
328 1602 459 1674 quod
499 1601 656 1656 semel
704 1607 954 1656 statutum
992 1607 1069 1656 est
1109 1602 1169 1656 ab
1203 1603 1489 1673 apostolica
1529 1601 1664 1657 Sede
1708 1603 1947 1657 tractari.

77 1698 255 1756 Posito
279 1699 427 1754 enim
453 1698 596 1771 quod
626 1698 921 1755 concilium
948 1698 1018 1754 sit
1049 1716 1215 1772 supra
1242 1699 1460 1773 Papam,
1487 1699 1544 1753 id
1572 1703 1791 1754 econtra
1814 1717 1947 1753 sem-

75 1815 172 1868 per
212 1797 350 1851 licuit
394 1795 671 1869 Episcopis
710 1795 988 1851 collective
1026 1794 1263 1868 sumptis
1305 1801 1402 1850 aut
1445 1795 1505 1850 in
1542 1793 1775 1851 coneilio
1815 1795 1949 1850 adu-

79 1891 244 1947 natis,
276 1923 344 1932 —
377 1865 527 1948 Item·
555 1891 750 1947 insane
779 1893 994 1946 loeutus
1031 1891 1227 1947 suisset
1266 1896 1492 1947 sanetus
1534 1890 1802 1956 Gelasius‚
1852 1888 1947 1963 qui

77 1996 329 2063 provocat
361 1989 428 2045 ad
469 1988 850 2045 notorietatem
889 1988 1167 2062 publicam
1206 2006 1303 2063 per
1346 1989 1460 2045 haec
1495 1990 1658 2046 verba
1694 2009 1705 2042 ε
1749 1990 1944 2047 Cuncta

74 2103 171 2159 per
204 2087 445 2142 mundum
472 2088 605 2142 novit
631 2086 892 2150 Ecclesia;
931 2093 983 2142 et
1011 2086 1204 2142 asserit
1232 2086 1503 2142 Romanae
1524 2087 1649 2142 Sedi
1681 2087 1774 2160 jus
1803 2105 1949 2142 com-

76 2190 256 2257 petere
285 2184 637 2240 «resolvendi
660 2183 826 2255 ligata
856 2183 1144 2239 sententiis
1170 2184 1506 2255 quorumlibet
1532 2184 1885 2239 Pontificum.
1919 2205 1944 2235 »

78 2279 131 2336 Si
173 2281 532 2351 quorumlibet,
565 2298 691 2352 ergo
732 2285 785 2334 et
825 2279 1106 2334 collective
1143 2286 1492 2352 sumptorum
1539 2285 1591 2335 et
1627 2279 1682 2333 in
1716 2280 1947 2335 coneilio

79 2379 468 2435 adunatorum.
500 2378 632 2433 Item
664 2376 787 2432 Sedi
811 2376 1122 2451 apostolicae
1159 2377 1421 2434 adscribit
1455 2379 1546 2451 jus
1590 2377 1654 2432 de
1687 2379 1823 2432 omni
1857 2378 1947 2433 Ec·

78 2476 244 2533 clesia
283 2476 588 2550 judicandi.
637 2475 692 2530 Si
727 2474 795 2531 de
830 2477 967 2530 omni
1002 2475 1267 2547 Ecclesia,
1308 2494 1439 2548 ergo
1490 2481 1543 2531 et
1580 2476 1645 2531 de
1687 2475 1944 2532 omnibus

76 2571 356 2646 Episcopis
399 2571 456 2627 in
497 2571 730 2627 concilio
766 2571 1109 2645 congregatis
1146 2579 1197 2627 et
1229 2571 1507 2628 collective
1549 2591 1648 2629 seu
1686 2571 1946 2628 concilia-

78 2667 211 2724 riter
236 2668 543 2742 agentibuS.
577 2668 868 2742 Subjungit
901 2687 1012 2724 non
1044 2668 1208 2724 licere
1235 2671 1466 2742 cuiquam
1492 2670 1746 2743 judicare
1772 2670 1839 2726 de
1859 2671 1948 2743 ju-

79 2763 220 2819 dicio
245 2765 396 2821 Sedis
422 2766 696 2822 Romanae.
732 2765 785 2822 Si
815 2783 926 2822 non
955 2766 1115 2823 liceat
1145 2769 1400 2839 cuiquam,
1431 2786 1560 2840 ergo
1585 2786 1686 2823 nec
1714 2768 1946 2824 coneilio

81 2860 342 2931 generali.
377 2893 451 2903 —
474 2862 711 2919 Tandem
746 2880 1040 2920 erroneum
1085 2864 1224 2921 soret
1258 2864 1437 2921 sancti
1465 2865 1673 2920 Nicolai
1713 2865 1731 2918 l
1772 2883 1946 2921 asser-

84 2962 200 3009 tum
247 2953 395 3009 istud
429 2973 441 3007 :
480 2956 628 3011 Sedis
673 2958 963 3029 apostolicae
998 2962 1309 3014 auctoritate
1347 2960 1511 3031 major
1548 2978 1650 3014 non
1691 2966 1787 3014 est.
1827 2960 1948 3015 Ete-

82 3050 220 3120 nim,
262 3050 316 3105 in
355 3050 792 3110 adversariorum
828 3055 1136 3129 hypothesi,
1178 3058 1348 3129 major
1378 3056 1518 3112 soret
1557 3055 1949 3113 concilii-sine-

81 3148 215 3220 l‘apa
244 3147 561 3204 auctoritas.
