2306 4010
277 128 366 178 166
919 117 1232 184 ,TRACTATUS
1261 116 1329 163 DE
1358 114 1507 163 PAPA.

278 236 340 294 in
365 253 540 294 unam
575 233 942 304 eamdemque
976 225 1261 283 recidunt.
1309 222 1592 280 Nimirum
1626 222 1727 280 ubi
1757 241 1908 281 voces
1943 226 2078 283 hane
2102 226 2241 292 Pe-n,

278 342 439 405 tram,
468 336 739 407 exponunt
764 329 830 384 de
859 327 1042 392 Petr0,
1074 321 1404 396 intelligunt
1436 322 1504 379 de
1537 323 1697 380 Petro
1729 319 1991 396 quaten-us
2021 343 2217 382 veram-

276 437 438 507 fidem
479 431 769 504 profitente
809 433 858 481 et
892 423 1244 496 praedicante.
1290 422 1356 479 Et
1401 422 1630 498 quando
1675 429 1961 496 exponunt
2001 425 2065 480 de
2100 425 2211 497 fide·

275 532 446 600 Petri,
477 529 581 584 hoc
614 525 736 599 ipso
774 521 1105 596 intelligunt
1133 523 1201 580 de
1225 523 1384 579 Petro
1424 522 1546 598 ipso
1586 523 1732 579 hanc
1766 520 1936 579 fidem
1963 523 2206 583 habente

275 633 327 684 et
353 625 715 702 praedicante.
744 621 815 677 De
845 641 956 696 quo
984 621 1065 679 sic
1094 622 1437 679 Ballerinius
1473 642 1484 675 ε

2267 286 2289 296 ,-

2256 295 2306 493 1

352 742 380 775 «
407 722 489 778 Ita
530 721 762 777 Patrum
806 720 1132 779 testimonia
1171 722 1383 796 quihus
1425 726 1657 778 sanctus
1695 721 1916 794 PetruS,
1957 727 2013 778 et
2050 722 2208 779 testi·
2302 793 2306 801 ἃ

271 822 463 880 monia
507 822 718 896 quihus
761 823 882 897 ejus
930 822 1068 880 fides
1096 831 1262 898 petrae
1300 823 1531 880 nomine
1569 822 1904 898 explicatur,
1938 823 2084 879 nihil
2108 841 2211 899 pu-

269 928 445 998 gnant
470 922 619 980 inter
649 941 730 995 se,
759 924 858 980 sed
884 923 1097 1000 optime
1122 926 1430 993 cohaerent,
1459 930 1513 981 et
1543 924 1603 979 in
1629 943 1805 981 unam
1836 924 2208 998 eamdemque

267 1023 606 1080 catholicam
654 1024 970 1081 doctrinam
1023 1043 1086 1082 ac
1128 1025 1498 1081 traditionem
1554 1025 1905 1101 conspirant.
1965 1027 2039 1081 Ex
2087 1042 2203 1083 una
2303 1056 2306 1059 ·

267 1128 427 1198 parte
459 1123 817 1196 evangelicus
848 1130 1035 1182 textus
1062 1125 1131 1182 de
1171 1130 1363 1182 sancto
1389 1125 1548 1181 Petro
1584 1128 1806 1199 proprie
1840 1125 2203 1200 accipiendus

269 1220 560 1285 statuitur;
583 1238 649 1276 ex
673 1222 782 1278 alia
804 1240 957 1293 vero,
997 1241 1107 1296 qua
1135 1240 1384 1296 congrua
1415 1221 1485 1278 de
1523 1239 1586 1278 eo
1614 1221 1833 1278 ratione
1863 1221 2090 1296 proprie
2120 1220 2204 1276 in-

266 1318 608 1393 telligendus
636 1320 731 1390 sit,
762 1321 1057 1378 commode
1083 1321 1386 1397 exponitur
1413 1341 1422 1374 :
1458 1319 1611 1394 quo'd
1634 1325 1948 1394 utrumque
1975 1324 2204 1375 sanctus

268 1416 567 1493 Gregorius
595 1421 977 1479 Nazianzenus
1014 1430 1140 1496 apte
1173 1421 1557 1496 complectens
1586 1420 1815 1495 scripsit
1849 1443 1858 1475 :
1897 1421 2086 1476 Petrus
2113 1437 2207 1491 pe-

272 1525 357 1573 tra
382 1527 624 1592 vocatur,
655 1529 807 1595 atque
832 1522 1079 1578 Ecclesiae
1103 1523 1454 1595 fundamenta
1484 1520 1609 1592 fidet
1632 1538 1743 1576 suae
1772 1520 1973 1574 credita
1997 1518 2146 1573 habet
2176 1537 2204 1570 υ

274 1615 371 1687 (De
394 1618 444 1671 vi
477 1636 536 1672 ac
557 1621 814 1692 primatu,
845 1638 968 1694 cap.
997 1640 1084 1688 ΧΠ,
1115 1622 1140 1692 Ξ
1171 1620 1223 1691 1,
1254 1638 1311 1674 n.
1344 1619 1466 1692 45).

346 1713 628 1770 Pnoposmo
669 1716 752 1770 11²¹.
777 1750 849 1759 —
871 1717 990 1788 Qut,
1030 1720 1122 1774 sub
1155 1725 1423 1792 praetextu
1458 1718 1597 1790 quod
1635 1717 1802 1773 scmcti
1834 1715 2025 1772 Patres
2051 1714 2209 1769 verba

272 1830 433 1887 super
465 1815 599 1870 hanc
619 1822 829 1888 petram
858 1819 1219 1875 intelleoeerint
1243 1820 1404 1874 etiam
1429 1819 1492 1873 de
1524 1819 1629 1890 fide
1654 1817 1826 1886 Petri,
1862 1822 2079 1887 negaret
2119 1832 2210 1868 eas

269 1913 486 1985 proprie
521 1914 586 1969 de
624 1914 786 1970 Petro
823 1917 935 1988 ipso
971 1934 1085 1971 esse
1125 1916 1521 1989 intelliqemlas,
1550 1917 1605 1969 in
1639 1930 1875 1970 errorem
1897 1913 2211 1986 t'mptnyeret

273 2030 305 2068 α
334 2013 432 2069 Ρὶο
471 2014 545 2077 VI
566 2015 896 2071 dcmmatttm.
928 2050 990 2057 --
1011 2016 1099 2072 Sic
1124 2034 1329 2091 nempe
1369 2016 1632 2072 laudatus
1671 2014 1799 2070 Pius
1837 2013 1924 2083 VI,
1956 2013 2014 2068 in
2051 2012 2209 2069 Brevi

176 2169 182 2175 ,
274 2109 447 2186 Super
470 2111 764 2184 soliditate,
788 2114 859 2170 ‘28
883 2115 1205 2171 novembris
1227 2113 1518 2188 1786,qu0
1549 2114 1856 2170 damnatus
1877 2117 1961 2167 est
1980 2111 2210 2167 libellus

276 2207 416 2276 Quid
443 2217 521 2265 est
545 2210 697 2284 Papa.
739 2211 1075 2286 inscriptuS,
1103 2213 1271 2286 cujus
1306 2219 1504 2269 auctor
1546 2213 1716 2287 Eyhel
1748 2233 1758 2264 :
1804 2232 1830 2263 «
1862 2211 1980 2275 Quo
2019 2194 2211 2283 (saneti

271 2307 547 2380 Auyusttnt
584 2310 902 2386 testimonio)
943 2310 1052 2366 alia
1082 2311 1364 2367 refellitur
1401 2310 1696 2386 scriptoris
1739 2307 1950 2384 (Eybel)
1995 2308 2210 2364 calum-

274 2407 390 2479 nia,
418 2408 553 2465 dum
575 2416 746 2483 petrae
772 2410 1005 2467 nomine
1030 2429 1198 2486 super
1225 2430 1397 2485 quam
1426 2411 1679 2468 Christus
1709 2409 2004 2466 aedificavit
2026 2409 2211 2466 Eccle-

275 2505 420 2562 siam
450 2525 635 2577 suam,
665 2526 779 2564 non
811 2526 1139 2583 personam,
1170 2510 1266 2566 sed
1298 2511 1466 2566 fidem
1498 2516 1595 2565 aut
1627 2509 2038 2580 confessionem
2065 2507 2210 2564 Petri

274 2604 394 2660 vult
428 2604 616 2677 potius
649 2622 773 2661 esse
802 2605 1253 2679 intelligendam3
1286 2607 1450 2680 quasi
1472 2607 1663 2662 Patres
1689 2605 1751 2676 ii,
1783 2605 1905 2678 qui,
1936 2622 2037 2680 pro
2065 2605 2209 2661 mira

275 2701 642 2759 foecunditate
680 2702 1002 2779 Scripturae,
1041 2713 1216 2779 petrae
1253 2705 1595 2761 vocabulum
1641 2722 1704 2761 eo
1736 2722 1963 2778 quoque
2003 2705 2213 2761 retule-

277 2805 437 2872 runt,
467 2800 768 2858 litteralem
797 2803 962 2859 illum
996 2822 1252 2874 sensum,
1283 2822 1392 2879 quo
1423 2803 1491 2859 ad
1513 2804 1743 2859 Petrum
1775 2802 1966 2878 ipsum
2000 2802 2210 2859 directe

276 2898 538 2972 refertur,
581 2900 958 2973 deseruerint,
988 2920 1051 2959 ac
1089 2921 1203 2959 non
1241 2902 1411 2958 etiam
1456 2901 1817 2977 apertissime
1843 2900 2206 2957 retinuerint.

279 2996 367 3053 Sic
410 3002 465 3053 et
506 2998 776 3072 magister
817 3000 1116 3075 Augustini
1157 3000 1486 3058 Ambrosius
1531 3021 1541 3054 :
1595 3001 1716 3074 Ipse
1767 3007 1844 3054 est
1890 2998 2083 3054 Petrus
2128 2999 2211 3054 cui

280 3099 417 3155 dtaett
442 3121 458 3153 .·
508 3099 582 3156 Tu
622 3119 675 3156 es
704 3101 898 3159 Petrus
931 3111 979 3159 et
1004 3122 1164 3176 super
1200 3105 1334 3158 hane
1363 3110 1576 3176 petram
1611 3100 1884 3172 aedificabo
1915 3099 2210 3156 Ecclesia-m
2302 3156 2306 3170 Ι,

279 3215 471 3256 meam.
512 3198 603 3256 Ubi
644 3219 768 3274 erqo
796 3201 1009 3274 Petrus,
1052 3203 1122 3258 ibt
1160 3201 1423 3258 Ecclesia.
1464 3199 1587 3256 Haec
1631 3217 1747 3256 una
1781 3216 1887 3256 vox
1917 3198 2147 3254 Patrum
2176 3217 2204 3249 n

281 3295 469 3369 (Breve
497 3298 668 3374 Super
693 3300 985 3374 soliditate,
1010 3300 1069 3356 in
1093 3299 1340 3358 bullario
1361 3299 1615 3356 Romano
1636 3296 1998 3365 continuam,
2029 3302 2071 3352 t.
2098 3294 2206 3366 vll,
2291 3291 2306 3363 ..ἑ

282 3394 390 3451 col.
427 3396 584 3472 675).

2284 3370 2306 3433 ,ἒ

2290 3448 2306 3490 t

367 3493 581 3568 Objt'cies
612 3499 688 3556 1⁰.
730 3533 800 3542 —
827 3500 990 3559 Solus
1026 3500 1287 3559 Christus
1324 3508 1407 3557 est
1447 3499 1886 3556 fundamentum
1923 3492 2204 3563 Ecclesiae,
2283 3499 2306 3582 ξᾖ

286 3592 510 3652 dicente
525 3595 690 3655 Paulo
706 3620 717 3653 :
736 3600 1155 3660 Fundamentum
1169 3603 1311 3659 enim
1329 3599 1477 3658 aliud
1493 3616 1646 3656 nemo
1659 3602 1839 3672 potest
1854 3613 2055 3671 ponere
2066 3611 2214 3668 prae-
2296 3589 2298 3594 ’
