2306 4010
834 185 954 233 PARS
983 182 1222 230 SECUNDA.
1880 175 1968 223 559

92 300 465 379 (BalleriniuS,
494 299 557 354 de
595 297 862 355 Potestate
901 291 1270 358 ecclesiastica,
1299 305 1419 364 cap.
1464 306 1516 356 v,
1556 272 1591 358 ἒ
1622 286 1678 356 1,
1723 302 1778 340 n.
1827 282 1861 340 5
1905 283 1963 338 in

91 398 261 470 nota).
284 395 456 469 Igitur
485 393 727 469 primam
755 390 910 447 illam
937 387 1251 464 epistolam,
1279 385 1441 459 cujus
1467 380 1760 459 originalis
1781 385 1965 438 textus

91 495 300 553 latinus
330 511 440 550 non
486 491 740 561 habetur,
778 505 889 545 non
920 485 1097 561 rejicit
1138 483 1474 542 Ballerinius
1516 489 1787 557 tanquam
1839 498 1970 556 spu-

94 592 258 661 riam,
294 590 390 646 sed
427 594 644 646 tantum
675 585 901 643 adnotat
943 589 1257 640 accuratam
1288 601 1399 640 non
1444 599 1565 639 esse
1588 580 1647 637 in
1682 576 1974 637 nonnullis

93 689 378 760 antiquam
413 662 996 753 versionemlatinam,
1026 698 1092 735 ex
1116 681 1367 736 versione
1391 697 1566 752 graeca
1593 679 1815 735 factam.

163 786 235 842 De
268 784 484 840 duabus
520 787 707 837 autem
739 778 864 834 aliis
894 778 1087 833 Leonis
1117 777 1161 831 11
1195 777 1467 850 epistolis,
1511 778 1592 832 sic
1629 778 1794 833 habet
1823 776 1969 833 idem

91 879 420 938 Ballerinius
453 899 463 931 :
498 898 526 930 «
555 879 685 941 Quae
714 894 779 932 ex
816 874 1075 947 originali
1110 874 1282 930 latino
1318 874 1377 929 in
1413 875 1733 949 Hispaniam
1778 876 1969 944 misso,

92 981 419 1036 conservatae
454 974 679 1029 suerunt
722 973 780 1027 in
809 970 1095 1027 codicibus
1144 970 1431 1045 amplioris
1465 971 1808 1028 collectionis
1857 972 1974 1028 His-

98 1073 317 1152 panicae,
347 1071 412 1127 de
438 1088 547 1144 qua
569 1069 694 1126 vide
714 1069 1006 1126 Tractatum
1045 1069 1108 1125 de
1131 1070 1362 1141 antiquis
1391 1069 1778 1125 collectionibus
1804 1078 1852 1125 et
1878 1071 1975 1126 col-

93 1173 356 1231 lectoribus
389 1189 642 1227 canonum
684 1169 1038 1244 praemissum
1071 1175 1221 1225 tomo
1250 1169 1338 1239 111,
1368 1176 1574 1226 nostrae
1608 1168 1824 1226 Venetae
1858 1169 1973 1224 edi·

94 1269 251 1328 tionis
281 1269 523 1343 Operum
547 1268 600 1324 S.
629 1268 847 1337 Leonis,
880 1274 1034 1342 parte
1063 1268 1150 1336 Ill,
1186 1267 1364 1343 capite
1393 1287 1462 1338 1v,
1491 1270 1516 1340 ξ
1550 1268 1606 1337 4,
1635 1285 1693 1324 n.
1725 1267 1792 1323 12
1822 1291 1831 1334 3
1879 1266 1973 1321 uhi

90 1368 249 1424 etiam
294 1367 619 1422 earumdem
650 1366 1011 1440 epistolarum
1050 1370 1444 1438 qerinanitatem
1487 1365 1913 1435 vindicavimus,
1947 1387 1973 1417 »

97 1467 227 1542 (loco
276 1466 485 1538 citato).
536 1465 728 1538 Magna
771 1465 999 1537 quidem
1024 1465 1453 1530 Balleriniorum
1503 1465 1741 1520 fratrum
1789 1470 1976 1520 aucto-

94 1564 248 1630 'ritas3
295 1570 350 1620 at
390 1582 489 1621 nec
519 1583 682 1640 parva
713 1563 1261 1637 Wircehurgensium
1295 1565 1703 1637 theologorum,
1733 1564 1829 1637 qui
1861 1571 1977 1621 tres

94 1660 259 1718 dictas
293 1661 552 1736 epistolas
579 1662 663 1717 vel
703 1661 923 1736 spurias
957 1661 1041 1717 vel
1075 1661 1438 1736 interpolatas
1473 1662 1837 1718 contendunt.

160 1758 442 1814 Pnorosmo
463 1759 612 1815 vllr.
644 1792 709 1799 —
733 1758 776 1814 F
777 1759 980 1815 ormula
999 1759 1123 1831 fidei
1151 1777 1303 1832 quam
1326 1759 1452 1814 olim
1475 1763 1712 1815 emittere
1738 1759 1970 1814 solebant

95 1858 309 1914 Romani
349 1858 630 1930 Pontifices
680 1860 883 1914 noviter
920 1859 1094 1928 electi,
1131 1876 1234 1913 non
1264 1877 1325 1914 ea
1360 1868 1436 1915 est
1474 1877 1629 1931 quam
1660 1861 1886 1916 continet
1916 1859 1973 1915 Ιί-

90 1956 174 2010 ber
217 1954 442 2011 Dinrnus
491 1956 550 2010 ab
578 1955 845 2010 Holstenio
879 1962 927 2011 et
961 1954 1216 2012 Garnerio
1244 1957 1439 2024 editus,
1470 1963 1520 2011 et
1543 1974 1658 2028 quae
1688 1955 1968 2011 Honorium

88 2059 314 2107 recenset
357 2054 492 2108 inter
531 2053 807 2108 damnatos
854 2053 1126 2108 haereticos
1139 2075 1156 2117 ;
1191 2053 1281 2108 secl
1308 2053 1418 2109 alia
1467 2055 1700 2125 diversa,
1739 2072 1853 2127 qnae
1908 2055 1970 2109 de

93 2147 314 2203 Honorio
347 2162 563 2219 prorsus
606 2148 747 2206 silet.
778 2181 846 2189 —
873 2149 1099 2205 Librum
1136 2150 1321 2205 Diurni
1363 2151 1591 2205 nomine
1630 2151 1969 2225 inscriptum

94 2251 145 2299 et
167 2245 441 2315 designari
474 2247 723 2315 solitum,
752 2248 924 2303 edidit
948 2249 1130 2303 Rornae
1154 2249 1470 2304 llolstenius
1501 2267 1565 2304 ex
1603 2256 1815 2306 vetusto
1854 2269 1968 2305 ma-

97 2339 406 2413 nuscripto;
446 2349 610 2415 atque
661 2344 918 2400 eumdem
954 2363 1019 2400 ex
1064 2345 1170 2401 alio
1202 2347 1583 2421 manuscripto
1612 2347 1785 2403 edidit
1819 2348 1969 2402 Pari-

97 2436 215 2505 siis,
249 2455 393 2492 anno
436 2439 575 2493 «1680
613 2440 769 2496 Pater
805 2442 1009 2498 Jesuita
1043 2442 1290 2500 Garnier.
1348 2444 1405 2498 In
1455 2451 1690 2518 utroque
1735 2446 1972 2502 habetur

96 2533 326 2590 formula
373 2535 520 2605 fidei,
558 2538 614 2592 in
646 2557 753 2611 qua
780 2539 1050 2596 Honorius
1076 2541 1223 2598 inter
1250 2542 1541 2599 damnatos
1572 2544 1859 2600 haereticos
1886 2563 1969 2601 re—

93 2647 213 2694 vera
245 2640 586 2689 recensetur.
630 2635 715 2691 Sic
766 2655 963 2712 nempe
1000 2640 1158 2695 habet
1203 2640 1441 2696 formula
1483 2659 1606 2714 quae
1639 2641 1968 2699 inscribitur

90 2730 310 2785 secunda
344 2734 603 2804 professio
634 2736 776 2806 fidei,
821 2736 877 2791 in
920 2737 1254 2794 Garneriana
1295 2740 1541 2797 editione
1566 2742 1788 2816 (pagina
1833 2743 1961 2814 4'¹)³

95 2823 338 2881 Auctores
384 2847 501 2883 vero
534 2835 650 2887 novi
683 2833 912 2890 haeretici
950 2837 1206 2908 ‹loquitu-is
1234 2838 1493 2911 Serqium,
1526 2840 1805 2911 Pyrrhum,
1836 2842 1969 2897 Pan-

97 2919 197 2974 Iwn
216 2929 264 2975 et
290 2922 498 2980 Petrum
525 2928 1126 3004 Constantinopolitmios
1142 2957 1159 2999 ;
1191 2953 1296 2991 nna
1322 2955 1434 2991 (um
1464 2936 1715 3007 Honori0,
1738 2940 1821 3009 qui
1842 2956 1967 3008 pra-

98 3018 170 3069 vis
204 3033 377 3071 eor-nm
421 3026 788 3081 assertionibus
823 3031 1105 3101 fomentum
1150 3034 1498 3104 impendit,...
1539 3051 1677 3087 nexu
1725 3038 1963 3106 perpetui

96 3110 438 3167 ariathematis
473 3116 826 3175 devinxerunt.
862 3121 935 3177 Ex
977 3124 1075 3180 hoc
1114 3126 1442 3182 documento
1474 3128 1844 3201 peremptorie
1876 3129 1965 3184 de-

96 3210 388 3265 monstrari
423 3212 737 3272 existimant
768 3219 1091 3291 adversarii,
1119 3242 1148 3278 a
1174 3224 1440 3280 Romanis
1477 3225 1834 3282 Pontificibus
1881 3246 1965 3284 re-

95 3314 305 3380 ceptam
343 3310 515 3365 fuisse
545 3329 606 3367 ac
627 3315 1006 3373 confirmatam
1033 3321 1579 3391 condemnationem,
1603 3343 1724 3398 quae
1751 3325 1807 3382 in
1826 3328 1963 3385 actis

97 3406 286 3478 synodi
319 3416 482 3464 sexta¹
513 3417 699 3466 contra
732 3411 1028 3471 Honorium
1055 3419 1410 3490 pronuntiata
1436 3420 1660 3493 legitur.

168 3502 621 3577 Respondemus:
653 3507 881 3577 Romani
918 3511 1221 3583 Pontifices,
1270 3515 1326 3571 in
1365 3516 1670 3594 profitenda
1705 3521 1811 3581 fide
1851 3543 1958 3581 non

99 3598 181 3652 usi
213 3607 338 3656 sunt
365 3620 424 3657 ea
457 3603 714 3676 formula,
765 3607 853 3661 sed
898 3609 1003 3664 alia
1044 3610 1200 3666 valde
1239 3611 1473 3684 diversa,
1504 3616 1556 3674 in
1588 3635 1695 3691 qua
1725 3619 1867 3677 nihil
1896 3622 1962 3678 de
