2262 3990
351 195 483 242 NOTA
514 194 579 241 ΒΕ
608 190 1000 241 Ancnlssrlscoro
1029 186 1307 239 PARISIENSI
1335 186 1402 235 ΒΕ
1430 183 1646 233 BARLAY.
1852 183 1937 232 705

73 314 199 363 deret
215 319 248 360 ¹.
277 315 488 369 Addebat,
520 328 600 376 pro
622 328 703 363 sua
735 313 1034 376 simplicitate,
1061 310 1228 359 famula
1264 310 1363 366 ista,
1396 322 1489 357 non
1522 307 1705 357 medere
1734 320 1784 355 se
1806 320 1938 368 posse

74 387 208 435 Deum
237 404 262 435 e
292 389 403 437 coelo
443 389 489 435 in
531 402 692 436 manus
716 386 1052 447 Archiepiscopi
1087 384 1378 433 descendere.
1404 383 1460 430 Se
1491 383 1678 444 insuper
1701 381 1938 443 praelatum

73 463 296 511 audivisse
319 469 607 518 asserentem,
641 467 903 511 contentum
926 462 1064 509 Deum
1100 467 1285 509 externo
1315 459 1550 520 religionis
1569 459 1724 515 cultu;
1749 457 1807 505 ad
1829 471 1940 505 con-

72 537 313 584 sessionem
353 539 473 599 quod
507 538 680 593 attinet,
720 551 952 599 nunquam
974 536 1264 584 memoranda
1293 534 1511 595 ejusmodi
1539 547 1644 596 quae
1665 547 1720 580 ex
1740 533 1940 580 humana

74 611 302 659 debilitate
325 613 646 673 contingunt...
683 611 832 658 Dicam
868 612 943 658 hic
972 626 1055 672 per
1081 618 1388 665 transennam,
1411 610 1534 657 idem
1557 613 1688 656 antea
1707 612 1943 670 peractum

73 685 127 732 ab
151 686 291 746 ipsius
316 690 481 735 amasia
498 688 544 735 la
561 687 822 736 cauiedrale
836 693 879 744 ’3
906 687 1119 734 amasiam
1147 691 1300 734 autem
1322 688 1369 734 la
1388 686 1658 747 metropole⁵
1676 699 1779 746 quae
1796 689 1944 732 scorto

73 760 115 808 la
136 760 356 810 Varennes
371 764 598 818 successit,
618 769 659 810 et
677 763 733 809 de
746 777 836 823 qua
857 763 990 816 infra,
1007 762 1126 808 haud
1143 762 1366 822 respuisse
1376 762 1493 808 hanc
1513 761 1719 808 eamdem
1730 760 1787 807 ad
1802 773 1945 808 cornu

73 837 226 884 altaris
248 839 501 893 stationem,
523 853 606 885 nec
638 839 706 885 vel
746 852 835 884 una
866 837 962 896 vice
997 837 1208 884 defuisse.
1233 836 1330 883 J'en
1354 837 1394 883 ai
1429 837 1498 882 etc
1522 837 1708 883 temoin.
1735 836 1852 883 Tous
1881 836 1944 882 les

73 927 303 961 nouveaux
333 915 551 961 convertis
571 929 597 975 y
615 918 867 970 accourent,
891 926 943 959 ce
964 912 1040 972 qui
1057 926 1082 958 a
1100 911 1332 970 beaucoup
1354 911 1590 957 contribue
1609 911 1634 956 a
1659 911 1723 957 1oe
1742 909 1946 956 assermir

73 991 184 1036 dans
210 990 398 1036 l’erreur
419 990 478 1036 ou
503 990 557 1035 ils
581 995 681 1036 sont
703 1003 782 1036 sur
802 990 843 1035 la
864 989 1078 1048 presence
1102 987 1240 1034 reelle
1267 988 1330 1032 du
1355 987 1457 1045 plus
1477 985 1688 1032 adorable
1713 990 1757 1031 et
1779 985 1946 1031 redou-

74 1066 192 1112 table
212 1066 267 1112 de
285 1079 367 1112 nos
381 1066 613 1125 mysteres.
641 1064 820 1110 Comme
839 1068 934 1110 tout
960 1068 1026 1109 est
1050 1062 1215 1122 public,
1234 1061 1328 1108 cela
1355 1066 1483 1120 porte
1506 1075 1554 1107 sa
1577 1074 1763 1120 preuve,
1794 1065 1839 1106 et
1861 1073 1943 1120 par

72 1141 343 1201 consequent
357 1142 396 1187 le
418 1141 699 1199 temoignage
716 1141 771 1186 de
792 1140 1110 1199 l’Archeveque
1133 1142 1287 1184 contre
1300 1136 1390 1183 moi
1416 1150 1474 1182 ne
1496 1136 1587 1183 doit
1602 1138 1698 1183 etre
1722 1135 1946 1182 d’aucune

74 1216 421 1262 consideration.

140 1309 158 1334 (ι
186 1291 356 1336 Addidit
390 1291 555 1336 famula
581 1290 826 1346 Tiennette‚
850 1291 958 1337 adeo
998 1305 1045 1336 se
1080 1290 1258 1336 amasiae
1289 1302 1384 1336 suae
1419 1289 1599 1335 facilem
1632 1286 1945 1347 Archiepisco-

79 1381 187 1427 pum
209 1366 433 1418 exhibere,
456 1372 505 1411 ut
525 1381 627 1411 cum
653 1367 734 1412 ista
761 1372 957 1424 optasset
978 1366 1098 1412 domi
1117 1379 1212 1411 suae
1229 1365 1499 1425 perspicere,
1523 1378 1635 1410 num
1661 1364 1827 1423 praesul
1854 1370 1946 1410 tam

79 1439 264 1497 pulcher
303 1439 415 1483 soret
447 1451 502 1483 en
538 1436 637 1483 robe
672 1438 725 1483 de
755 1437 968 1483 chambre
991 1443 1034 1482 et
1058 1438 1238 1483 mitram
1261 1452 1440 1496 gerens,
1472 1451 1610 1497 quam
1632 1437 1716 1482 sub
1739 1437 1943 1497 pluviali,

80 1504 117 1560 is
142 1515 223 1573 ipsi
252 1527 423 1559 morem
458 1514 661 1571 gesserit.
703 1513 753 1558 Et
782 1518 891 1558 tunc
927 1514 1114 1559 famulos
1151 1514 1331 1559 vocabat
1371 1519 1421 1559 ut
1449 1513 1787 1558 admirarentur
1808 1525 1947 1573 quam

79 1590 266 1648 pulchre
287 1603 396 1635 suus
433 1590 731 1634 tout-homme
772 1603 869 1634 sese
896 1589 1096 1635 haberet.
1124 1590 1330 1635 Vicissim
1354 1595 1506 1635 autem
1530 1589 1739 1647 praelatus
1762 1589 1944 1634 amasiae

80 1663 258 1709 mitram
285 1665 518 1723 imponens
542 1669 674 1722 atque
698 1664 842 1723 ipsam
878 1664 932 1709 ad
969 1665 1202 1723 speculum
1243 1670 1440 1709 statuens
1479 1664 1728 1709 mirabatur
1752 1664 1948 1723 speciem

79 1752 174 1784 suae
195 1738 521 1793 Fanfan-lllimi,
557 1744 690 1797 atque
730 1739 873 1798 ipsam
921 1740 1254 1786 benedictiones
1278 1740 1458 1798 elargiri
1491 1740 1692 1785 docebat.
1729 1739 1837 1784 Hinc
1875 1739 1951 1784 isti

80 1813 257 1858 amasiae
284 1813 476 1858 inditum
513 1815 662 1860 mitrae
694 1828 872 1860 nomen.
908 1815 965 1860 Ex
1000 1815 1302 1874 imprudentia
1341 1814 1505 1860 scilicet
1546 1813 1840 1866 famulorum,
1870 1812 1948 1871 qui

79 1886 299 1944 ejusmodi
324 1887 584 1933 famulatum
608 1894 673 1934 sat
708 1889 964 1948 frequenter
998 1890 1275 1942 deserentes,
1301 1890 1348 1934 in
1369 1888 1531 1947 vulgus
1549 1893 1812 1946 sparserunt
1844 1900 1952 1945 pro-

77 1960 347 2007 fanationem
391 1963 535 2017 istam,
574 1977 746 2009 necnon
789 1964 874 2009 alia
905 1964 1062 2017 multa,
1102 1978 1204 2022 quae
1242 1963 1415 2008 utinam
1440 1977 1522 2021 pro
1544 1962 1754 2008 Ecclesiae
1779 1963 1950 2008 honore

76 2031 323 2096 numquam
342 2042 444 2083 nota
463 2038 665 2090 fuissent,
699 2044 740 2083 et
770 2052 869 2097 quae
893 2038 965 2083 hic
990 2038 1153 2083 invitus
1177 2038 1340 2084 resero.
1363 2037 1447 2083 Sed
1473 2039 1620 2096 palam
1642 2038 1790 2084 facere
1815 2051 1951 2096 cogor

77 2113 178 2171 quis
201 2113 258 2158 sit
276 2127 402 2159 meus
428 2114 546 2172 apud
566 2127 716 2171 regem
741 2115 1089 2160 denuntiator...

141 2204 162 2231 ι
187 2188 296 2233 Cum
317 2189 431 2234 intra
457 2190 569 2234 lines
587 2190 810 2247 parochia}
831 2189 976 2235 Sancti
1002 2190 1192 2248 Sulpitii,
1216 2190 1264 2235 in
1284 2203 1372 2249 qua
1396 2195 1504 2235 tunc
1525 2203 1674 2235 sacras
1699 2189 1951 2236 functiones

81 2259 272 2315 obibam,
302 2262 417 2306 dicta
443 2262 484 2306 la
507 2261 728 2307 Var'ennes
767 2263 963 2321 degeret,
992 2263 1120 2307 facile
1161 2264 1318 2309 rescivi
1347 2264 1401 2308 ab
1427 2264 1520 2322 ipsa
1539 2264 1654 2308 clam
1678 2263 1818 2321 recipi
1838 2262 1952 2309 duos

82 2335 199 2380 viros
237 2335 404 2381 nobiles
452 2338 720 2394 eosdemque
757 2341 885 2381 aetate
923 2341 1176 2395 provectos;
1211 2336 1303 2394 jam
1338 2337 1509 2382 scilicet
1545 2351 1635 2382 non
1677 2337 1952 2396 impediente

83 2410 265 2456 moniali
290 2412 344 2456 de
360 2411 401 2456 la
423 2411 563 2464 Croix,
590 2426 689 2471 quae
715 2412 856 2471 ipsam
876 2413 1168 2465 custodiebat,
1195 2418 1238 2457 et
1257 2427 1355 2472 quae
1381 2427 1537 2458 recens
1553 2413 1675 2458 diem
1699 2418 1952 2458 extremum

82 2485 317 2531 clauserat.
339 2485 384 2531 Id
410 2486 520 2531 mihi
535 2487 711 2532 occasio
726 2486 809 2531 suit
832 2488 1177 2546 Archiepiscopo
1201 2487 1471 2533 obtendendi
1496 2489 1743 2540 infidelem,
1767 2494 1810 2534 et
1838 2489 1953 2548 grati

83 2559 221 2605 animi
247 2575 430 2619 prorsus
460 2569 689 2621 expertem
715 2563 1047 2617 mulierculam,
1071 2562 1281 2608 hortandi
1305 2568 1355 2608 ut
1374 2576 1471 2608 eam
1494 2563 1541 2609 in
1561 2570 1783 2610 conventu
1809 2563 1954 2610 Made-

81 2634 303 2680 lonnettes
321 2636 492 2682 recludi
509 2644 785 2696 procuraret,
803 2643 845 2683 et
863 2638 1176 2683 commonendi
1192 2642 1358 2697 quanto
1374 2638 1515 2698 ipsius
1533 2640 1662 2684 famae
1681 2636 1954 2685 nocumento

82 2715 200 2756 esset
224 2711 490 2757 muliercula
515 2713 614 2765 ista,
635 2714 893 2772 praesertim
916 2713 1131 2759 adstando
1152 2713 1326 2772 quoties
1352 2714 1664 2772 pontificaliter
1681 2729 1859 2761 sacrum
1883 2729 1954 2761 ce-

84 2783 292 2830 lebraret.
317 2786 376 2831 Eo
400 2786 517 2845 quod
547 2787 696 2833 adhuc
733 2788 897 2833 viveret
920 2794 1132 2847 patronus
1156 2802 1298 2840 meus,
1328 2802 1400 2834 me
1436 2789 1592 2834 audire
1618 2803 1706 2833 non
1731 2790 1957 2835 abnuebat

86 2858 405 2918 Archipraesul,
436 2861 492 2906 ob
527 2862 807 2922 supradictas
830 2864 1040 2916 rationeS‚
1066 2877 1167 2922 quae
1183 2869 1226 2909 et
1250 2877 1363 2910 meae
1402 2865 1456 2910 ad
1476 2864 1585 2910 cleri
1604 2864 1779 2910 comitia
1812 2865 1956 2923 depu-

87 2933 266 2979 tationis
306 2948 436 2980 causa
473 2935 662 2982 fuerant.
691 2937 784 2988 Qua
812 2938 1147 2983 circumstantia
1172 2939 1328 2992 fretus,
1355 2939 1490 2984 simul
1508 2946 1552 2985 et
1569 2944 1758 2997 urgente
1783 2939 1956 2985 sincero

85 3009 241 3055 salutis
262 3009 404 3069 ipsius
424 3011 532 3063 zelo,
581 3012 665 3069 ipsi
694 3012 800 3066 dixi,
828 3014 958 3058 modo
982 3014 1036 3058 ad
1061 3015 1435 3060 commovendum
1460 3028 1595 3073 quam
1619 3014 1813 3060 maxime
1830 3019 1951 3073 apto,

85 3082 303 3141 quidquid
325 3083 537 3130 dixissem
561 3085 721 3144 aequali
744 3099 861 3130 meo.
895 3086 1062 3137 Quibus
1083 3102 1186 3133 cum
1208 3089 1386 3149 aliquali
1412 3090 1583 3149 pudore
1605 3089 1784 3143 auditis,
1806 3089 1957 3134 nulla-

86 3162 219 3203 tenus
255 3171 420 3204 curans
439 3173 541 3218 quae
574 3159 775 3205 dixeram
811 3160 866 3206 de
905 3162 1183 3208 mulierculae
1215 3164 1455 3222 praesentia
1494 3178 1599 3210 cum
1639 3164 1956 3223 pontificaliter

87 3237 254 3290 ageret,
283 3232 339 3278 de
363 3232 528 3292 triplici
546 3233 766 3280 thuribuli
784 3235 922 3281 ductu
936 3236 991 3281 ad
1009 3236 1151 3295 ipsam
1166 3237 1352 3292 directo,
1376 3238 1431 3284 de
1452 3238 1622 3285 incerta
1646 3239 1803 3285 mortis
1826 3240 1952 3291 hora,

133 3394 183 3438 (1)
209 3392 318 3428 Notet
343 3392 464 3428 lector
488 3393 633 3430 scelera
648 3392 729 3429 liaec
755 3402 835 3429 non
855 3396 1007 3429 tantuin
1032 3393 1237 3439 horrenda,
1260 3396 1330 3432 sed
1358 3396 1539 3438 satanica.
1566 3397 1777 3443 contigisse
1795 3401 1835 3435 et
1847 3400 1963 3435 noto-

90 3448 240 3484 rietatis
256 3447 419 3494 publicae
433 3447 554 3484 t'uissc
577 3448 679 3484 intra
700 3447 873 3494 primum
895 3452 1086 3486 semestre
1109 3451 1199 3487 anni
1211 3451 1314 3489 1680.
1329 3452 1374 3488 Ut
1390 3451 1484 3490 adeo
1502 3453 1680 3500 apprime
1694 3453 1763 3491 illa
1777 3453 1955 3492 noverint

91 3502 241 3539 Praelati
262 3503 514 3540 comitiorum
534 3505 626 3540 anni
647 3501 749 3540 1682.

135 3559 187 3605 (2)
209 3559 285 3597 Hoc
303 3561 461 3597 nomine
476 3560 576 3607 apud
597 3561 732 3606 vulgus
748 3560 1025 3607 designabatur
1046 3561 1201 3599 domina
1219 3563 1265 3601 de
1286 3564 1585 3604 Brclonvilliers.

137 3616 186 3662 (3)
210 3615 250 3651 ld
267 3619 340 3660 est,
362 3616 514 3653 ducissa
529 3615 575 3653 de
596 3616 869 3661 Lesdiguieres.

331 3707 379 3737 n.
1538 3700 1598 3746 44
1630 3699 1714 3747 bis.
