2306 4010
878 207 1008 254 PARS
1040 206 1280 254 SECUNDA.
1936 208 2023 257 157

220 316 274 371 9.
295 314 704 371 Attendendum
731 314 1009 389 praecipue
1029 315 1361 390 opusculum
1389 333 1416 371 a
1443 314 1669 371 domino
1691 313 1886 389 Emery
1910 312 2025 369 edi·
2108 310 2113 314 ’

148 420 264 471 tum
285 430 412 469 cum
432 413 535 467 hoc
551 411 734 482 titulo,
758 412 1042 469 Nouveaux
1062 396 1344 485 Opuscules
1369 413 1434 469 de
1451 411 1662 485 Fleury.
1685 410 1839 466 Haud
1857 410 2021 467 aliam

147 511 401 568 existimo
428 516 707 566 exaratam
745 528 991 584 unquam
1023 509 1194 565 fuisse
1237 511 1414 583 magis
1450 516 1693 567 astutam
1724 528 1786 565 ac
1811 508 2026 584 pericu-

148 608 322 664 losam
362 606 736 671 Gallicanismi
780 604 1159 663 defensionem
1199 628 1208 659 :
1255 607 1330 663 ibi
1378 608 1526 663 enim
1567 607 1712 664 circa
1753 607 2026 664 celebrem

69 702 75 708 ’
150 705 281 760 cleri
326 709 658 759 conventum
701 701 831 758 anni
885 700 1051 771 1682,
1106 703 1378 758 nonnulla
1422 704 1535 760 edit
1575 704 1928 775 documenta,
1964 703 2030 759 ad

149 800 565 874 deprimendam
603 799 852 871 ejusdem
887 804 1192 853 conventus
1224 800 1608 855 auctoritatem
1652 800 1799 856 haud
1835 819 2028 876 parum

152 896 327 953 utilia.
359 896 495 951 Tum
519 902 570 951 et
602 893 935 969 persuadere
970 900 1228 964 conatur,
1266 912 1374 950 non
1404 895 1480 950 ita
1509 913 1776 967 magnum
1804 898 2036 954 interce-

156 994 281 1049 dere
307 992 642 1048 discriminis
669 991 1007 1047 Gallicanam
1038 992 1184 1048 inter
1210 998 1261 1047 et
1294 991 1600 1047 Romanam
1630 992 1943 1049 doctrinam
1974 1003 2034 1051 ut

157 1098 429 1165 nequeant
455 1091 522 1147 ad
547 1091 899 1148 concordiam
935 1091 1155 1161 adduci,
1189 1091 1490 1173 dummodo
1517 1091 1790 1147 devitetur
1824 1092 2037 1146 animo—

158 1209 279 1246 rum
321 1195 484 1247 aestus
535 1190 995 1264 (l'exageration).
1049 1190 1184 1246 Hinc
1226 1191 1294 1246 ob
1336 1189 1486 1246 istud
1529 1208 1666 1263 opus
1711 1190 2041 1264 Napoleonis

160 1286 425 1358 gubernio
461 1287 937 1342 ultramontanismi
965 1292 1261 1360 suspectus
1292 1286 1397 1342 fuit
1434 1286 1696 1342 dominus
1728 1287 1945 1360 Emery.
1980 1286 2039 1340 In

161 1400 219 1438 rc
244 1391 426 1439 tamen
465 1383 811 1457 ipsissimum
849 1384 1224 1439 Gallicanismi
1265 1390 1506 1458 systema
1541 1384 1617 1438 ibi
1655 1383 1945 1457 profitetur
1981 1402 2042 1438 ac

166 1485 494 1552 propugnat,
522 1479 625 1533 etsi
653 1496 760 1533 non
792 1486 962 1547 recta,
987 1479 1080 1534 sed
1118 1479 1289 1534 veluti
1319 1479 1637 1533 clanculum
1668 1495 1729 1532 ac
1763 1495 1861 1550 per
1884 1477 2042 1532 cuni-

168 1576 317 1631 culos
344 1577 665 1650 procedens,

242 1673 470 1730 Solitum
511 1675 732 1730 domino
765 1676 985 1754 Emery,
1030 1675 1443 1745 dissentienteS,
1479 1677 1533 1730 id
1561 1682 1663 1743 est,
1698 1676 1984 1749 probatam
2015 1693 2043 1729 a

165 1769 300 1825 Sede
323 1770 630 1843 Apostolica
664 1771 969 1826 doctrinam
1000 1778 1414 1845 propugnantes
1439 1771 1680 1826 vocitare
1704 1778 2048 1842 eoeayqeratos

166 1866 454 1936 (εωαςένέε,
507 1871 718 1932 outre's);
769 1867 824 1922 in
866 1885 974 1940 quo
1007 1867 1317 1924 imitatores
1364 1867 1551 1922 habuit
1615 1867 1711 1939 qui
1767 1865 2046 1922 subsecuti

165 1969 292 2018 sunt
325 1963 661 2037 Sulpitianos
701 1965 923 2021 multos,
960 1965 1054 2020 Vir
1082 1966 1417 2038 caeteroquin
1452 1966 1653 2021 domus
1684 1965 1774 2021 Dei
1812 1965 1924 2021 zelo
1954 1965 2046 2019 ssa-

164 2075 349 2129 granS,
379 2077 477 2132 pro
505 2078 670 2116 causa
697 2061 960 2118 catholica
990 2062 1226 2134 (quoties
1262 2069 1470 2118 certam
1499 2062 1738 2134 agnovit)
1772 2081 1950 2136 usque
1978 2063 2043 2118 ad

165 2173 411 2211 carceres
453 2175 514 2212 ac
546 2157 760 2214 vincula
801 2159 1034 2231 vitaeque
1071 2160 1371 2215 discrimen
1413 2160 1709 2229 dimicanS,
1747 2179 1847 2216 nec
1888 2161 2048 2216 aliter

169 2252 354 2306 (levius
380 2270 547 2323 quam
588 2272 651 2309 cx
685 2255 955 2309 imbibitis
991 2256 1385 2310 communibus
1430 2256 1670 2327 regionis
1699 2275 1812 2311 suae
1848 2258 2045 2329 praeju-

172 2346 351 2414 dieiis,
392 2355 444 2402 et
485 2348 542 2402 in
582 2355 898 2421 reputatum
940 2350 1080 2404 bona
1123 2350 1228 2404 fide
1272 2350 1611 2405 laudabilem
1653 2351 1821 2405 finem
1864 2351 2044 2406 inten-

174 2444 324 2498 dens,

247 2541 304 2596 V.
331 2540 671 2596 Gallicanum
696 2543 826 2598 item
854 2550 1087 2617 systema
1109 2545 1473 2618 propugnavit
1491 2545 1835 2619 Sulpitianus
1861 2546 2047 2619 Frays-

172 2638 380 2705 sinouS‚
425 2639 479 2693 in
519 2659 682 2714 opere
709 2660 805 2696 suo
834 2643 907 2697 les
943 2642 1088 2697 Vrm's
1131 2643 1397 2716 Principes
1434 2645 1497 2698 de
1532 2633 1744 2714 l'Eylise
1770 2644 2046 2714 qallicane.

172 2735 402 2809 Insuper
434 2738 746 2810 procuravit
789 2738 1031 2812 primum
1078 2758 1106 2794 c
1147 2746 1386 2813 quatuor
1431 2740 1684 2796 articulis
1733 2741 1863 2796 anni
1905 2740 2049 2796 1682

173 2833 240 2887 ab
279 2833 556 2908 Episcopis
594 2836 774 2892 Galliae
811 2855 956 2892 anno
1002 2839 1147 2893 1826
1183 2838 1364 2894 denuo
1405 2857 1599 2895 verum
1652 2838 1943 2893 declarari.
1984 2838 2054 2894 De

175 2946 280 2999 quo
332 2931 410 2986 sic
450 2931 505 2986 in
553 2932 726 2989 diario
771 2935 816 2989 Ie
854 2936 1040 2991 Monde
1075 2936 1164 3006 415
1204 2936 1443 3009 januarii
1490 2936 1660 3006 1865)
1705 2936 2052 2991 clarissimus

178 3024 370 3099 Doncy,
404 3028 595 3084 Montis
616 3030 939 3086 Albanensis
964 3032 1266 3106 Episcopus
1295 3053 1304 3084 :

255 3141 280 3169 «
310 3120 577 3176 Monsieur
615 3123 666 3178 lc
703 3125 990 3181 redactour
1021 3127 1094 3182 du
1127 3128 1333 3183 Monde.
1359 3128 1499 3182 —ll
1530 3134 1614 3182 est
1649 3128 1950 3200 important
1987 3126 2056 3182 dc

182 3234 249 3270 ne
273 3235 369 3288 pas
397 3217 590 3272 laisscr
612 3219 826 3276 sausser
852 3222 1122 3280 l’histoire
1148 3226 1599 3299 contemporaine
1622 3230 1671 3278 ct
1696 3223 1953 3278 travestir
1976 3242 2052 3278 un

181 3312 276 3366 sait
312 3313 459 3368 aussi
498 3316 684 3368 recent
717 3333 822 3387 que
847 3318 898 3373 la
926 3320 1180 3375 nouvelle
1210 3300 1666 3375 reconnaissance
1701 3319 1796 3374 dcs
1828 3319 2053 3375 libertes

180 3409 245 3464 (18
291 3400 504 3482 l'Eglisc
543 3411 814 3482 gallicane
858 3433 926 3470 cn
970 3417 1134 3471 1826.
1166 3418 1318 3472 Voici
1354 3418 1406 3472 le
1445 3417 1544 3471 fait
1582 3417 1655 3471 tel
1693 3435 1800 3490 que
1831 3436 1965 3473 vous
2002 3419 2053 3474 18

181 3515 459 3563 trouverez
491 3509 626 3564 dans
652 3510 729 3565 les
756 3512 922 3568 ecrits
958 3513 1028 3567 du
1054 3519 1254 3586 tempS.
1279 3547 1352 3554 —-
1374 3515 1443 3569 La
1476 3531 1675 3586 guerre
1698 3516 1925 3572 ardente
1947 3535 2054 3589 que

182 3601 429 3659 faisaient
466 3605 610 3660 alors
637 3606 742 3661 ala
769 3607 1103 3663 declaration
1134 3609 1201 3663 de
1227 3610 1373 3666 1682
1404 3610 1581 3667 l'abbe
1614 3611 1683 3668 de
1715 3613 1782 3668 La
1807 3614 2051 3669 Mcnnais
