2306 4010
898 161 1026 208 PARS
1056 161 1297 210 SECUNDA.
1955 162 2045 208 105

163 286 329 343 quam
350 268 618 326 inciderat
637 286 695 326 se
711 288 914 344 parum
932 271 1298 328 reformidare
1310 272 1578 328 universae
1595 270 1739 345 plebi
1759 269 2040 337 suaderet,

163 365 579 422 sanctissimum
598 366 782 423 missae
807 367 1144 424 sacrificium
1165 368 1407 444 publice,
1426 368 1641 442 aliaque
1659 365 1847 423 divina
1864 366 2039 422 officia

163 461 489 517 solemniter
514 463 834 533 celebravit,
862 482 893 520 a
919 464 1126 537 quibus
1159 483 1259 539 per
1283 482 1378 521 sex
1411 482 1632 520 menses
1670 463 2039 519 abstinuerat.

242 581 268 611 «
302 559 416 615 Non
442 566 545 630 est,
579 561 898 618 beatissime
936 561 1113 631 Pater,
1140 567 1256 617 tam
1296 580 1491 637 parum
1518 561 1819 618 christiana
1845 559 2043 630 Gallia,

160 663 221 712 nt
250 657 543 730 praedictus
569 657 828 713 dominus
849 656 1314 731 Archiepiscopus
1347 658 1711 714 sanctissimae
1737 657 1884 714 sedis
1916 674 2045 712 con-

162 761 433 829 temptum
462 773 624 828 posse
662 773 774 810 non
816 755 1122 829 improbari
1157 757 1479 812 arbitretur.
1519 757 1890 820 Quamobrem
1930 763 2045 813 tam

162 851 407 907 odiosam
435 871 465 907 a
490 869 549 907 se
571 851 889 926 opinionem
917 870 1170 908 amovere
1203 853 1424 922 nititur,
1459 854 1761 910 falsitatem
1787 855 1990 910 litteris
2016 873 2043 910 a

162 948 447 1004 sanctitate
471 955 651 1004 vestra
678 948 899 1005 emissis
928 948 1262 1022 affingendo;
1294 956 1462 1022 atque
1490 956 1551 1005 ut
1579 967 1668 1004 res
1694 942 2058 1006 verisimilior*

160 1045 373 1114 evadat,
407 1046 732 1101 affirmando
764 1047 1064 1103 falsitatem
1107 1065 1219 1102 non
1244 1048 1426 1103 solum
1458 1066 1485 1102 a
1526 1046 1830 1102 Sanctitate
1867 1052 2043 1102 vestra

166 1144 331 1205 fuisse
361 1144 656 1215 detectam,
696 1146 790 1201 sed
825 1153 876 1201 et
905 1145 1267 1216 vindicatam,
1302 1147 1473 1219 ejecto
1501 1143 1823 1213 secretariO,
1856 1144 2045 1216 hujus-

166 1243 310 1298 modi
334 1243 582 1298 brevium
610 1243 962 1300 fabricatore.

242 1362 267 1392 «
304 1339 436 1413 Huic
478 1341 688 1395 rumori
740 1341 1156 1415 adstipulantur
1193 1341 1354 1413 quasi
1392 1346 1558 1396 testes
1592 1340 1915 1409 certissimi,
1953 1348 2043 1396 aut

167 1437 348 1492 verius
383 1439 644 1493 authores
687 1446 814 1494 sunt
842 1445 1027 1510 patres
1050 1438 1327 1493 societatis
1367 1439 1520 1507 Jesu,
1556 1438 1860 1510 praesertim
1891 1445 2049 1510 pater

166 1536 398 1608 Roques.
435 1536 548 1589 Non
597 1536 701 1590 alio
744 1537 854 1590 fere
897 1535 1234 1603 consiliarie,
1282 1554 1389 1591 non
1432 1535 1538 1590 alio
1580 1535 1770 1590 rerum
1814 1553 2044 1590 suarum

111 1624 120 1631 ’
170 1631 434 1704 scriptore
476 1630 653 1685 utitur
701 1631 1194 1686 reverendissimus
1234 1631 1694 1705 Archiepiscopus
1722 1631 2041 1686 TolosanuS.

171 1729 381 1783 Utinam
418 1728 584 1783 unius
630 1736 724 1783 aut
757 1746 1060 1801 paucorum
1098 1734 1318 1783 tantum
1360 1728 1705 1801 privatorum
1752 1727 1918 1799 hujus
1961 1745 2045 1780 so-

165 1827 378 1881 cietatis
407 1826 695 1880 hominum
723 1832 863 1880 esset
893 1827 1005 1880 haec
1035 1844 1163 1898 erga
1192 1826 1489 1880 Ecclesiam
1521 1825 1762 1895 affectiO,
1799 1831 1887 1880 aut
1923 1844 2045 1899 pro-

168 1922 428 1996 pagandae
464 1922 682 1994 regaliae
709 1922 979 1977 studium.
1013 1922 1161 1990 Unus
1188 1940 1398 1992 eorum,
1430 1922 1658 1977 nomine
1690 1921 1932 1999 Meynier
1965 1926 2043 1996 (ut

166 2030 387 2078 caeteros
429 2022 704 2093 omittam)
748 2040 874 2077 eum
925 2040 985 2077 ex
1022 2040 1158 2076 novo
1206 2022 1424 2094 regalia¹
1472 2022 1598 2094 jure
1643 2022 1887 2077 fructum
1929 2024 2042 2095 jam

162 2119 421 2193 percepit,
468 2126 527 2173 ut
571 2125 683 2173 tres
723 2137 854 2174 suos
895 2125 1141 2192 nepotcS,
1192 2118 1421 2173 totidem
1468 2118 1771 2190 beneficiiS,
1818 2128 1877 2175 ut
1929 2121 2046 2194 ipse

162 2222 337 2286 putat,
371 2215 607 2283 auxerit,
644 2222 699 2270 ut
730 2233 827 2286 ego
859 2215 1139 2282 existimO,
1169 2215 1575 2286 jugulaverit...

243 2331 267 2359 «
288 2309 440 2371 Quod
460 2310 618 2364 nobis
642 2329 670 2363 a
695 2311 946 2383 patribus
965 2310 1173 2365 Societa
1184 2311 1252 2364 tis
1271 2311 1696 2383 Apamiensibus
1711 2311 2041 2382 obsequium

167 2406 451 2477 hucusque
478 2406 807 2476 denegatum
835 2406 928 2475 sit,
974 2406 1039 2459 de
1069 2405 1341 2460 sententia
1379 2411 1545 2476 atque
1583 2405 1803 2459 decreto
1842 2407 2047 2479 primo-

165 2519 286 2555 rum
316 2501 610 2574 provinciai
645 2502 852 2556 factum
883 2509 983 2567 est;
1018 2520 1157 2574 quos
1197 2502 1515 2575 accepimus
1553 2519 1672 2555 eam
1711 2502 1780 2556 ob
1818 2520 2043 2558 causam

166 2598 216 2652 in
246 2616 421 2652 unum
447 2599 650 2653 Tolosae
676 2600 1067 2654 convenisse...
1114 2599 1253 2662 Quid
1293 2600 1348 2653 in
1391 2617 1453 2654 eo
1489 2607 1632 2655 coetu
1673 2600 2044 2657 deliberatum

163 2695 600 2768 conclusumque
641 2696 831 2766 fuerit,
871 2697 1159 2751 subsecuta
1213 2696 1609 2752 demonstravit
1669 2700 2045 2769 contumacia,

163 2810 283 2863 quse
309 2810 489 2864 neque
513 2811 610 2867 per
627 2794 943 2850 Sanctitatis
968 2801 1162 2850 vestrae
1188 2794 1422 2864 litteras,
1452 2812 1674 2868 poenam
1701 2796 2048 2851 exommuni-

164 2890 391 2947 cationis
418 2891 542 2948 latae
570 2893 854 2948 sententiaa
882 2893 1254 2963 continenteS,
1298 2894 1595 2967 comprimi
1632 2895 1837 2967 potuit.
1872 2895 2048 2967 Siqui-

165 2987 287 3043 dem
353 2989 660 3046 etiamnum
723 2991 943 3065 publice
986 2992 1336 3047 saecularium
1376 2992 1752 3049 consessiones
1796 2995 2048 3068 excipere

167 3093 419 3158 pergunt,
465 3095 512 3143 et
561 3088 774 3144 animas
815 3089 1014 3144 Christi
1065 3090 1337 3161 sanguine
1378 3089 1692 3164 redemptas
1725 3090 1926 3146 diaboli
1977 3093 2050 3146 la-

166 3181 323 3251 queis
354 3181 632 3251 irretiunt,
654 3186 753 3239 hoc
781 3191 860 3240 est
891 3185 1359 3255 absolutionibus,
1390 3204 1529 3258 quas
1551 3186 1907 3242 Sanctitatem
1932 3205 2046 3243 ves—

167 3282 309 3331 tram
348 3277 529 3332 nullas
557 3278 861 3336 declarasse
894 3300 1005 3336 non
1035 3283 1361 3354 ignorant...
1395 3284 1462 3337 15
1492 3283 1677 3337 martii
1709 3282 1874 3338 1681.
1904 3306 1930 3335 »

240 3373 298 3427 V.
332 3374 451 3428 Alia
482 3375 698 3447 epistola
729 3375 948 3431 Ioannis
979 3377 1152 3443 Cerle,
1188 3379 1367 3431 vicarii
1405 3377 1666 3447 qeneralts
1695 3374 2044 3452 Apami‘ensiS,

167 3472 285 3526 sede
312 3482 543 3541 vacante,
581 3473 647 3526 ad
677 3472 1033 3529 Innocentiimz
1062 3474 1154 3528 XI.
1181 3506 1248 3513 —
1275 3474 1565 3546 Postquam
1607 3478 1883 3534 enarravit
1911 3498 2045 3551 quo-

170 3567 330 3622 modo
370 3576 557 3624 contra
596 3571 777 3643 ipsum
826 3588 982 3642 poena
1025 3570 1219 3624 mortis
1261 3572 1613 3643 pronuntiata
1672 3573 1740 3629 sit
1797 3595 1825 3631 a
1869 3578 2045 3651 parla-
