2306 4010
885 209 1012 257 PARS
1041 209 1276 257 SECUNDA.
1942 205 2032 253 155

152 321 378 392 Belyico,
414 317 483 374 ad
514 318 723 374 calcem
761 318 898 375 tomi
933 319 1020 390 ΙΙ).
1057 318 1430 375 Nonobstante
1462 316 1560 373 illo
1595 314 1675 372 Pii
1710 313 1771 371 vl
1791 314 2027 389 judicio,

150 434 308 472 suam
349 416 682 472 sententiam
729 417 1092 490 propugnavit
1124 416 1339 490 Emery,
1391 430 1625 488 eamque
1668 412 1854 469 adhuc
1895 411 2030 467 satis

151 521 338 589 aperte
365 514 506 571 tueri
540 514 834 573 videbatur
862 531 1009 570 anno
1039 513 1207 582 218003
1236 532 1403 588 quam
1431 513 1609 588 ipsius
1641 511 1838 585 agendi
1860 510 2030 567 ratio-

148 629 273 667 nem
307 612 662 695 approbando
691 613 937 669 referunt
968 610 1222 666 hodierni
1248 610 1572 685 Sulpitiani,
1599 609 1659 665 in
1691 609 1870 684 ipsius
1893 608 2025 675 vita,

148 711 268 766 loco
303 711 491 767 citato,
523 711 660 767 Dicti
688 708 992 783 juramenti
1029 712 1456 764 retractationem
1488 708 1730 783 injunxit
1765 707 1895 763 Pius
1918 707 2026 775 vll,

146 812 307 879 prout
338 805 506 860 edixit
538 803 844 860 Cardinalis
879 805 1109 875 Legatus
1145 803 1405 879 Caprara,
1443 805 1666 860 decreto
1706 822 1807 860 suo
1849 803 1920 859 16
1943 805 2029 878 ja·-

147 901 326 956 nuarii
350 901 517 970 1802,
546 902 845 956 formulam
869 901 1256 974 subjungendo
1282 901 1372 955 cui
1402 901 1866 956 subscribendum
1887 908 2027 971 erat,

146 999 347 1055 tenoris
374 999 626 1055 videlicet
659 998 1043 1071 hujuscemodi
1071 1019 1082 1051 :
1141 998 1299 1071 «Ego
1339 998 1484 1052 infra
1523 998 1789 1072 scriptuS,
1825 1016 1887 1054 ea
1921 1018 2031 1071 qua

149 1119 175 1150 «
207 1116 306 1172 par
329 1104 411 1153 est
435 1099 738 1153 reverentia
777 1098 1023 1172 opinioni
1063 1115 1200 1154 meae
1236 1097 1535 1172 praeferens
1575 1095 1788 1168 judicia
1830 1103 2033 1152 sanctae

149 1218 174 1248 «
203 1195 355 1252 Sedis
387 1196 732 1270 Apostolicae,
771 1195 1035 1270 profiteor
1061 1194 1346 1270 propriam
1393 1193 1823 1249 submissionem
1853 1192 2032 1266 ipsius

150 1315 175 1344 «
208 1300 408 1349 sanctae
425 1293 576 1349 Sedis
589 1293 837 1366 judiciis,
860 1294 1164 1368 praesertim
1189 1310 1316 1348 vero
1337 1293 1406 1348 iis
1424 1292 1629 1365 quibus
1646 1292 2030 1364 juramentum

155 1411 181 1441 «
212 1391 315 1444 odii
344 1393 396 1444 in
432 1393 629 1462 reyiam
653 1398 962 1462 potestatem
997 1391 1077 1462 (je
1112 1391 1239 1462 jure
1267 1389 1433 1444 haine
1466 1391 1494 1443 a
1538 1389 1589 1443 la
1618 1391 1869 1462 royaute,
1899 1392 2028 1452 etc.)

158 1509 185 1540 «
214 1488 534 1544 damnatum
562 1489 664 1544 suit
687 1511 713 1540 »
753 1490 1091 1561 (Synodicum
1116 1489 1398 1559 Belyicum,
1432 1494 1471 1541 t.
1506 1488 1570 1556 ll,
1603 1506 1659 1560 p.
1688 1486 1840 1546 548).
1884 1508 1888 1511 ·

229 1586 281 1641 4.
310 1587 536 1649 Quando
574 1587 874 1659 imperator
899 1586 1136 1658 Napoleo
1163 1586 1334 1641 voluit
1368 1586 1575 1641 cassari
1604 1583 2027 1639 matrimonium

155 1702 319 1738 suum
365 1703 490 1738 cum
518 1684 836 1758 Josephina‚
882 1691 943 1739 ut
985 1692 1166 1758 posset
1215 1684 1654 1739 archiducissam
1681 1682 2061 1738 Austriacam.

154 1779 207 1834 in
238 1798 462 1835 uxorem
490 1781 711 1851 ducere,
741 1798 901 1836 causa
929 1780 1107 1836 delata
1134 1786 1217 1836 est
1252 1781 1318 1835 ad
1347 1780 1595 1835 tribunal
1624 1779 2025 1851 incompetenS,

147 1877 396 1932 videlicet
420 1878 486 1931 ad
511 1877 900 1934 osticialitatem
928 1878 1316 1934 Parisiensem.
1343 1878 1509 1933 Porro
1540 1877 1804 1932 dominus
1830 1877 2027 1951 Emery

146 1981 196 2029 et
234 1974 656 2047 competentiam
695 1975 854 2031 dictae
897 1975 1252 2031 officialitatis
1291 1975 1679 2049 propugnavit,
1729 1982 1781 2030 et
1824 1992 2022 2048 appro—

147 2073 288 2128 bavit
329 2074 658 2129 sententiam
698 2094 805 2148 qua
847 2076 1039 2132 eadem
1080 2075 1388 2132 officialitas
1429 2075 1636 2149 prioris
1679 2075 2023 2131 matrimonii

147 2170 460 2226 nullitatem
507 2174 980 2243 pronuntiaverat,
1019 2180 1073 2228 et
1111 2173 1327 2228 licitum
1371 2172 1590 2228 censuit
1643 2171 2024 2228 cardinalibus

147 2265 374 2318 secundi
415 2266 757 2319 matrimonii
783 2267 1141 2321 celebrationi
1180 2267 1390 2337 adesse,
1430 2285 1633 2338 eosque
1659 2267 1726 2321 ad
1760 2275 2023 2340 praestan-

149 2358 274 2411 dam
317 2358 686 2414 assistentiam
731 2363 981 2416 hortatus
1027 2368 1107 2416 est
1155 2363 1264 2425 (Vie
1307 2364 1373 2416 (Ie
1423 2362 1493 2416 M.
1530 2354 1742 2433 Emery,
1783 2369 1920 2418 torn.
1956 2364 2021 2432 ΙΙ,

149 2472 273 2528 pag.
318 2456 425 2510 244
464 2463 516 2511 et
552 2458 718 2526 suiv.,
760 2458 932 2529 Paris,
979 2460 1168 2531 1862).
1213 2459 1497 2533 Multiplex
1542 2459 1598 2513 in
1644 2459 1864 2531 negotio
1909 2477 2020 2516 uno

142 2550 351 2625 lapsus.

219 2649 273 2704 5.
309 2649 512 2706 Mortuo
538 2651 959 2727 Archiepiscopo
990 2653 1286 2708 Parisiensi
1312 2653 1401 2708 die
1433 2652 1502 2708 10
1539 2653 1681 2726 junii
1719 2653 1886 2722 1808,
1931 2654 2022 2709 de-

146 2745 318 2819 putati
355 2754 483 2802 sunt
518 2766 546 2802 a
577 2748 816 2822 capitulo
843 2750 1027 2805 vicarii
1059 2750 1414 2824 capitulares,
1458 2751 1601 2806 inter
1629 2769 1768 2823 quos
1810 2758 1861 2806 et
1905 2751 2020 2825 ipse

145 2841 401 2896 dominus
428 2842 643 2918 Emery.
673 2845 749 2899 Ad
775 2846 957 2901 sedem
983 2854 1267 2902 vacantem
1295 2847 1600 2903 nominavit
1616 2848 1861 2922 Napoleo
1891 2848 2018 2903 Car-

142 2937 382 2994 dinalem
407 2940 574 2995 Fesch
593 2942 1010 3015 Lugdunensem
1042 2946 1550 3020 Archiepiscopum.
1581 2947 1676 3002 Cui
1703 2966 1828 3002 mox
1870 2948 2018 3021 capi-

144 3035 322 3090 tulum
365 3044 414 3093 et
440 3040 628 3095 vicarii
651 3043 984 3116 capitulares
1013 3044 1226 3100 litteras
1258 3045 1581 3101 obtulerunt
1610 3045 1814 3118 quibus
1839 3045 2015 3099 admi-

144 3132 440 3189 nistrandae
461 3136 784 3195 Parisiensis
810 3141 1060 3197 dioecesis
1082 3149 1411 3216 potestatem
1439 3142 1817 3198 conferebant.
1847 3142 2014 3197 Porro

142 3235 290 3284 certo
327 3231 533 3287 certius
572 3241 652 3289 est
691 3255 798 3292 non
837 3256 996 3311 posse
1033 3240 1270 3295 electum
1300 3247 1393 3295 aut
1435 3240 1785 3294 nominatum
1813 3238 1877 3293 ad
1914 3239 2014 3294 ali-

141 3346 305 3399 quam
325 3329 603 3386 ‹lioecosim
625 3332 679 3386 in
697 3334 815 3405 ejus
842 3337 1380 3393 administrationem
1407 3357 1524 3393 sese
1551 3338 1820 3409 ingerere;
1847 3339 2013 3412 idque

141 3423 187 3477 si
232 3423 414 3486 faciat,
461 3426 737 3482 intrusum
781 3448 918 3485 esse.
963 3432 1181 3487 Certum
1237 3440 1501 3506 praeterea
1538 3434 1708 3489 semel
1738 3436 2009 3509 completa

143 3537 239 3592 per
251 3522 553 3595 capitulum
577 3525 764 3580 vicarii
783 3527 1105 3600 capitularis
1125 3528 1501 3602 deputatione,
1517 3548 1626 3586 non
1653 3550 1811 3606 posse
1826 3533 2006 3589 ullum

146 3615 313 3673 alium
354 3620 621 3676 vicarium
672 3623 1032 3697 capitularem
1085 3625 1154 3680 ab
1193 3626 1383 3682 eodem
1438 3629 1680 3704 capitulo
1725 3630 2002 3706 deputari.
