2262 3990
220 120 307 170 712
487 119 647 170 -Non
676 118 747 166 ns
775 117 1178 170 Ancmssmscopo
1205 111 1495 171 mimum
1524 119 1593 168 nn
1619 102 1846 178 amatr.
2086 151 2107 190 s·
2201 138 2207 184 ς

216 246 392 293 lement
417 245 475 292 de
498 257 548 290 se
585 240 834 288 dechainer
855 246 1014 291 contre
1045 244 1111 292 lui
1138 244 1537 293 immediatement
1555 243 1688 306 apres
1712 258 1763 292 sa
1785 249 1964 293 mort...
1988 246 2046 295 Ce
2092 274 2097 299 ε,
2187 180 2239 344 ⁴¹¹

214 322 242 369 a
266 322 347 384 qui
369 322 413 366 le
443 317 736 366 dechirerait.
756 317 793 365 Il
813 318 891 380 n'y
914 325 992 368 eut
1029 334 1113 382 pas
1125 320 1346 384 jusqu'au
1364 321 1534 369 lesuite
1555 321 1635 382 qui
1659 322 1715 368 fit
1736 335 1820 369 son
1845 321 2026 370 oraison
2103 346 2107 364 s
2197 345 2209 384 η

213 397 374 450 nebre,
400 393 480 455 qui
503 407 564 441 ne
584 394 734 456 parlat
755 395 813 443 de
837 397 906 444 lui
932 411 991 444 en
1028 398 1108 445 des
1130 403 1303 447 termes
1322 399 1349 446 a
1373 399 1488 447 faire
1512 397 1661 446 croire
1681 412 1770 460 que
1790 398 1834 444 le
1859 398 2011 458 prelat
2025 398 2084 448 et

211 471 378 518 damne
403 487 413 516 ε
439 471 573 529 Quels
612 472 780 521 talents
806 473 999 522 n‘eut-il
1031 475 1201 536 point!
1225 475 1294 523 dit
1325 491 1378 524 ce
1407 475 1638 537 pitoyable
1664 475 1854 522 rheteur
1887 474 2058 537 (c‘etait
2101 508 2104 517 .

210 548 258 594 Ρ.
284 547 514 610 Gaillard).
557 549 672 608 Quel
711 563 850 612 usaye
888 564 947 599 en
985 551 1111 612 fit-il
1129 552 1152 598 ?
1198 552 1314 600 Dieu
1348 553 1390 600 le
1421 553 1533 600 sait.
1569 551 1771 598 Madame
1797 552 1855 598 de
1879 550 2130 600 Μεὶῐιῑθιιοι.

209 631 294 686 put
327 626 366 673 si
402 640 495 687 peu
518 627 734 674 contenir
756 642 805 676 sa
816 627 911 689 joie
942 642 1003 675 en
1031 635 1288 690 apprenant
1312 644 1360 678 sa
1385 635 1526 688 mort,
1554 629 1722 691 qu'elle
1757 634 1921 676 courut
1939 629 1966 676 a
1989 627 2092 679 Sain
2210 679 2211 682 ,
2234 646 2236 663 ³

209 704 295 764 Cyr
314 703 430 750 faire
455 709 623 752 mettre
648 719 706 751 en
726 705 905 766 prieres
944 720 994 754 sa
1024 707 1354 755 communaute
1376 721 1493 768 pour
1514 706 1766 754 demander
1782 707 1808 752 a
1826 705 1935 753 Dieu
1958 721 2024 753 un
2047 706 2108 756 Ar
2138 738 2149 771 χ
2203 747 2206 750 ,
2235 716 2247 763 γ

212 781 443 843 cheveque
466 782 525 830 de
562 782 687 830 Paris
710 783 790 844 qui
821 798 881 831 ne
905 784 1177 832 ressemblat
1205 799 1287 846 pas
1310 785 1335 832 a
1358 785 1479 833 celui
1503 784 1583 846 qui
1623 783 1775 831 venait
1800 783 1859 831 de
1889 784 2082 831 mourir.
2109 801 2151 831 ι
2203 776 2209 819 ³2
2229 789 2250 854 *54

272 859 380 906 VIII.
411 876 432 904 α
460 859 658 909 Madame
683 861 740 909 de
758 861 1017 910 Maintenon
1035 863 1152 911 ecrit
1173 864 1235 910 du
1260 863 1286 910 2
1309 863 1473 911 few-ier
1496 860 1612 910 1687
1636 862 1726 909 :Le
1748 861 1803 907 P.
1833 859 1884 907 de
1905 861 1953 907 la
1980 859 2155 910 Chaise
2196 883 2200 898 ··
2237 854 2245 922 'xj

210 943 277 986 est
300 938 462 984 mieux
479 951 564 999 que
577 938 756 1000 jamais
769 940 885 989 dans
910 941 1088 1003 l'esprit
1107 941 1170 989 du
1187 944 1276 991 roi.
1303 943 1326 990 1
1331 943 1346 990 l
1367 943 1507 1004 aqira
1523 940 1784 989 desormais
1801 938 1910 987 sims
1926 939 1981 986 M.
2013 939 2135 987 l'Ar-

212 1013 434 1076 cheveque
456 1014 511 1062 de
532 1016 686 1072 Paris,
711 1024 757 1065 et
779 1018 993 1066 madame
1019 1017 1075 1066 de
1100 1018 1417 1080 Lesdiquie'res
1440 1034 1498 1067 ne
1519 1032 1661 1067 verra
1693 1018 1802 1079 plus
1832 1017 1888 1071 le,
1910 1017 2059 1078 clerqe'
2078 1016 2132 1064 de
2174 1051 2181 1079 5
2244 1030 2246 1085 j

213 1091 389 1139 France
413 1094 444 1139 ὰ
471 1106 538 1141 ses
575 1107 772 1155 qenoux.
809 1111 829 1138 »
860 1094 1134 1156 (Rulhieres,
1174 1088 1601 1144 Eclaircissements
1631 1093 1907 1155 historiques
1951 1108 2033 1142 sur
2070 1093 2133 1143 les
2168 1126 2206 1161 a,
2229 1098 2244 1146 ,ι’

212 1180 371 1215 causes
392 1167 445 1214 de
475 1169 523 1215 la
546 1172 816 1220 revocation
844 1171 901 1220 de
929 1172 1058 1220 l'e'dit
1093 1172 1148 1220 de
1184 1173 1374 1228 Nautes,
1417 1172 1556 1227 1788,
1590 1177 1627 1219 t.
1653 1169 1690 1228 1,
1715 1184 1764 1230 p.
1793 1168 1924 1231 558.)
2233 1175 2236 1183 ’

270 1245 420 1292 Simul
460 1246 636 1295 collatis
661 1249 788 1296 hisce
822 1250 1130 1307 documentiS,
1154 1251 1424 1312 pronuntiet
1444 1250 1641 1312 ipsemet
1667 1249 1812 1298 lector
1832 1263 1922 1311 qua
1937 1248 2136 1295 aestima-
2165 1255 2194 1302 j

207 1321 332 1371 tione
357 1324 550 1384 dignum
567 1326 629 1373 sit
649 1327 854 1374 immane
877 1328 1002 1374 istud
1027 1328 1213 1375 sceleris
1231 1334 1275 1375 et
1290 1327 1546 1388 hypocrisis
1562 1323 1843 1374 monstrum.
1867 1325 1911 1372 Si
1928 1324 2031 1386 quis
2052 1323 2135 1372 ob-
2256 1381 2262 1386 ¹

202 1398 342 1459 jiciat‚
372 1401 572 1461 potitum
592 1403 747 1464 ipsum
764 1403 1070 1450 nihilominus
1095 1403 1222 1462 regio
1244 1404 1412 1459 favore,
1437 1401 1556 1463 quod
1574 1391 1667 1448 non
1689 1399 1952 1459 contigisset
1969 1398 2007 1444 si
2023 1398 2133 1444 adeo
2168 1396 2199 1462 s¹
2234 1447 2235 1450 ,
2259 1406 2262 1412 ‘

206 1477 415 1537 perditus
439 1479 616 1534 fuisset,
653 1481 802 1528 facilis
827 1481 1092 1542 responsio:
1114 1480 1324 1528 Placebat
1344 1479 1442 1540 regi
1473 1467 1660 1540 praesul,
1697 1477 1803 1539 quia
1835 1490 1928 1527 non
1954 1479 2133 1522 tantum
2232 1495 2233 1505 ¹

206 1554 413 1601 moribus
439 1555 622 1611 similis,
646 1558 726 1604 sed
753 1557 911 1618 pejor;
936 1559 1139 1619 placebat
1163 1559 1270 1619 quia
1315 1557 1496 1618 ingenio
1519 1562 1564 1604 et
1594 1554 1858 1603 omnimodo
1885 1552 2134 1600 servilismo

210 1645 505 1692 summopere
531 1634 678 1680 utilis.
704 1634 782 1681 Ast
812 1635 1086 1696 resipiscere
1107 1635 1349 1696 incipienti
1374 1634 1490 1695 regi,
1525 1633 1766 1694 displicere
1792 1629 1946 1691 coepit.
1991 1629 2135 1676 AEter-
2174 1626 2200 1703 i),
2236 1647 2262 1662 0

208 1698 481 1768 numigiffll'
501 1711 727 1770 probrum
760 1713 880 1772 quod
908 1727 1001 1759 non
1036 1712 1309 1759 erubuerint
1329 1711 1624 1758 comitiorum
1657 1709 1765 1756 anni
1790 1707 1908 1754 1682
1935 1706 2130 1767 praelati,
2237 1710 2243 1740 ἰ

210 1786 348 1832 talem
372 1787 525 1833 virum
566 1787 896 1848 diqnissimum
928 1790 1175 1852 praesidem
1197 1803 1334 1838 suum
1358 1788 1615 1839 declarare;
1639 1787 1761 1847 quod
1781 1800 1873 1833 non
1899 1783 2136 1832 erubuerit
2176 1791 2210 1850 122
2256 1807 2262 1851 3

2210 1850 2216 1866 Ι

2229 1860 2262 1925 (1

209 1861 395 1909 Bossuet
421 1865 637 1911 eumdem
679 1881 846 1926 magno
869 1866 972 1914 Osio
1012 1868 1238 1923 conferre,
1285 1866 1372 1913 etsi
1409 1870 1580 1926 praeter
1614 1863 1799 1925 flagitia,
1843 1861 2134 1910 notissimum
2180 1887 2218 1894 =-

209 1940 346 1986 etiam
366 1941 554 1987 haberet
572 1942 671 2002 ejus
688 1944 1012 1999 servilismum,
1042 1946 1099 1992 de
1124 1960 1214 2006 quo
1235 1945 1335 2005 ipse
1370 1943 1487 1990 dixit
1509 1960 1518 1987 ε
1544 1942 1583 1988 Il
1606 1955 1665 1988 ne
1689 1941 1851 2001 faisait
1875 1954 1960 2002 que
1982 1939 2135 1987 suivre
2190 1951 2191 1954 ¹
2234 1939 2240 1956 '

210 2016 256 2062 la
279 2016 459 2064 volonte'
487 2017 565 2065 des
589 2019 854 2076 ministres,
874 2034 1048 2067 comme
1080 2034 1144 2066 un
1170 2021 1307 2067 valet.
