2262 3990
224 169 314 219 ⁴70
900 153 1199 203 TRACTATUS
1230 154 1298 202 DE
1328 154 1477 202 PAPA.

227 274 401 335 simul
434 273 627 345 aperte
664 265 810 320 hanc
845 263 1279 339 praerogativam
1309 262 1578 321 exhibent
1615 267 1891 338 tanquam
1929 263 2038 338 ipsi
2063 280 2154 322 ex-

224 371 437 433 clusive
462 363 774 441 propriam.
803 362 915 421 Nee
941 367 1128 439 potest
1159 363 1308 420 hane
1347 380 1512 420 suam
1545 361 1968 419 infallibilatem
1995 361 2157 422 alteri
2206 424 2210 428 ,

226 466 506 541 delegare3
543 464 676 540 quia
709 463 991 537 Christus,
1012 482 1128 521 non
1153 463 1388 522 alterius
1422 462 1731 538 cujuslibet
1756 461 2030 537 horniniS,
2063 462 2159 521 sed

228 565 405 624 solius
437 563 679 620 Romani
709 562 996 621 Pontificis
1030 562 1202 620 fidem
1236 561 1562 620 definientis
1585 560 1867 637 judicium
1893 559 2162 618 infallihi-
2195 587 2199 592 ¹

226 666 386 723 litate
421 663 670 721 donavit.
709 663 849 738 Ergo
874 670 939 722 ut
965 663 1256 721 Romanus
1285 662 1539 720 Pontifex
1574 662 1842 736 loquatur
1872 679 1939 718 ex
1970 660 2163 717 cathe-

228 765 354 836 dra,
384 781 616 822 neeesse
643 769 730 822 est
757 769 821 820 ut
861 763 1103 840 ipsemet
1130 782 1232 841 per
1255 762 1551 840 proprium
1577 761 1787 829 mentis
1816 778 1945 818 suae
1974 766 2161 819 actum
2199 807 2204 812 .

224 863 444 939 judicet
477 881 541 920 ae
574 863 928 939 pronuntiet.

305 963 593 1020 Paorosmo
637 964 721 1021 Ila.
746 997 820 1007 —
845 963 1116 1020 Romanus
1150 963 1407 1037 Pontifex
1428 982 1524 1038 per
1554 965 1796 1038 propriae
1828 980 1940 1018 suae
1980 961 2171 1018 mentis
2241 988 2245 991 -

232 1074 409 1122 actum
454 1065 640 1138 delinit
685 1083 747 1121 ac
787 1067 1126 1140 pronuntiat,
1170 1041 1381 1137 quaudo
1424 1066 1503 1136 id,
1548 1065 1688 1139 quod
1729 1083 1762 1120 a
1798 1063 2171 1122 Carcliualibus

233 1165 416 1223 Sancti
451 1164 627 1240 Officii
661 1166 937 1238 delinitum
972 1172 1073 1234 est,
1121 1166 1235 1238 ipse
1268 1182 1365 1239 per
1404 1165 1719 1237 Pontificius
1747 1165 1952 1220 litteras
1989 1163 2172 1235 definit
2217 1189 2222 1196 ·

233 1283 295 1322 ac
322 1267 606 1322 tenendum
643 1266 916 1339 praecipit‚·
959 1266 1086 1320 item
1127 1264 1342 1337 quando
1390 1264 1608 1320 decreta
1651 1264 1951 1336 cloymatica
1987 1261 2178 1319 Cardi-

233 1365 437 1420 ualium
474 1365 782 1435 coufirmat,-
827 1382 891 1420 ac
928 1364 1136 1420 demum
1175 1364 1392 1437 quaudo
1436 1365 1655 1420 decreta
1700 1363 1814 1418 haec
1858 1379 1924 1418 cx
1962 1361 2175 1435 speciali

235 1466 400 1537 ipsius
438 1463 695 1519 mandato
732 1463 1094 1538 publicantur.
1120 1497 1193 1507 --
1219 1463 1274 1519 1⁰
1314 1462 1370 1519 Si
1419 1461 1675 1519 Pontifex
1719 1480 1820 1536 per
1853 1461 2046 1533 Breve,
2082 1465 2178 1517 aut

238 1564 474 1622 alterius
503 1564 701 1622 formae
724 1563 945 1622 litteras
976 1565 1351 1641 Apostolicas,
1386 1564 1508 1641 ipse
1536 1564 1767 1621 definiat
1795 1581 1919 1636 quae
1946 1562 2179 1619 fuerunt
2243 1614 2248 1619 .

240 1683 272 1720 a
301 1662 700 1722 Cardinalibus‘
725 1665 1115 1740 pronuntiata,
1156 1671 1308 1741 patet
1336 1666 1531 1742 ipsum
1563 1664 1797 1722 definire
1840 1682 1903 1720 ae
1931 1679 2181 1738 pronun-

241 1759 386 1818 tiare
416 1779 517 1836 per
559 1762 857 1838 proprium
893 1762 1101 1820 mentis
1145 1781 1262 1820 suae
1297 1770 1507 1832 actum;
1545 1762 1852 1838 siquidem,
1883 1766 1949 1817 ut
1973 1778 2181 1836 suppo-

245 1860 427 1930 nitur,
456 1860 659 1917 litterae
686 1862 988 1936 pontificiae
1027 1864 1239 1936 quibus
1266 1864 1344 1921 ita
1373 1864 1726 1940 pronuntiat,
1764 1862 1946 1938 ipsius
1977 1864 2102 1916 sunt
2127 1864 2179 1914 et

247 1957 433 2032 ipsius
474 1958 706 2016 nomine
730 1961 1116 2034 publicantur.
1153 1963 1208 2017 2⁰
1242 1963 1394 2018 Idem
1429 1969 1516 2019 est
1542 1962 1767 2036 quando
1795 1961 2018 2017 decreta
2052 1957 2184 2030 dog·

249 2056 459 2113 matica
495 2057 907 2132 Cardinalium‚
954 2059 1063 2117 sihi
1102 2078 1206 2135 per
1231 2060 1567 2118 relationem
1610 2059 1854 2133 cognita,
1883 2058 2028 2131 Papa
2070 2073 2192 2111 con-

251 2156 453 2227 firmat,
495 2155 628 2212 licet
667 2158 740 2212 ad
781 2157 838 2213 id
879 2176 997 2214 non
1038 2158 1242 2215 edatur
1285 2159 1473 2214 ullum
1507 2159 1698 2226 Breve,
1738 2156 1835 2212 sed
1868 2162 2093 2212 tantum
2132 2152 2191 2207 in

251 2252 496 2328 ipsomet
527 2254 917 2312 Cardinalium
949 2256 1174 2313 decreto
1207 2256 1448 2313 addatur
1481 2255 1767 2330 judicium
1795 2252 1951 2309 istud
1981 2270 2012 2308 a
2049 2250 2192 2326 Papa

252 2352 435 2410 fuisse
476 2356 874 2427 confirmatum.
921 2356 1061 2412 Nam
1104 2357 1204 2432 qui
1247 2357 1328 2413 sic
1362 2362 1550 2413 ratum
1586 2355 1753 2410 habet
1796 2359 1850 2409 et
1898 2349 2197 2408 confirmat

250 2452 538 2526 judicium
573 2454 833 2527 alterius,
866 2456 973 2513 hoe
1006 2456 1128 2532 ipso
1166 2461 1366 2513 notum
1410 2455 1578 2511 habet
1614 2451 1895 2529 judicium
1927 2447 2105 2518 istud,
2141 2451 2195 2504 et

258 2552 424 2624 illud,
485 2572 584 2628 per
632 2556 886 2631 propriae,
924 2574 1042 2613 suae
1095 2557 1306 2613 mentis
1345 2563 1560 2627 aetum,
1615 2572 1786 2611 suum
1835 2550 1990 2622 facit,
2046 2548 2193 2606 idem

255 2650 565 2724 judicando
603 2671 669 2710 ao
710 2656 1158 2728 pronuntiando.
1202 2657 1260 2714 5⁰
1303 2657 1458 2714 Idem
1501 2655 1806 2712 dicendum
1855 2652 1902 2708 si
1946 2647 2193 2707 definitio

262 2749 652 2807 Cardinalium
699 2755 1026 2827 publicetur
1076 2758 1142 2814 de
1183 2757 1403 2831 speciali
1443 2756 1699 2812 mandato
1737 2750 1975 2810 Romani
2015 2745 2200 2806 Ponti·
2250 2823 2261 2838 .

266 2847 409 2905 ficis.
439 2848 581 2906 Nam
600 2869 716 2908 non
734 2853 896 2911 adest
919 2855 1254 2912 mandatum
1277 2855 1509 2931 speciale
1528 2854 1711 2930 Papae,
1731 2852 1843 2908 nisi
1867 2848 2197 2907 mandatum

269 2948 424 3006 istud
455 2950 734 3009 referatur
767 2953 836 3010 ad
866 2954 1257 3013 definitionem
1296 2956 1454 3012 illam
1489 2957 1543 3011 in
1570 2954 1893 3029 particulari
1917 2947 2198 3024 cognitam

270 3067 301 3105 a
341 3049 510 3124 Papa.
545 3051 784 3110 Proinde
822 3054 1043 3128 quoties
1077 3055 1236 3113 adest
1267 3054 1549 3131 ejusmodi
1587 3052 1921 3111 mandatum
1949 3045 2200 3124 speciale,

269 3145 418 3220 Papa
450 3153 644 3206 notam
673 3151 874 3209 habuit
912 3152 1071 3210 illam
1098 3154 1281 3230 ipsam
1318 3153 1706 3212 definitionem
1744 3170 1776 3208 a
1811 3144 2207 3206 Cardinalihus

272 3247 720 3320 pronuntiatam;
776 3258 832 3309 et
875 3270 1009 3310 cum
1054 3254 1284 3313 aliunde
1318 3254 1515 3330 jubeat
1548 3252 1709 3309 illam
1746 3246 2049 3326 publicari,
2097 3244 2204 3299 hoc

269 3339 395 3417 ipso
432 3344 680 3406 declarat
719 3368 779 3408 se
811 3369 938 3410 eam
981 3353 1298 3429 approbare
1331 3371 1396 3410 ac
1432 3351 1786 3411 confirmare.
1823 3347 1991 3404 Adest
2028 3340 2206 3416 igitur

273 3437 370 3496 ille
406 3446 669 3521 proprius
702 3452 909 3511 mentis
956 3453 1140 3530 ipsius
1178 3459 1363 3526 aetus,
1409 3445 1519 3528 quo
1557 3451 1707 3509 idem
1751 3449 1873 3525 ipse
1912 3441 2105 3502 definit
2143 3440 2203 3495 et

273 3546 625 3608 pronuntiat.

306 3718 309 3723 ⁴
350 3633 635 3700 Pnorosmo
675 3647 784 3707 111³.
816 3684 888 3693 —
932 3653 1173 3723 Quando
1213 3655 1441 3714 decretis
1474 3650 1790 3725 doymaticis
1832 3637 2203 3703 Cardinalium
