2306 4010
843 216 971 264 PARS
999 215 1234 264 SECUNDA.
1308 259 1312 262 ⁴
1898 211 1980 258 181

849 571 1091 634 CAPUT
1138 572 1238 632 III

140 756 223 791 nx
244 753 620 791 τεπιιοηιο
643 747 1034 786 nomo-um
1056 746 1433 782 nominem·
1456 747 1588 783 suu
1614 747 1954 783 mmmmm!-

210 802 221 812 ’
454 824 726 863 nnn-nm
746 796 1178 858 ‘nimmn‘rwm
1202 817 1582 865 (nnunsswm
1597 817 1631 864 J.

183 1003 408 1062 Romani
440 1000 727 1058 Pontifices
754 999 935 1074 palam
970 1005 1022 1054 et
1052 1002 1370 1053 constanter
1411 996 1518 1052 sibi
1560 996 1976 1054 infallibilitatis

108 1099 283 1175 q'uoad
305 1115 500 1155 causas
531 1097 655 1152 fidei
684 1095 1100 1170 praerogativam
1144 1093 1520 1161 vindicarunt,
1573 1092 1630 1147 id
1664 1092 1872 1149 sciente
1915 1112 1978 1149 ac

103 1195 420 1252 nullatenus
444 1193 775 1249 reclamante
805 1191 1070 1260 Ecclesia,
1104 1190 1217 1246 sive
1254 1190 1312 1245 in
1339 1188 1590 1246 conciliis
1625 1195 1978 1262 congregata,

103 1293 215 1350 sive
249 1292 516 1365 dispersa.
554 1291 718 1346 Porro
746 1289 802 1344 id
828 1289 1075 1362 rigorose
1106 1289 1302 1362 probat
1323 1287 1586 1343 Romanis
1621 1286 1977 1343 Pontificibus

104 1407 291 1446 revera
335 1395 645 1462 competere
674 1385 1131 1441 infallibilitatem
1167 1384 1322 1439 illam
1357 1402 1525 1458 quam
1559 1383 1666 1439 sibi
1694 1383 1973 1440 tribuunt.

178 1485 218 1539 Ι.
248 1486 466 1541 Certum
485 1491 566 1539 est
593 1484 866 1538 Romanos
889 1481 1178 1536 Pontifices
1206 1480 1349 1537 dicto
1374 1480 1538 1536 modo
1566 1479 1983 1554 praerogativam

107 1580 256 1636 illam
280 1581 384 1635 sibi
411 1580 690 1654 propriam
715 1579 1044 1634 vindicasse.
1075 1578 1134 1632 Id
1169 1583 1517 1652 compertum
1557 1575 1779 1632 habebit
1806 1576 1978 1632 lector

105 1677 432 1734 recensendo
472 1677 807 1747 testimonia,
831 1677 948 1750 jam
974 1695 1169 1750 supra,
1211 1677 1454 1732 sectione
1485 1675 1751 1744 secunda,
1778 1675 1972 1743 relata,

101 1773 351 1830 videlicet
373 1775 430 1829 in
453 1775 655 1846 quibus
677 1774 860 1846 agitur
880 1774 947 1830 de
967 1774 1138 1846 gestis
1161 1776 1246 1830 vel
1263 1773 1428 1830 dictis
1455 1773 1815 1828 Summorum
1838 1771 1976 1827 Pon-

97 1869 309 1926 tificum
341 1872 554 1927 Damasi
577 1874 731 1943 (sect.
762 1873 827 1941 II,
860 1890 908 1927 c.
931 1893 966 1941 1,
1007 1890 1164 1946 prop.
1196 1872 1327 1943 XII),
1352 1871 1550 1927 Zozimi
1571 1870 1974 1945 (ibid.,propo·

96 1964 186 2022 sit.
224 1966 374 2038 XVI),
417 1966 686 2023 Coelestini
726 1967 907 2039 (ibid.,
935 1985 1092 2042 prop.
1138 1967 1290 2038 XIX),
1326 1966 1463 2023 Sixti
1507 1966 1574 2021 111
1616 1966 1800 2039 (ibid,
1833 1985 1970 2040 ,pro-

96 2063 259 2137 posit.
302 2064 449 2135 XXI),
491 2065 685 2120 Leonis
716 2065 890 2139 Magni
925 2065 1115 2139 (ibid,
1157 2084 1319 2140 prop.
1350 2066 1525 2136 XXII),
1554 2065 1756 2121 Gelasii
1785 2065 1970 2139 (ibid.,

94 2177 248 2234 prop.
278 2160 466 2230 XXVI),
502 2161 805 2216 Hormisdae
834 2161 1018 2231 (ibid,
1048 2179 1176 2230 c.11,
1204 2179 1363 2234 prop.
1398 2162 1488 2234 II),
1522 2161 1767 2233 Gregorii
1790 2161 1971 2233 Magni

0 2257 1 2325 i
97 2254 443 2328 (ibid.,prop.
462 2256 613 2326 VIII),
643 2257 942 2328 Agathonis
965 2257 1326 2329 (ibid.,prop.
1350 2258 1486 2326 XII),
1506 2257 1720 2311 Nicolai
1740 2257 1758 2309 1
1782 2257 1971 2329 (ibid.,

97 2368 145 2405 c.
180 2369 249 2417 ni,
293 2369 451 2425 prop.
499 2352 692 2422 XXIII),
746 2352 985 2424 Gregorii
1017 2353 1100 2406 VII
1134 2353 1316 2424 (ibid,
1370 2370 1529 2426 prop.
1574 2353 1814 2423 XXXIII),
1843 2354 1973 2408 Leo-

99 2446 183 2503 nis
219 2447 280 2502 lx
317 2448 501 2519 (ibid,
547 2468 704 2524 prop.
752 2450 938 2505 XXXIV
969 2456 1023 2506 et
1066 2450 1279 2521 XXXV),
1321 2450 1596 2506 Paschalis
1631 2451 1675 2505 II
1711 2451 1964 2525 (ibidem,

95 2550 247 2618 prop.
284 2544 470 2632 XLIX),
520 2548 821 2603 multorum
854 2547 1090 2603 aliorum
1135 2547 1462 2602 Pontificum
1497 2547 1684 2620 (ibid,
1716 2554 1828 2604 toto
1875 2566 1965 2603 ca-

94 2632 205 2706 pite
245 2645 377 2705 xm).
420 2633 527 2689 Hoc
556 2634 754 2690 ultimo
790 2636 953 2692 citato
997 2637 1174 2710 capite
1206 2637 1448 2710 reperies
1489 2637 1575 2692 bis
1620 2643 1891 2692 assertam
1942 2656 1971 2692 a

91 2727 182 2785 Pio
202 2728 264 2783 IX
283 2730 555 2786 Pontificis
577 2731 809 2788 Romani
835 2733 1310 2790 infallibilitatem.
1333 2733 1484 2801 Adde
1510 2734 1799 2807 sequentia
1819 2734 1967 2808 ejus-

93 2825 217 2882 dem
241 2827 514 2884 Pontificis
545 2829 927 2903 pronuntiata.

167 2922 255 2979 Sic
291 2941 486 2999 nempe
525 2925 709 2999 legere
739 2934 823 2984 est
862 2928 921 2983 in
950 2928 1106 2984 bulla
1134 2930 1214 2986 Ad
1252 2932 1571 3003 apostolicae,
1619 2930 1688 2985 22
1737 2929 1959 3001 augusti
1994 2934 2002 2943 ’

96 3016 262 3088 1851,
290 3037 396 3092 qua
420 3021 545 3077 Pius
569 3023 706 3097 Papa
735 3025 797 3079 IX
818 3043 982 3100 opera
1006 3026 1235 3082 Joannis
1264 3026 1420 3082 Nuitz
1442 3026 1726 3081 damnavit
1751 3043 1814 3079 ac
1836 3043 1968 3098 pro-

93 3109 302 3168 hibuit:
336 3135 361 3165 «
385 3115 460 3171 Ne
481 3116 755 3191 simplices
781 3126 947 3193 atque
970 3120 1215 3195 imperiti
1241 3120 1622 3194 decipiantur3
1660 3119 1964 3176 admouere

95 3223 283 3265 omnes
305 3211 370 3267 de
390 3214 838 3284 pravaedoctrinae
864 3217 1083 3274 insidiis
1099 3219 1167 3274 ad
1206 3224 1460 3273 nostrum
1490 3216 1728 3290 pertinet
1745 3223 1970 3290 aposto-

91 3302 260 3360 latum
282 3330 292 3372 ;
319 3310 534 3383 expedit
560 3312 856 3385 siquidem,
873 3314 933 3371 Ut
952 3316 1022 3370 ibi
1041 3316 1229 3370 damna
1249 3315 1381 3387 fidei
1407 3315 1726 3381 sarciantur,
1749 3315 1831 3369 ubi
1856 3332 1959 3371 non

85 3409 255 3472 potest
283 3405 412 3474 fides
434 3409 628 3462 sentire
649 3409 908 3481 defectum
945 3409 1019 3482 (S.
1050 3409 1400 3476 BernarduS,
1435 3408 1600 3481 epist.
1631 3411 1764 3481 cxc).
1791 3409 1965 3486 Prop-

89 3501 255 3554 terea.
271 3542 332 3571 ..,
361 3506 424 3557 ut
439 3503 626 3561 fideles
643 3524 836 3563 omnes
859 3523 1174 3580 perversam
1206 3505 1450 3560 auctoris
1485 3504 1792 3563 doctrinam
1812 3507 1962 3564 devi-

90 3598 228 3666 tent,
250 3597 523 3674 fidemque
552 3620 582 3657 a
608 3603 885 3673 Patribus,
907 3588 1004 3676 per
1031 3603 1164 3658 hanc
1190 3602 1533 3675 apostolicam
1557 3602 1741 3660 Seclem
1760 3607 1966 3662 colum-
