2262 3990
298 130 389 178 482
732 107 735 110 ,
959 119 1270 167 TRACTATUS
1302 120 1370 168 DE
1400 121 1549 169 PAPA.

199 219 213 231 ⁶
294 244 420 291 rata
458 252 521 289 ao
558 231 780 301 definita
829 227 996 298 fuerit
1031 228 1300 283 contraria
1342 226 1523 284 Sacrae
1565 227 1882 303 Scripturae.
1918 231 2223 315 Potuerunt

299 327 621 387 Cardinales
658 325 803 379 hanc
849 323 1029 380 solam
1083 330 1359 399 tanquam
1410 327 1719 385 haereticam
1753 326 1979 386 habere.
2028 330 2092 390 Et
2137 334 2220 402 sic

298 427 435 482 dum
467 422 699 496 exigunt
731 429 795 480 ut
835 422 1095 480 Galilaeus
1137 424 1364 499 abjuret
1409 427 1747 501 supradictos
1780 446 1990 486 errores
2035 439 2087 488 et
2116 433 2221 511 hagag

302 541 468 593 reses,
515 540 621 578 vox
655 522 883 579 haereses
909 523 978 579 ad
1008 523 1178 582 istam
1205 525 1410 597 solam,
1439 532 1494 583 et
1520 544 1625 583 vox
1652 545 1864 584 errores
1896 529 1966 585 ad
1997 534 2223 605 caeterae

295 621 594 679 referenda
635 623 798 679 foret.
860 623 1027 680 Juxta
1085 643 1256 699 quam
1299 625 1752 701 explicationem,
1799 628 1994 702 negari
2040 637 2225 704 posset

291 722 616 797 opinionem
648 722 717 778 de
744 722 864 780 sole
893 728 1078 781 stante
1101 728 1155 780 et
1181 730 1331 780 terra
1366 730 1517 781 mota
1559 730 1836 798 tanquam
1866 703 2219 807 liaereticama

292 821 461 879 Sacra
488 822 924 897 Congregatione
970 823 1364 897 Inquisitionis
1400 825 1777 900 proscriptam
1802 825 1998 885 fuisse.
2029 827 2135 886 Sed
2161 829 2218 906 iq

294 921 667 996 abjurationis
717 921 985 993 formula,
1023 923 1195 980 unica
1254 923 1550 982 dumtaxat
1599 924 1878 999 allegatur
1931 935 2107 985 causa'
2151 930 2217 995 ob

288 1040 459 1096 quam
496 1023 789 1097 judicatus
824 1031 908 1081 est
944 1031 1239 1099 suspectus
1267 1024 1336 1082 de
1362 1025 1596 1098 haeresi,
1632 1025 1890 1083 videlicet
1937 1027 2118 1102 ipsius
2153 1027 2226 1089 dc-

294 1128 479 1180 stante
510 1123 628 1179 sole
663 1128 717 1180 et
745 1129 897 1180 terra
930 1130 1167 1198 gyrante
1193 1123 1406 1198 opinio,
1445 1124 1720 1183 Caeterum
1751 1125 1912 1201 parvi
1943 1126 2220 1189 momenti

290 1221 515 1279 videtur
550 1222 882 1297 disceptatio
915 1223 1054 1292 haec,
1100 1239 1232 1277 cum
1266 1239 1489 1279 errasse
1538 1222 1844 1279 dicendum
1870 1224 1942 1278 sit
1968 1224 2219 1287 tribunal

288 1320 706 1395 InquisitioniS‚
748 1320 972 1376 etiamsi
997 1326 1269 1394 tanquam
1308 1321 1507 1393 falsa-m
1538 1320 1830 1379 dumtaxat
1870 1321 2079 1378 dictam
2109 1323 2219 1399 opi-

290 1420 519 1477 nionem
552 1419 972 1495 proscripserit.

362 1520 655 1575 Pnoposmo
675 1521 834 1576 V²³.—
850 1518 998 1587 Quod
1016 1521 1216 1594 Inquisi
1225 1522 1386 1577 tionis
1407 1522 1636 1578 tribunal
1656 1523 1849 1578 (lictum
1867 1530 2101 1595 systema
2115 1541 2215 1581 non

288 1622 670 1695 proscripserit
698 1628 953 1692 tanquam
981 1623 1111 1676 inse
1147 1621 1369 1694 falsam,
1405 1622 1500 1677 sed
1537 1622 1816 1677 dumtaoeat
1847 1629 2106 1695 quatenus
2133 1640 2215 1680 as-

288 1727 558 1775 sereretur
576 1727 775 1776 certum
801 1728 851 1775 et
878 1722 1115 1793 rigorose
1145 1717 1593 1790 demonstratam,
1620 1723 1762 1776 omni
1778 1739 2001 1794 prorsus
2030 1721 2216 1794 satida·
2254 1784 2257 1787 v

288 1829 463 1877 mento
490 1831 652 1877 caret.
672 1854 747 1861 ——
770 1820 990 1876 Etenim
1016 1820 1074 1876 in
1093 1820 1316 1877 decreto
1336 1820 1513 1877 Sacra}
1537 1820 2000 1895 Congregationis
2018 1820 2212 1878 Indicis

288 1922 322 1976 5
351 1919 542 1975 martii
572 1919 739 1992 1616,
777 1921 1018 1975 doetrina-
1038 1921 1101 1975 cle
1124 1919 1415 1976 mobilitate
1435 1929 1593 1977 terrae
1615 1928 1666 1977 et
1688 1922 2049 1977 immobilitate
2065 1919 2208 1989 solis,

285 2020 692 2096 pronuntiatur
719 2020 857 2092 falsa
881 2025 933 2074 et
963 2019 1154 2074 (livinae
1185 2020 1475 2092 Scripturae
1509 2023 1720 2075 omnino
1751 2021 2041 2075 adversans
2072 2016 2216 2091 (vide

299 2121 610 2194 supra,}1,
637 2119 1045 2174 documentum
1063 2117 1102 2191 I)
1120 2162 1130 2172 .
1147 2116 1267 2174 Non
1297 2116 1492 2174 dicunt
1511 2116 1835 2172 Cardinales
1857 2136 1867 2168 :
1895 2115 2051 2172 Falso
2073 2133 2216 2171 asse·

292 2222 427 2276 ritar
433 2221 547 2292 jam
573 2220 814 2291 riyorose
837 2218 1191 2272 demonstrari
1215 2216 1514 2271 doctrinam
1546 2217 1610 2270 cle
1636 2194 1780 2270 mota
1806 2222 1964 2270 terrae
1983 2222 2033 2268 et
2060 2215 2214 2270 stabi-

290 2321 446 2375 litate
477 2316 627 2389 solis‚
656 2316 753 2373 sed
772 2316 840 2373 de
862 2315 1098 2390 ipsamet
1133 2313 1390 2370 doctrina
1418 2319 1640 2370 motum
1671 2318 1839 2369 terrae
1867 2312 2213 2370 adscribente

285 2419 482 2476 dicunt
510 2440 521 2473 ε
554 2418 700 2490 falsa
740 2423 794 2474 et
826 2417 1007 2474 Sacrae
1048 2416 1342 2490 Scriptarae
1381 2416 1683 2471 adversans,
1719 2414 1872 2470 Unde
1914 2415 2058 2471 hanc
2084 2413 2208 2472 doc-

286 2518 498 2574 trinam
534 2517 786 2573 absolute
819 2522 871 2572 et
899 2516 956 2571 in
979 2533 1037 2572 se
1065 2533 1362 2572 erroneam
1387 2519 1525 2570 tunc
1552 2513 2016 2589 pronuntiarunt.
2047 2511 2207 2587 Equi-

288 2616 416 2671 dem
442 2615 820 2671 nihilominus
848 2633 947 2689 per
981 2615 1274 2670 decretum
1315 2613 1451 2669 anni
1481 2611 1628 2669 1620
1655 2611 2044 2688 permiserunt
2072 2613 2208 2669 hanc
2259 2630 2262 2648 ·

286 2714 607 2771 doctrinam
636 2713 837 2788 exponi
878 2719 1150 2787 tanquam
1182 2714 1516 2787 hypothesim
1533 2733 1551 2778 ,-
1582 2711 1680 2769 sed
1705 2730 1819 2768 non
1847 2711 1971 2768 ideo
1999 2727 2209 2770 revoca-
2256 2739 2262 2750 ·

288 2821 425 2872 runt
458 2814 750 2870 decretum
780 2832 891 2886 quo
920 2813 1080 2869 illam
1112 2813 1312 2869 falsam
1351 2819 1406 2869 et
1437 2813 1616 2870 Sacrae
1645 2812 1951 2887 Scripturae
1995 2817 2205 2868 contra-
2257 2844 2259 2851 ·

284 2915 430 2971 riam
462 2914 988 2990 pronuntiaverant.
1036 2912 1423 2969 Permiserunt
1465 2930 1668 2987 nempe
1710 2912 2027 2969 doctrinam
2054 2911 2199 2970 illam
2254 2927 2262 2967 ι

287 3016 494 3092 exponi
520 3022 791 3089 tanquam
821 3013 1216 3091 hypothesim;
1262 3013 1360 3071 sed
1402 3020 1674 3088 tanquam
1722 3013 2078 3089 hypothesim
2104 3007 2200 3084 fal-
2256 3036 2259 3045 ⁴

284 3135 421 3187 sam,
450 3121 503 3172 et
539 3133 666 3189 quae
700 3133 801 3191 pro
837 3114 979 3186 falsa
1029 3114 1271 3171 tenenda
1302 3122 1466 3171 esset.
1513 3115 1692 3170 humo
1723 3113 1835 3189 ipsi
1870 3113 2113 3182 Galilae0‚
2139 3123 2205 3165 ne
2253 3134 2262 3179 g

288 3215 395 3270 allo
424 3215 601 3288 mocl0,
637 3214 695 3270 id
723 3219 829 3285 est,
865 3231 935 3269 ne
961 3219 1024 3269 ut
1068 3213 1425 3288 hypothesim
1465 3213 1697 3287 quidem
1731 3231 1855 3270 eam
1896 3209 2200 3269 doctrinam
2255 3223 2262 3297 ⁵⁴

285 3320 590 3388 exponeret
629 3332 693 3370 ac
733 3313 979 3382 doceret,
1007 3312 1457 3387 prohibuerunt3
1489 3317 1657 3388 prout
1681 3318 1896 3370 constat
1923 3312 1988 3368 ex
2015 3317 2202 3366 tenore
2251 3304 2262 3355 ι’

286 3412 579 3469 sententiae
602 3412 661 3467 in
689 3412 879 3488 ipsum
911 3411 1312 3487 pronuntiatae.
1350 3412 1413 3468 Et
1437 3411 1495 3467 in
1530 3411 1634 3468 hac
1660 3410 1938 3468 sententia
1960 3405 2200 3463 declara-

285 3511 378 3561 tur
411 3509 578 3566 istam
619 3511 935 3568 doctrinam
962 3515 1157 3586 utpote
1205 3527 1331 3584 quae
1360 3510 1479 3584 jam
1514 3508 1828 3585 proscripta
1867 3509 2044 3564 suerat
2084 3507 2202 3559 tan-

283 3620 456 3675 quam
489 3609 630 3677 falsa
660 3616 713 3666 et
739 3610 920 3668 Sacrae
961 3611 1255 3684 Scripturas
1299 3611 1587 3676 eontra-ria,
1617 3625 1728 3664 non
1773 3604 2027 3681 potuisse
2047 3598 2197 3658 licite
2250 3616 2255 3643 1
