2262 3990
835 198 965 246 PARS
995 197 1236 245 SECUNDA.
1886 190 1985 240 45¹7.

101 323 209 364 non
240 305 472 381 periisse
502 327 528 359 »
565 296 747 378 (ibid.‚
777 323 836 362 n.
884 304 1002 377 59).
1041 337 1109 346 —
1146 324 1174 358 α
1206 302 1373 360 Porro
1414 306 1600 359 autem
1635 299 1963 376 CyprianUS,

101 412 190 460 aut
213 422 313 460 nou
339 406 497 460 sentit
524 405 727 460 omniuo
752 403 888 476 quod
911 420 1028 458 eum
1049 403 1273 458 sensisse
1308 401 1564 468 recitatis,
1594 403 1690 454 aut
1724 398 1829 453 hoc
1846 414 1969 471 pos-

107 508 192 558 tea
224 502 462 560 correxit
491 502 550 558 in
591 501 781 575 regula
828 501 1100 572 veritatiS,
1137 504 1232 558 aut
1267 499 1416 556 hunc
1444 497 1603 572 quasi
1636 513 1853 554 naevum
1885 493 1974 551 sui

103 598 486 656 candidissimi
531 599 768 674 pectoris
813 599 1098 674 cooperuit
1144 591 1315 655 ubere
1362 595 1683 654 caritatis...
1731 592 1988 650 Accessit

103 697 214 751 huc
247 697 432 766 etiam,
472 695 621 768 quod
666 700 931 767 tanquam
968 700 1310 750 sarmentum
1345 692 1880 756 fructuosissimum,
1926 689 1974 746 si

103 792 238 865 quid
264 792 323 847 in
364 810 426 849 eo
475 791 652 848 fuerat
693 789 1125 860 emendandum,
1170 790 1426 862 purgavit
1469 796 1627 862 pater
1676 789 1815 845 falce
1848 805 1971 862 pas-

101 885 273 944 sionis
301 910 328 941 »
366 887 546 960 (ibid.‚
572 905 628 941 n.
654 885 768 958 40).

173 984 503 1040 Documenta
528 999 650 1054 quae
682 986 1020 1055 praetensum
1050 981 1373 1037 conflictum
1415 981 1695 1052 exhibent,
1724 982 1855 1038 alibi
1890 982 1974 1036 in·

101 1095 265 1153 super
298 1077 749 1134 commemoravit
780 1083 1008 1134 sanctus
1037 1078 1401 1151 AugustinuS,
1443 1078 1700 1135 videlicet
1729 1100 1739 1131 :

168 1175 238 1229 De
286 1179 554 1247 praetensa
598 1174 854 1248 Cypriani
895 1175 963 1230 ad
1008 1175 1343 1232 Jubaianum
1379 1175 1629 1249 epistola,
1664 1175 1745 1231 sie
1786 1176 1975 1245 habet,

100 1269 242 1326 libro
267 1270 310 1324 ΙΙ
340 1279 518 1325 contra
543 1271 891 1339 Crescouium,
921 1272 1101 1346 capite
1118 1292 1279 1326 xxxn:
1304 1271 1394 1328 Vel
1422 1278 1630 1327 sauctus
1657 1271 1974 1344 Cyprianus,

96 1367 176 1423 vel
201 1369 499 1439 quicumque
525 1368 666 1423 illam
685 1371 895 1440 scripsit
923 1369 1216 1441 epistolam.
1435 1374 1437 1376 ’

167 1463 237 1519 De
255 1464 417 1519 tertio
437 1465 853 1537 Carthaginensi
872 1467 1136 1536 concilio,
1157 1467 1365 1522 ibidem
1386 1467 1526 1523 libro
1547 1468 1589 1536 I,
1615 1466 1794 1540 capite
1818 1485 1972 1534 xxxu,

107 1562 182 1616 ita
213 1561 416 1634 legitur
447 1581 457 1613 ε
486 1562 617 1618 Num
648 1571 697 1618 et
729 1580 817 1618 vos
846 1566 1099 1636 profertis
1127 1566 1396 1620 concilium
1425 1564 1700 1636 Cypriani,
1722 1563 1859 1635 quod
1891 1571 1977 1616 aut

99 1675 201 1713 uon
234 1666 307 1712 est
336 1661 553 1729 factum,
591 1666 681 1714 aut
707 1664 907 1715 caeteris
941 1664 1158 1716 unitatis
1189 1663 1445 1727 membris,
1485 1679 1516 1715 a
1554 1662 1730 1733 quibus
1757 1659 1844 1713 ille
1871 1677 1970 1713 uon

95 1755 288 1809 divisus
318 1763 416 1822 est,
449 1759 630 1812 merito
659 1767 982 1830 superatum.
1010 1759 1188 1831 Neque.
1214 1762 1349 1814 enim
1367 1767 1647 1832 propterea
1679 1774 1855 1811 sumus
1880 1756 1973 1828 Cy-

90 1850 275 1922 priane
300 1852 562 1923 meliores,
583 1855 628 1924 si
658 1861 828 1925 tamen
861 1858 1058 1910 censuit
1088 1856 1352 1910 haereticos
1385 1857 1551 1909 cleuuo
1577 1854 1854 1925 baptizari.

167 1947 230 2016 Et
246 1949 551 2020 generatim
578 1950 644 2007 de
663 1951 980 2008 istiusmodi
1006 1953 1256 2026 epistolis
1275 1952 1543 2028 Cypriano
1569 1950 1867 2024 adscriptis
1895 1950 1970 2004 ita

92 2032 446 2118 pronuntiat:
472 2047 727 2114 Quamdiu
767 2051 920 2107 aliter
957 2055 1131 2124 sapuit
1174 2052 1495 2124 Cyprianus,
1536 2054 1579 2106 si
1625 2052 1828 2123 scripta
1860 2051 1971 2122 ejus

97 2156 206 2194 esse
232 2150 452 2209 constat,
491 2163 603 2215 quae
639 2148 779 2201 vobis
812 2150 1131 2219 proferenda
1166 2150 1492 2203 urbitrcuniui
1525 2151 1725 2218 (contra
1758 2147 1975 2203 Cresco-

101 2235 259 2299 uium,
294 2235 434 2291 libro
459 2239 522 2305 ll,
550 2241 728 2312 capite
759 2244 923 2312 xxxl).

176 2327 250 2382 Ex
283 2329 349 2384 iis
384 2348 546 2402 porro
578 2334 752 2388 saneti
792 2335 1082 2407 Augustini
1125 2337 1366 2393 textibus
1399 2339 1512 2392 haee
1539 2336 1850 2409 colligenda
1879 2354 1969 2391 ve-

16 2491 21 2495 ,
102 2422 296 2478 niunt:

175 2521 228 2575 1⁰
251 2523 581 2580 Documenta
603 2532 940 2598 praetensum
965 2530 1278 2586 conflictum
1301 2531 1618 2588 exhibentia
1652 2549 1761 2587 non
1794 2531 1971 2586 admi-

97 2614 162 2669 sit
221 2616 565 2688 Augustinus
609 2626 880 2694 tanquam
916 2627 1269 2693 authentiea;
1316 2629 1592 2701 siquidem
1636 2628 1846 2702 pluries
1881 2646 1970 2682 ex·

95 2712 297 2783 pressis
323 2715 579 2770 terminis
605 2735 796 2773 eorum
846 2723 1329 2780 authenticitatem
1365 2725 1421 2779 in
1454 2724 1689 2780 dubium
1731 2731 1965 2780 revocat.

94 2806 323 2863 Proinde
363 2811 460 2867 ubi
500 2813 654 2885 dicit,
689 2818 819 2873 (luas
859 2821 917 2875 ob
946 2839 1028 2876 res
1058 2839 1161 2877 uon
1184 2841 1430 2897 negamus
1458 2825 1587 2881 illud
1611 2827 1838 2881 sensisse
1867 2824 1966 2894 Cy—

95 2905 353 2975 priuuum‚
387 2924 581 2965 sensus
606 2930 715 2968 non
739 2922 841 2986 est,
865 2919 1010 2989 quod
1034 2929 1205 2975 teneat
1236 2922 1314 2977 ita
1342 2922 1678 2996 Cyprianum
1706 2921 1967 2976 sensisse.

99 2996 192 3052 sed
219 3004 435 3054 tantum
462 3004 609 3073 quod
637 3006 691 3060 id
717 3026 821 3063 uon
854 3021 1004 3083 ueyet
1021 3036 1046 3077 ;⁴
1071 3032 1192 3086 quae
1218 3015 1326 3070 duo
1363 3016 1521 3070 valde
1560 3016 1775 3070 diversa
1816 3020 1966 3068 sunt.

98 3092 230 3148 Nam
262 3096 358 3167 qui
386 3096 626 3171 dubitat,
652 3121 755 3159 uon
791 3117 966 3178 ueqat,
995 3113 1247 3181 quamvis
1282 3131 1380 3168 nee
1414 3113 1671 3167 affirmet.
1703 3111 1853 3166 Unde
1886 3129 1970 3166 re·

101 3207 227 3245 vera
259 3192 562 3264 Augustino
593 3197 747 3254 dubia
777 3201 882 3258 fuit
904 3204 1179 3262 dictorum
1205 3209 1668 3266 documentorum
1693 3210 1973 3265 authenti-

100 3285 257 3355 citaS,
293 3288 444 3342 dubia
471 3293 726 3363 praetensi
758 3298 1045 3354 conflictus
1087 3301 1342 3359 historia.

173 3381 228 3435 2⁰
254 3380 472 3440 Constat
520 3385 747 3462 insuper
773 3408 837 3446 ex
872 3392 1053 3449 citatis
1080 3396 1369 3468 Augustini
1398 3401 1665 3472 textibus,
1697 3401 1752 3457 in
1787 3402 1968 3460 Africa

100 3481 231 3531 tunc
254 3480 536 3554 temporiS,
567 3482 620 3537 id
645 3491 750 3555 est,
775 3504 920 3544 anno
949 3490 1078 3557 400,
1108 3493 1316 3549 variam
1344 3493 1517 3552 fuisse
1543 3498 1641 3554 hac
1661 3499 1726 3555 de
1751 3517 1810 3555 re
1841 3517 1964 3556 sen-

103 3572 346 3630 tentiam.
391 3577 656 3650 Equidem
702 3583 990 3643 Donatistae
1030 3589 1319 3648 conflictus
1372 3593 1659 3670 historiam
1705 3602 1755 3653 et
1799 3597 1966 3654 docu-
