2262 3990
837 171 966 220 PARS
994 169 1193 219 TERTIA.
1865 167 1950 216 61⁷

81 291 132 346 in
157 301 255 360 qua
283 291 362 341 est
400 285 607 357 integra
629 279 900 355 reliqionis
924 287 974 337 et
990 280 1231 354 perfecta
1257 267 1499 333 soliditas
1528 273 1953 351 :promittentes

83 384 141 440 in
171 380 420 455 sequenti
461 387 707 455 tempore
746 382 1094 450 sequestratos
1135 392 1168 431 a
1202 375 1559 431 communione
1601 369 1842 429 Ecclesiae
1877 389 1957 428 ca-

85 482 309 551 tholicae,
346 482 401 538 id
446 486 524 536 est
557 480 613 533 in
653 477 884 533 omnibus
920 492 1027 531 non
1060 474 1435 530 consentientes
1485 469 1609 527 Sedi
1639 471 1952 544 apostolicae,

83 597 273 636 eorum
303 577 529 635 nomina
555 575 700 632 inter
723 590 878 631 sacra
909 590 1019 628 non
1046 569 1326 628 recitanda
1353 586 1473 626 esse
1505 567 1788 644 mysteria.
1818 568 1956 624 Huic

83 694 212 734 vero
249 673 580 751 professioni
622 671 924 746 subscripsi
951 688 1072 726 mea
1111 686 1307 739 manu,
1339 673 1391 724 et
1422 667 1599 724 direxi
1627 685 1724 742 per
1749 666 1959 743 scripta

85 773 188 830 tibi
230 772 532 829 Hormisdae
578 776 764 828 sancto
801 775 854 825 et
893 767 1212 824 beatissimo
1245 765 1405 821 fratri
1441 771 1495 822 et
1548 766 1700 840 Papae
1748 783 1962 838 magna}

84 871 266 927 Romae
291 893 317 923 »
347 869 568 944 (Labbe,
604 873 641 923 t.
679 867 760 930 lv,
807 864 909 920 col.
956 863 1121 935 1486,
1169 861 1303 920 edit.
1331 862 1578 932 ParisiiS,
1607 862 1796 935 1671).
1826 862 1878 918 Si
1904 862 1961 918 in

85 971 221 1028 Sede
246 968 540 1045 apostolica
572 964 880 1022 inviolabilis
905 980 1111 1035 semper
1138 961 1391 1016 catholica
1411 962 1731 1016 custodiatur
1755 959 1960 1033 reliqio,

87 1067 431 1144 impossibile
456 1070 537 1121 est
573 1079 762 1119 errare
786 1060 977 1116 fideles
1004 1066 1056 1115 et
1079 1051 1373 1133 Episcopos
1406 1057 1502 1131 qui
1534 1056 1668 1113 huic
1697 1058 1963 1114 Romanae

84 1165 240 1222 Sedis
262 1161 515 1236 religioni
552 1160 851 1216 adhaerent.
880 1157 1013 1213 Item
1041 1155 1088 1211 si
1114 1158 1312 1227 integra
1351 1162 1401 1210 et
1434 1156 1673 1227 perfecta
1699 1155 1964 1227 reliyionis

86 1261 325 1319 soliditas
349 1260 418 1316 sit
445 1258 503 1314 in
539 1257 676 1314 Sede
700 1254 996 1330 apostolica
1020 1259 1072 1310 et
1100 1253 1157 1310 in
1198 1251 1593 1309 communione
1613 1269 1780 1326 quam
1808 1268 1965 1326 apos-

92 1359 254 1416 tolica
300 1357 461 1414 Sedes
499 1355 783 1431 praedicat,
820 1353 938 1410 fieri
989 1351 1181 1426 nequit
1220 1357 1282 1407 ut
1310 1355 1495 1407 errent
1527 1349 1777 1424 Episcopi
1812 1349 1966 1406 illam

93 1457 271 1532 ipsam
302 1455 464 1511 fidem
514 1454 831 1529 prolitentes
864 1470 1032 1524 quam
1079 1450 1341 1525 praedicat
1372 1449 1653 1505 Romanus
1696 1448 1963 1505 Pontifex.

93 1554 226 1610 Item
265 1551 310 1608 si
340 1553 654 1626 sequestrari
690 1568 722 1606 a
767 1551 1120 1606 communione
1163 1547 1406 1604 Ecclesiae
1457 1547 1724 1602 catholicae
1771 1552 1824 1602 et
1864 1563 1968 1602 non

94 1652 383 1707 consentire
415 1652 467 1704 in
499 1650 729 1704 omnibus
764 1648 887 1704 Sedi
913 1646 1216 1720 apostolicae
1246 1646 1317 1702 sit
1349 1645 1483 1719 quid
1506 1663 1685 1700 unum
1717 1652 1767 1701 et
1792 1644 1964 1713 idem,

94 1748 348 1820 sequitur
387 1746 682 1820 Episcopos
711 1745 836 1801 fidei
876 1744 1111 1800 Romani
1142 1743 1418 1799 Pontificis
1448 1743 1812 1811 adhaerenteS,
1858 1760 1968 1798 non

88 1862 246 1919 posse
278 1862 307 1900 a
353 1843 745 1900 communione
780 1842 1029 1898 Ecclesiae
1074 1841 1358 1897 catholicae
1404 1840 1680 1911 excidere,
1723 1857 1821 1896 seu
1855 1858 1967 1897 non

91 1958 247 2016 posse
288 1941 343 1996 in
378 1957 623 1996 errorem
649 1945 702 1996 et
738 1938 992 1994 haeresim
1017 1938 1326 1994 deflectere.

164 2039 344 2093 Inesse
386 2043 573 2093 autem
614 2037 759 2092 dicto
792 2031 1120 2092 formulario
1159 2035 1379 2111 plenam
1410 2034 1692 2108 obligandi
1714 2036 1848 2103 vim,
1895 2035 1966 2091 ita

91 2141 150 2191 ut
172 2134 382 2190 nemini
405 2134 708 2190 christiano
736 2133 817 2188 fas
844 2133 915 2188 sit
933 2150 1248 2206 expressam
1274 2132 1333 2187 in
1358 2149 1421 2187 eo
1443 2132 1606 2187 fidem
1633 2131 1860 2204 rejicere
1882 2130 1967 2186 vel

0 2254 5 2307 p
94 2233 151 2288 in
173 2232 407 2287 dubium
433 2248 711 2301 revocare,
738 2230 874 2305 ipsis
915 2230 1082 2286 etiam
1121 2229 1378 2302 gallicani
1421 2230 1735 2307 systematis
1771 2246 1967 2302 sequa-

0 2321 9 2409 l
87 2329 254 2405 ‚cibus
286 2333 501 2383 certum
529 2333 629 2384 est.
661 2328 731 2382 De
763 2345 871 2399 quo
896 2327 973 2381 sic
999 2325 1156 2382 testis
1175 2327 1399 2382 Bossuet
1428 2346 1438 2378 :

173 2448 200 2479 «
229 2427 349 2483 Haec
371 2425 637 2500 professio
662 2425 729 2480 ab
763 2423 1052 2480 Hormisda
1082 2423 1342 2480 Pontifice
1365 2423 1588 2494 dictata,
1617 2423 1683 2478 ab
1714 2423 1972 2479 omnibus

99 2524 374 2599 Episcopis
410 2522 805 2591 Orientalibus,
840 2541 1147 2596 eorumque
1178 2522 1552 2596 antesignanis
1589 2523 1972 2578 Constantino-

98 2620 356 2696 politanis
375 2620 726 2690 PatriarcliiS,
753 2625 834 2675 cst
858 2626 1096 2694 recepta.
1119 2619 1234 2684 Qua
1257 2620 1324 2676 de
1343 2637 1401 2675 re
1425 2620 1797 2676 Occidentales
1821 2620 1949 2694 Epis

0 2748 2 2785 7
101 2719 244 2792 copi,
269 2718 574 2792 praesertim
603 2717 889 2788 Gallicani,
911 2718 1149 2774 multum
1178 2719 1236 2775 in
1262 2719 1488 2775 Domino
1513 2719 1887 2788 collaetantur3
1915 2726 1974 2775 ut

103 2822 314 2870 eertum
347 2816 417 2870 sit
457 2816 596 2871 hanc
633 2816 929 2872 formulam
957 2834 986 2872 a
1013 2822 1126 2873 tota
1152 2817 1392 2874 Ecclesia
1437 2818 1708 2873 catholica
1731 2835 1978 2890 compro-

106 2910 361 2966 batam...
398 2911 544 2966 IIanc
578 2913 1053 2986 professionem...
1088 2932 1188 2988 per
1217 2921 1403 2971 secula
1439 2915 1637 2970 saecula
1664 2915 1979 2986 frequenta—

106 3015 218 3063 tam
266 3006 494 3063 scimus.
542 3008 690 3064 IIanc
744 3011 826 3064 uti
869 3018 1058 3067 sancto
1109 3012 1414 3068 Ilormisdae
1450 3013 1625 3086 Papae,
1676 3018 1980 3084 sanctoque

105 3103 364 3176 Agapeto,
404 3120 465 3157 ac
507 3102 728 3158 Nicolao
762 3105 783 3158 1
822 3123 1013 3160 omnes
1059 3106 1309 3180 Episcopi
1344 3108 1611 3178 fecerant,
1656 3108 1729 3163 ila
1779 3107 1978 3163 iisdem

106 3199 284 3254 verbis
319 3199 553 3254 Adriano
579 3199 620 3254 11
658 3201 832 3274 Papae,
868 3201 1074 3256 Nicolai
1119 3204 1444 3272 successori,
1485 3204 1683 3259 factam
1714 3205 1770 3259 in
1800 3205 1980 3260 conci-

108 3297 182 3351 lio
226 3303 414 3352 octavo
464 3298 806 3353 oecumenico
847 3299 1105 3370 legimus.
1155 3300 1274 3355 Ilaec
1318 3319 1446 3374 ergo
1500 3302 1706 3375 ubique
1755 3302 1976 3376 diffusa,

109 3393 367 3448 omnibus
406 3394 620 3449 saeculis
664 3400 981 3468 propagata,
1020 3397 1088 3451 ab
1128 3397 1467 3452 oecumenico
1517 3399 1751 3455 concilio
1795 3419 1981 3457 conse-

109 3490 419 3562 crata‚quis
442 3476 663 3565 respuat
694 3492 1061 3547 christianus?
1095 3515 1120 3543 »
1146 3494 1434 3565 (Defensio,
1459 3496 1601 3552 libro
1628 3497 1685 3569 X,
1715 3515 1830 3572 cap.
1866 3502 1978 3570 vn.)

183 3588 339 3643 Juvat
363 3595 546 3644 autem
567 3607 686 3661 quse
712 3590 1056 3661 FeneloniuS,
1077 3589 1131 3645 in
1148 3592 1407 3664 pastorali
1427 3593 1791 3651 instructione
1810 3596 1880 3650 20
1894 3596 1982 3668 ju-
