2306 4010
305 122 392 170 106
971 105 1268 161 TRACTATUS
1298 104 1364 151 DE
1395 103 1540 150 ΡΑΡΑ.

304 235 499 286 natum
529 228 864 284 Tolosanum
905 216 1224 277 Pontificem
1267 211 1586 267 Romanum
1619 209 1930 294 deferente⁴¹
1967 228 2030 267 ac
2058 210 2209 269 velut

303 293 496 405 patriae
526 331 745 383 hostem
776 320 1048 395 regnique
1082 311 1277 368 Gallici
1306 311 1658 368 turbatorem
1682 315 2054 368 accusante...

383 451 409 481 «
448 424 675 498 Expavit
709 420 880 478 Gallia
911 423 1026 471 tam
1071 411 1364 485 indignam
1399 411 1602 485 agendi
1627 412 1931 483 rationem,
1982 417 2213 486 tamque

302 529 544 584 alienam
589 541 619 577 a
656 519 857 594 spiritu
906 518 1219 569 vestrorum
1270 511 1717 569 fundatorum...
1753 511 1912 576 Quod
1947 512 1995 567 si
2027 518 2212 568 tamen

301 621 583 680 fidelitatis
620 619 816 672 *vestrae
838 613 898 668 in
931 612 1248 688 principem
1275 611 1406 680 fuit,
1436 599 1634 676 contra
1659 609 1944 667 Pontificis
1969 610 2224 686 Romani

299 719 532 794 repetita
571 715 793 770 decreta
826 711 1097 786 regaliam
1140 710 1307 782 tueri,
1355 710 1492 785 quid
1521 729 1653 784 rogo
1685 728 1867 767 causae
1891 715 1997 782 est,
2030 716 2092 766 ut
2117 727 2213 765 vos

301 814 582 871 fidelitatis
612 813 783 886 hujus
810 813 997 868 Romae
1034 811 1274 886 pudeat?
1308 810 1457 866 Nihil
1488 811 1641 867 enim
1668 811 1857 867 Romae
1885 815 2074 886 patres
2101 827 2216 866 ves-

298 914 366 969 tri
393 911 685 969 ardentius
715 915 937 982 curant,
976 928 1149 984 quam
1174 916 1236 967 ut
1261 909 1510 966 Romano
1530 909 1783 966 Pontifici
1809 909 2212 985 persuadeant,

295 1012 537 1069 Jesuitas
579 1011 676 1084 qui
711 1011 769 1066 in
813 1010 1004 1067 Galliis
1044 1016 1470 1067 commorantur
1509 1010 1767 1066 innoxios
1815 1029 1959 1080 esse,
2001 1027 2104 1066 nec
2155 1027 2215 1065 se

298 1113 429 1169 huic
473 1130 655 1168 causae
681 1130 935 1184 unquam
980 1111 1374 1186 implicasse...
1419 1111 1520 1167 Vos
1559 1110 1830 1186 praecipui
1859 1117 1910 1167 et
1938 1110 2212 1166 ardentis-

294 1211 420 1266 simi
452 1210 673 1283 regaliae
698 1215 1051 1286 promotores
1078 1210 1235 1279 estis,
1261 1210 1430 1285 idque
1449 1216 1577 1265 tam
1603 1216 1802 1265 notum
1831 1215 1885 1266 et
1918 1209 2210 1282 vulgatum

293 1319 396 1383 est,
444 1318 503 1367 ut
540 1330 703 1367 nemo
760 1311 815 1367 id
853 1310 1142 1384 ignoret...
1193 1310 1471 1367 Delictum
1508 1317 1561 1366 et
1597 1309 1980 1366 inobedientia
2003 1315 2210 1373 vestra,

293 1431 421 1467 cum
463 1410 705 1490 publica!
734 1415 943 1479 essent,
995 1409 1226 1466 secretis
1256 1409 1671 1483 monitionibus
1703 1410 1893 1466 curari
1925 1428 2037 1465 non
2065 1415 2216 1483 pote-

293 1519 440 1568 rant.
475 1511 661 1566 Palam
692 1529 821 1584 ergo
863 1528 958 1566 vos
1009 1509 1234 1575 monui;
1268 1509 1364 1565 sed
1393 1489 1522 1564 cum
1555 1508 1696 1564 nihil
1730 1509 2083 1584 proficerem,
2116 1524 2215 1564 nec

297 1611 678 1683 dignaremini
704 1610 1207 1666 constitutionibus
1238 1610 1377 1665 meis
1405 1609 1644 1678 deferre,
1680 1609 1747 1664 ad
1784 1608 2085 1665 Ecclesiam
2113 1627 2210 1664 vos

293 1708 490 1763 detuli.
530 1708 631 1763 Sed
664 1711 804 1763 hane
845 1727 1070 1782 quoque
1103 1709 1417 1783 spi‘evistiS‚
1458 1727 1587 1764 cum
1621 1708 1879 1764 videlicet
1909 1725 2007 1782 per
2037 1726 2097 1763 os
2128 1707 2205 1763 vi-

293 1805 473 1860 sibilis
526 1806 611 1860 sui
653 1807 852 1880 capitis
902 1807 971 1862 ad
1016 1825 1111 1862 vos
1154 1806 1510 1879 loqueretur.
1559 1807 1698 1870 Quid
1749 1824 1879 1878 ergo
1920 1813 2207 1881 supererat

295 1905 457 1975 mihi,
486 1905 598 1960 nisi
621 1905 879 1961 videlicet
906 1905 1097 1961 delicti
1119 1906 1291 1961 vestri
1316 1907 1573 1980 complex
1597 1924 1718 1962 esse
1751 1906 1981 1980 patique
2011 1907 2208 1963 vellen]

291 2012 348 2061 ut
385 2005 478 2061 alii
514 2024 740 2079 quoque
766 2007 1021 2080 exemplo
1049 2011 1233 2062 vestro
1266 2012 1719 2081 pervetereutur3
1752 2006 1912 2079 quid,
1954 2007 2211 2079 inquam.

290 2112 603 2180 supererat,
648 2124 820 2179 quam
856 2112 919 2162 ut
951 2105 1222 2163 infectum
1268 2107 1586 2163 membrum
1640 2126 1669 2162 a
1720 2107 1940 2180 reliquo
1980 2125 2215 2182 corpore

290 2210 646 2281 separarem?
683 2208 868 2279 Atque
910 2207 1160 2271 utinam,
1199 2207 1276 2262 mi
1306 2212 1485 2282 pater,
1514 2209 1666 2263 hunc
1691 2209 2087 2280 ictum‚-quem
2115 2225 2216 2280 ego

290 2321 401 2357 non
438 2304 546 2359 nisi
582 2304 793 2360 invitus
841 2324 904 2359 ac
940 2305 1388 2379 lacrymantibus
1420 2306 1600 2361 oculis
1644 2307 1853 2362 inferre
1894 2325 2083 2378 cogor,
2120 2306 2216 2363 de-

288 2404 580 2460 clinaretis
608 2411 695 2461 1...
738 2405 916 2475 Cerle‚
946 2405 1207 2462 dioecesis
1247 2406 1604 2480 Apamiensis
1631 2407 1878 2463 vicarius
1909 2407 2212 2481 generalis,

292 2521 317 2555 a
350 2502 826 2576 SedeApostolica
855 2503 1226 2559 confirmatus
1258 2527 1283 2557 »
1315 2507 1327 2570 <
1339 2506 1483 2579 apud
1524 2506 1876 2563 Cardinalem
1905 2505 2211 2571 Sfondrat..

295 2601 468 2659 Gallia
487 2601 775 2670 vindicata,
824 2602 1030 2675 pagina
1069 2603 1201 2671 564,
1239 2603 1503 2658 editionis
1535 2606 1796 2661 secundae
1829 2604 2211 2669 Sancti-Galli,

297 2698 318 2754 4
338 2695 490 2756 702).

418 2921 442 2971 g
471 2920 510 2962 4.
539 2944 591 2952 --
616 2922 873 2964 Documenta
900 2935 923 2965 e
948 2923 1131 2977 regestis
1158 2924 1414 2967 Par-lamenti
1437 2925 1691 2968 Parisiensis
1722 2926 1790 2972 418
1812 2926 1907 2980 juin
1936 2925 2079 2979 1681).

373 3104 399 3135 «
431 3083 498 3138 Ce
520 3084 653 3158 jour
684 3084 736 3140 16
772 3104 1087 3161 procureur
1113 3089 1344 3162 general
1377 3089 1451 3157 du
1484 3088 1568 3144 roi
1595 3095 1678 3144 est
1706 3091 1865 3144 entre,
1894 3106 1964 3144 en
1999 3088 2050 3144 13
2077 3107 2216 3146 cour

300 3188 349 3239 et
379 3203 404 3239 a
438 3184 515 3239 dit
545 3203 675 3258 que,
714 3186 764 3242 16
805 3186 958 3243 bruit
1003 3188 1206 3245 s’etant
1238 3189 1493 3265 repandu
1537 3189 1675 3245 dans
1714 3189 1765 3244 16
1792 3189 1983 3265 public
2027 3208 2134 3265 que
2166 3191 2217 3246 le

298 3281 439 3354 Pape
481 3282 623 3338 avait
655 3283 919 3366 ,ordonne
951 3304 1021 3341 au
1053 3287 1280 3359 general
1313 3287 1410 3343 des
1455 3287 1694 3343 Jesuifes
1735 3286 2052 3342 d'adresser
2105 3305 2213 3342 aux

298 3380 662 3453 provinciaux
689 3383 757 3440 de
787 3384 941 3442 Paris
985 3392 1038 3443 et
1073 3386 1141 3442 de
1169 3387 1448 3443 Toulouse
1474 3387 1572 3465 des
1602 3388 1789 3463 copies
1817 3386 2214 3460 authentiques

305 3477 379 3531 (lu
407 3477 738 3537 Brefdonne
763 3502 866 3557 par
889 3483 954 3540 Sa
980 3484 1244 3557 Saintete,
1278 3486 1330 3542 le
1355 3486 1601 3562 premier
1625 3487 1755 3561 jour
1781 3484 1848 3539 de
1875 3485 1928 3539 la
1954 3488 2215 3560 presente

305 3577 507 3643 annee,
557 3594 682 3632 avec
726 3599 837 3636 une
886 3581 1196 3656 injonction
1228 3602 1428 3641 encore
1477 3585 1607 3660 plus
1643 3582 1859 3658 precise
1888 3585 1915 3638 a
1957 3583 2102 3638 celui
2147 3583 2214 3637 de
