2306 4010
800 214 925 261 PARS
956 213 1193 261 SECUNDA.
1850 210 1937 257 355

63 326 172 386 alio
209 325 428 384 tandem
461 342 524 381 cx
564 323 744 399 capite
789 323 941 379 illam
979 322 1031 378 vi
1061 337 1273 387 carere,
1305 304 1431 377 cum
1472 317 1822 394 impossibile
1865 318 1938 375 sit

63 424 400 482 oecumenice
421 422 747 479 damnatum
772 420 946 478 fuisse
970 418 1273 476 Honorium
1297 409 1562 492 tanquam
1589 418 1804 491 proprie
1828 417 1936 474 hae-

59 523 317 594 reticum,
345 523 414 579 ob
438 521 611 597 ipsius
637 519 923 597 epistolas,
951 518 998 574 si
1031 518 1243 574 nullam
1267 516 1522 574 haeresim
1545 514 1792 591 epistolae
1818 513 1939 571 istae

57 621 390 679 contineant.
426 618 727 675 Difficultas
777 632 1000 690 nempe,
1032 615 1077 671 si
1109 633 1218 687 qua
1253 615 1415 684 foret,
1458 631 1568 669 non
1595 618 1680 669 est
1718 611 1777 667 in
1814 630 1940 687 pro-

58 717 236 774 bando
267 715 482 771 nullam
516 714 574 769 in
602 712 851 786 epistolis
884 711 1109 767 Honorii
1153 711 1406 767 haeresim
1435 709 1732 781 contineri,
1762 709 1855 767 scd
1881 710 1940 766 in

63 811 379 891 explicando
419 809 695 882 quomodo
736 815 1003 881 tanquam
1040 808 1330 865 haereticus
1370 828 1399 865 a
1429 810 1676 882 generali
1699 808 1940 867 concilio

71 910 305 969 Pontifex
332 907 423 963 ille
450 905 702 961 damnari
737 905 998 979 potuerit.
1042 904 1102 960 ld
1135 922 1299 978 porro
1328 905 1602 979 explicare
1637 907 1798 963 nobis
1825 925 1935 963 non

79 1006 245 1081 magis
279 1001 539 1060 incumbit
582 1019 748 1074 quam
780 999 1131 1056 adversariis.
1178 1001 1284 1056 Nos
1329 1002 1701 1075 peremptorie
1745 1003 1938 1077 proha-

74 1121 191 1162 mus
223 1101 428 1158 nullam
456 1099 512 1155 in
542 1097 792 1174 epistolis
816 1097 1040 1154 Honorii
1083 1097 1338 1153 haeresim
1362 1098 1659 1171 contineri,
1693 1107 1858 1172 atque
1881 1100 1936 1155 id

70 1198 198 1257 satis
221 1205 319 1255 est.
347 1196 498 1262 Quod
525 1195 916 1270 subjungimus
952 1195 1021 1251 de
1050 1195 1465 1270 interpretanda
1507 1202 1657 1252 sexta
1687 1197 1936 1269 generali

69 1295 285 1375 synodO,
313 1294 380 1350 ad
410 1293 555 1369 juris
588 1293 993 1351 abundantiam
1024 1294 1360 1350 adnectitur.
1808 1279 1810 1281 V

115 1530 197 1586 54.
219 1554 269 1563 -
291 1531 471 1574 Secunda
501 1532 700 1574 defensio.
722 1556 773 1563 —
799 1532 846 1574 In
877 1534 987 1576 binis
1013 1534 1101 1574 suis
1122 1533 1311 1586 epistolis
1335 1545 1418 1575 non
1442 1533 1582 1575 docuit
1611 1525 1817 1576 Honorius
1838 1547 1886 1576 ex

528 1602 736 1651 cathedra,
766 1602 838 1643 sed
863 1607 1060 1655 tanquam
1080 1615 1258 1655 persona
1283 1602 1456 1655 privata.

134 1773 393 1831 Ludovico
417 1772 778 1830 Thomassino
805 1773 992 1830 arrisit
1029 1773 1118 1829 hic
1145 1771 1480 1830 defensionis
1504 1772 1727 1828 moduS.
1757 1772 1936 1847 Ipsius

66 1887 252 1946 nempe
284 1872 556 1929 sententia
594 1879 699 1942 est,
731 1893 758 1924 «
787 1871 1108 1928 confossum
1148 1870 1321 1927 fuisse
1374 1889 1575 1927 nomen
1615 1870 1841 1927 Honorii
1877 1871 1933 1927 in

65 1969 160 2026 hac
188 1970 412 2045 synode,
446 1971 610 2044 quod,
655 1988 763 2026 non
806 1976 868 2026 ut
899 1969 1142 2026 Pontifex
1169 1968 1366 2044 primae
1401 1968 1568 2039 scdiS,
1601 1970 1695 2024 sed
1729 1975 1790 2025 ut
1820 1969 1933 2044 pri-

65 2072 214 2124 vatus
237 2068 468 2141 quilibet
505 2069 649 2125 male
672 2067 934 2125 sensisset
969 2069 1035 2124 de
1061 2067 1189 2139 fide,
1219 2075 1272 2124 et
1299 2067 1398 2123 has
1426 2066 1708 2142 epistolam,
1733 2086 1844 2123 non
1868 2087 1933 2124 ex

68 2165 329 2229 cathedrae
353 2167 491 2223 Petri
522 2167 743 2224 oraculo
765 2166 1127 2242 publicandas
1162 2184 1259 2240 per
1283 2184 1504 2221 omnem
1537 2165 1839 2222 Ecclesiam
1879 2173 1932 2221 et

70 2258 189 2316 fidei
229 2263 512 2335 magistras
551 2266 766 2322 futuras
812 2265 1095 2333 dictasset,
1139 2263 1234 2320 sed
1267 2263 1412 2319 clam
1449 2282 1514 2319 ex
1564 2264 1779 2338 privato
1811 2271 1930 2320 tum

73 2373 233 2412 sensu
276 2377 373 2415 suo
403 2361 467 2417 ad
495 2381 622 2419 eum
647 2382 675 2419 a
705 2383 811 2437 quo
844 2363 1290 2435 interrogabatur
1332 2362 1698 2435 scriptitasset
1729 2384 1756 2414 »
1798 2362 1931 2434 (dis-

72 2454 289 2512 sertatio
313 2476 392 2528 xx,
424 2458 479 2515 in
516 2461 783 2536 synodum
815 2467 1027 2516 sextam
1060 2459 1482 2526 oecumenicam,
1512 2478 1746 2516 numero
1773 2459 1828 2529 8,
1862 2460 1928 2516 ad

67 2550 263 2608 calcem
290 2554 465 2629 operis
491 2556 575 2613 sui
601 2558 910 2629 Doymatum
941 2557 1379 2628 theoloyioorum).
1402 2555 1577 2618 Quam
1608 2549 1927 2629 opinionem

63 2662 238 2717 suam,
280 2658 574 2724 antequam
623 2651 967 2726 argumentis
1004 2651 1207 2720 firmet,
1250 2651 1325 2707 ita
1363 2658 1631 2726 praenotat
1660 2674 1670 2706 :
1701 2674 1728 2705 «
1766 2653 1929 2709 Posse

59 2743 205 2799 enim
246 2747 510 2804 haereseos
548 2750 670 2806 labe
718 2749 1027 2823 inquinari,
1073 2757 1125 2806 et
1159 2749 1233 2805 ita
1273 2743 1539 2805 accusari
1567 2750 1927 2826 damnarique

60 2854 185 2894 eum
210 2842 303 2912 qui
343 2843 399 2898 in
433 2847 692 2904 cathedra
720 2848 863 2904 Petri
900 2848 1074 2912 sedet,
1108 2848 1254 2922 quod
1287 2849 1362 2904 ita
1406 2849 1663 2924 privatim
1702 2850 1925 2917 sentiat,

61 2935 160 2989 etsi
200 2955 308 2992 non
348 2939 422 2994 ita
461 2943 679 3014 publice
727 2945 938 3014 doceat,
994 2946 1252 3002 catholici
1294 2966 1523 3021 prorsus
1565 2965 1759 3003 omnes
1801 2966 1926 3002 sen-

60 3029 228 3099 tiunt,
263 3031 309 3086 si
335 3050 510 3088 unum
537 3042 586 3091 et
627 3020 863 3094 alterum
908 3043 1098 3097 demas
1134 3064 1160 3094 »
1191 3042 1333 3111 (loco
1368 3043 1581 3113 citato).

134 3126 191 3182 ln
232 3129 332 3183 hac
370 3147 531 3215 porro
569 3135 811 3191 secunda
838 3137 1173 3194 defensionis
1213 3140 1499 3207 metliodO,
1545 3156 1656 3193 non
1690 3145 1925 3210 negatur

58 3221 510 3279 documentorum
551 3243 671 3297 quae
717 3229 784 3284 ab
839 3231 1168 3289 adversariis
1222 3233 1565 3306 objiciuntur
1611 3232 1918 3291 sinceritas

58 3318 167 3375 lmo
210 3320 585 3376 asserentibus
613 3322 939 3381 adversariis
976 3327 1281 3383 Honorium
1302 3329 1362 3383 in
1388 3328 1638 3403 epistolis
1671 3329 1786 3386 suis
1813 3332 1922 3388 hae-

41 3415 223 3492 ,resim
251 3416 525 3485 docuisse,
557 3422 607 3473 et
637 3418 703 3474 ob
734 3417 787 3474 id
816 3425 1079 3492 tanquam
1107 3424 1329 3497 proprie
1366 3426 1687 3484 haereticum
1706 3447 1735 3485 a
1770 3437 1919 3487 sexta

53 3514 290 3584 generali
315 3515 522 3588 synodo
552 3514 874 3571 damnatum
901 3516 1093 3586 fuisse,
1132 3520 1448 3594 responderi
1491 3530 1695 3597 posset,
1743 3534 1915 3584 trans-

55 3615 157 3663 eat.
206 3607 587 3683 Propugnatur
612 3610 902 3668 dumtaxat
939 3611 1328 3673 adscribendas
1364 3635 1454 3676 eas
1488 3620 1768 3694 epistolaS,
1803 3642 1914 3682 non
