2262 3990
764 214 893 261 PARS
922 212 1160 260 SECUNDA.
1813 208 1901 255 419

30 327 228 387 ruisse.
247 324 354 380 Nos
379 339 506 378 vero
531 319 771 377 dicimus
795 317 1030 375 citatum
1051 319 1218 391 caput
1239 312 1471 371 tertium
1494 310 1625 368 libri
1650 310 1897 385 septimi,

31 441 140 482 non
166 438 284 478 esse
326 417 571 488 Eusebii,
595 415 691 474 sed
714 416 834 490 ejus
874 412 1119 471 historiae
1143 411 1440 468 insertum.
1467 407 1575 464 Neo
1599 412 1755 483 putet
1787 406 1903 465 lec-

31 527 119 578 tor
144 518 212 574 ad
237 514 574 573 eludendum
594 511 736 570 tanti
763 508 1054 586 scriptoris
1077 505 1463 566 testimonium
1488 503 1854 576 excogitatam
1875 521 1907 561 a

35 614 195 671 nobis
227 612 381 668 illam
406 609 565 683 quasi
591 602 895 683 desperata}
918 610 1122 662 nostrae
1141 602 1316 661 thesis
1343 599 1725 659 defensionem
1750 621 1761 653 :
1797 616 1911 655 non

37 711 111 766 ita
135 726 288 767 sane.
324 704 541 763 Validas
576 690 960 761 existimamus
990 704 1043 756 et
1073 699 1224 756 sanis
1257 697 1480 754 critices
1516 695 1724 770 regulis
1754 695 1913 752 nixas

37 806 279 864 rationes
307 819 428 876 quae
451 802 668 857 obstant
692 814 762 854 ne
788 796 999 853 dictum
1038 800 1206 868 caput
1226 812 1327 868 pro
1350 794 1592 866 genuino
1618 794 1909 850 habeatur.

35 901 73 955 F
76 906 227 958 aveat
256 899 428 955 lector
451 913 543 952 eas
571 897 776 949 attente
805 890 1175 965 perpendere,
1213 895 1266 946 et
1299 906 1438 944 num
1468 889 1910 964 peremptorium

38 997 109 1052 sit
136 999 471 1069 praetensum
497 986 715 1043 Eusebii
737 984 1126 1042 testimonium
1149 983 1331 1059 ipsius
1350 983 1632 1056 judicium
1671 984 1763 1041 sit.

111 1091 165 1145 1.
200 1089 482 1144 Eoehibetur
524 1091 658 1140 totus
678 1082 889 1140 Eusebii
922 1088 1216 1138 contextus.
1241 1113 1310 1123 —
1330 1079 1640 1154 Septimum
1671 1081 1918 1138 historiae

36 1203 146 1243 suae
171 1185 378 1240 librum
424 1181 504 1238 sic
527 1180 818 1238 exorditur
844 1179 1117 1235 Eusebius
1147 1199 1157 1231 ε
1193 1199 1220 1231 «
1254 1177 1564 1252 Septimum
1588 1195 1811 1249 quoque
1833 1194 1918 1233 ec-

35 1281 350 1340 clesiasticae
379 1278 626 1336 historiae
653 1278 863 1334 librum
892 1295 1134 1350 magnus
1162 1273 1572 1353 ille'Dionysius
1590 1274 1710 1331 suis
1732 1273 1919 1330 verbis

35 1378 325 1435 nobiscum
367 1395 478 1432 una
505 1381 778 1445 contexet,
813 1382 1014 1431 cuncta
1049 1392 1173 1447 quae
1220 1379 1378 1430 aetate
1417 1391 1518 1430 sua
1567 1372 1922 1446 contigerunt

38 1477 95 1532 in
141 1474 386 1548 epistolis
414 1491 552 1547 quas
599 1473 826 1545 reliquit
872 1472 1199 1544 singillatim
1233 1488 1534 1545 exponenS.
1579 1470 1716 1527 Hinc
1755 1487 1925 1544 porro

40 1572 375 1629 narrationis
411 1578 616 1627 nostrae
651 1570 922 1626 ducemus
954 1569 1263 1625 exordium.
1292 1590 1319 1621 »

110 1667 371 1740 Sequitur
407 1673 574 1740 caput
601 1685 636 1734 1,
667 1665 817 1738 quod
854 1665 1185 1722 inscribitur
1220 1665 1283 1719 de
1321 1664 1661 1736 Improbitate
1698 1663 1842 1717 Decii
1871 1673 1923 1718 et

43 1765 200 1834 Galli,
233 1769 285 1819 et
313 1763 369 1818 in
404 1782 512 1836 quo
545 1762 688 1817 nihil
738 1762 977 1818 occurrit
1015 1761 1084 1818 ad
1116 1761 1482 1834 quaestionem
1517 1765 1768 1815 nostram
1801 1776 1927 1833 per-

40 1863 243 1918 tinens.
298 1862 400 1917 Sed
435 1879 464 1918 a
509 1861 686 1936 capite
722 1861 963 1917 secundo
1008 1860 1302 1930 inclusive,
1341 1876 1520 1931 usque
1559 1859 1629 1913 ad
1659 1858 1924 1932 quintum

44 1957 329 2028 inclusive,
370 1957 554 2030 agitur
598 1957 664 2013 de
702 1957 1086 2014 haereticorum
1127 1957 1195 2012 ad
1228 1955 1527 2012 Ecclesiam
1564 1955 1927 2012 redeuntium

46 2055 472 2129 rebaptizatione
515 2060 569 2111 et
609 2054 676 2110 de
712 2055 939 2110 suborto
965 2053 1093 2108 inde
1128 2052 1380 2110 dissidio.
1414 2054 1760 2127 Quapropter
1795 2071 1930 2125 qua-

45 2156 170 2206 tuor
215 2151 319 2205 ista
356 2151 532 2223 capita
564 2168 629 2206 ex
676 2151 890 2223 integro
927 2132 1381 2218 transcribimuS,
1417 2148 1665 2204 adhibita
1706 2149 1927 2206 Henrici

51 2245 248 2301 Valesii
285 2245 458 2300 latina
483 2246 833 2300 traductione
859 2266 871 2297 z

130 2340 334 2394 «CAPUT
359 2358 411 2392 11.
433 2339 734 2395 —lnterea
772 2339 957 2394 Romae
994 2356 1124 2394 cum
1162 2339 1447 2395 Cornelius
1476 2339 1661 2395 tribus
1708 2340 1928 2396 circiter

56 2435 216 2491 annis
241 2435 614 2510 episcopatum
639 2435 932 2507 tenuisset,
956 2436 1156 2492 Lucius
1185 2437 1243 2491 in
1278 2437 1395 2509 ejus
1423 2437 1608 2493 locum
1634 2437 1927 2493 substitui-

56 2536 165 2599 tur,
218 2530 314 2601 qui
354 2530 440 2584 vix
490 2538 611 2587 octo
655 2531 931 2586 mensium
982 2531 1158 2605 spatio
1194 2531 1515 2605 perfunctus
1570 2549 1634 2589 eo
1670 2550 1924 2598 munere,

53 2625 291 2681 moriens
342 2626 652 2700 episcopale
700 2626 944 2682 officium
989 2627 1265 2701 Stephano
1299 2628 1611 2701 dereliquit.
1656 2629 1735 2683 Ad
1775 2631 1926 2685 hunc

51 2722 389 2796 Stephanum
413 2723 699 2797 Dionysius
739 2723 980 2797 primam
1016 2741 1208 2780 earum
1244 2743 1367 2797 quae
1391 2725 1458 2782 de
1484 2726 1761 2800 baptismo
1791 2744 1923 2782 con-

55 2818 271 2891 seriptae
300 2827 427 2876 sunt
452 2821 741 2894 epistolam
766 2822 1027 2893 exaravit,
1057 2840 1187 2878 cum
1210 2840 1308 2896 per
1333 2823 1389 2878 id
1417 2829 1640 2897 tempus
1668 2842 1780 2878 non
1808 2842 1924 2879 me-

57 2913 258 2968 diocris
280 2916 642 2971 controversia
673 2923 857 2973 exorta
878 2924 1045 2987 esset,
1091 2924 1286 2974 utrum
1322 2937 1412 2975 eos
1438 2919 1534 2992 qui
1567 2936 1633 2973 ex
1670 2919 1922 2990 qualibet

60 3008 252 3064 haeresi
296 3016 707 3080 convertuntur,
767 3013 1044 3086 baptismo
1097 3015 1323 3087 purgari
1363 3020 1662 3087 oporteret.
1711 3014 1927 3087 Quippe

61 3105 284 3177 antiqua
334 3107 674 3163 consuetudo
722 3107 1047 3179 invaluerat,
1088 3117 1151 3165 ut
1202 3111 1259 3166 in
1287 3111 1562 3183 ejusmodi
1599 3109 1924 3167 hominibus

64 3202 177 3259 sola
199 3219 467 3258 manuum
494 3203 769 3276 impositio
790 3221 919 3259 cum
944 3205 1354 3277 precationibus
1382 3206 1764 3262 adhiberetur.
1794 3228 1820 3260 υ

139 3299 294 3355 CArur
311 3318 380 3354 ιιι.
402 3331 470 3340 -
493 3319 520 3351 α
546 3298 760 3354 Primus
791 3299 1042 3354 omnium
1070 3301 1397 3375 CyprianuS,
1426 3302 1521 3374 qui
1550 3310 1684 3358 tunc
1718 3310 1928 3379 tempo-

67 3396 143 3451 ris
193 3395 672 3466 Carthaginensem
702 3394 920 3465 regebat
950 3392 1273 3466 Ecclesiam,
1302 3414 1411 3451 non
1444 3397 1551 3453 nisi
1586 3413 1682 3472 per
1717 3400 1924 3475 baptis-

71 3509 225 3547 mum
252 3493 319 3547 ab
361 3508 543 3547 errore
569 3490 727 3565 prius
763 3490 1087 3547 emundatos
1120 3491 1490 3550 admittendos
1534 3512 1649 3551 esse
1688 3499 1922 3556 censuit.

70 3585 267 3645 Verum
298 3588 607 3662 Stephanus
644 3586 786 3643 nihil
818 3587 1079 3645 adversus
1114 3589 1467 3648 traditionem
1495 3610 1617 3666 quae
1653 3594 1769 3669 jam
1798 3597 1928 3654 inde
