2306 4010
288 170 378 217 214
679 209 686 219 ,
967 150 1258 202 TRACTATUS
1289 149 1358 196 DE
1387 149 1535 197 ΡΑΡΑ.

289 273 524 333 versalis
557 268 812 328 Ecclesiae
851 266 1145 340 potestate.
1201 259 1310 316 Nec
1356 275 1483 316 eam
1516 257 1746 316 habebit
1777 259 1949 317 etiam
1982 259 2280 330 relativ011

288 373 359 431 ad
410 380 885 439 unumquemque
924 360 1266 435 Episcopum
1312 357 1686 432 singulariter
1739 363 2056 435 sumptum,
2101 360 2213 423 nisi
2240 363 2264 421 f

285 465 542 527 collectio
572 481 698 519 eam
729 459 866 535 ipsi,
901 457 1095 535 potius
1129 477 1306 534 quam
1333 457 1521 528 alteri,
1569 457 1931 533 delegaverit.
1961 458 2081 515 Imo
2116 477 2220 536 ρο-ί
2243 454 2247 459 ’

287 563 420 621 terit
465 561 562 616 illa
595 557 877 629 collecti0,
905 562 1102 632 utpote
1141 575 1450 632 supremam
1475 556 1653 614 totius
1674 556 1935 615 Ecclesiae
1960 575 2158 632 regen
2199 567 2202 569 ’

285 665 618 736 potestatem
644 655 880 726 habenS,
903 655 1085 732 ipsam
1105 656 1421 713 Romanam
1449 655 1768 728 dioecesim,
1787 656 2145 732 Romanumq
2200 680 2221 707 ω

284 759 626 833 Episcopum
673 757 1054 833 supprimere,
1092 757 1178 815 vel
1226 756 1466 814 minimo
1495 755 2054 832 Metropolitanorum
2090 743 2238 815 suh-f·

284 856 481 931 jicere.

362 957 600 1032 Insuper
639 956 699 1012 in
727 956 831 1012 hac
854 956 1175 1032 hypothesi,
1207 955 1596 1013 constituisset
1627 955 1882 1013 Christus
1906 953 2216 1012 Ecclesiam
2248 948 2255 977 ²

287 1076 474 1130 suam,
499 1075 614 1114 non
646 1075 779 1114 cum
806 1055 988 1114 forma
1015 1057 1378 1126 monarchiae,
1403 1056 1500 1114 sed
1529 1074 1660 1114 cum
1684 1055 1866 1113 forma
1892 1055 2216 1131 reipublicae
2266 1059 2271 1091 ἵ

290 1157 485 1214 stricte
516 1162 783 1232 sumptae3
818 1155 877 1212 in
912 1174 1025 1231 qua
1058 1156 1273 1213 scilicet
1295 1174 1558 1232 suprema
1589 1160 1840 1237 potestas
1863 1173 2032 1230 penes
2055 1172 2215 1212 sena-

290 1262 412 1313 tum
440 1256 688 1330 aliquem
726 1273 827 1312 seu
867 1255 1256 1314 collectionem
1287 1256 1581 1313 resideret.
1611 1255 1769 1320 Quod
1801 1254 2216 1312 consectarium
2276 1286 2279 1290 ⁸

293 1353 542 1427 dogmati
577 1353 876 1426 catholiCO,
903 1359 1192 1429 perpetuae
1227 1353 1444 1410 scilicet
1475 1354 1706 1410 Patrum
1735 1353 2220 1428 conciliorumque

293 1451 582 1523 doctrinae,
613 1458 667 1510 et
691 1451 992 1527 ipsiusmet
1021 1451 1361 1509 universalis
1378 1451 1639 1509 Ecclesiae
1667 1453 1826 1527 praxi
1858 1452 2221 1527 apertissime

291 1559 586 1629 repugnat.

370 1652 618 1708 Tandem
652 1657 932 1727 repugnat
966 1651 1206 1727 ipsamet
1236 1651 1591 1727 hypothesiS,
1629 1650 1906 1706 nimirum
1942 1649 2093 1724 quod
2121 1648 2222 1705 ali-

299 1749 526 1823 quando
556 1750 731 1824 possit
761 1751 1171 1826 Episcoporum
1196 1750 1455 1807 collectio
1489 1768 1611 1807 sese
1634 1749 1933 1806 aRomano
1958 1747 2224 1804 Pontifice
2275 1735 2284 1825 '7

300 1850 570 1907 dividere.
604 1850 742 1906 Nam
774 1855 913 1907 tunc
946 1869 1076 1908 vera
1110 1851 1358 1908 Ecclesia
1402 1851 1631 1921 Christi,
1667 1850 1755 1905 vel
1803 1855 1975 1905 staret
2010 1848 2067 1904 in
2109 1848 2225 1905 solo
2272 1872 2274 1874 ’

297 1951 498 2026 capite,
538 1951 594 2007 id
621 1957 725 2021 est,
757 1951 1008 2007 Romano
1052 1950 1348 2025 Episcop0‚
1380 1951 1468 2006 vel
1503 1950 1562 2005 in
1594 1948 1711 2005 solo
1738 1966 1998 2024 corpore,
2033 1948 2089 2003 id
2118 1953 2221 2019 est,
2282 1998 2285 2003 .

297 2042 627 2099 collectione
655 2042 1014 2116 reliquorum
1035 2043 1364 2118 praesulum.
1393 2041 1562 2097 Porro
1586 2046 1893 2114 utrumque
1921 2045 2223 2114 repugnat,

299 2139 432 2214 quia
458 2146 679 2196 certum
710 2146 795 2196 est
825 2140 1194 2196 constitutam
1239 2158 1269 2196 a
1302 2138 1524 2195 Christo
1555 2137 1734 2194 fuisse
1755 2137 2062 2194 Ecclesiam
2094 2155 2226 2192 cum

300 2240 480 2297 forma
505 2240 759 2315 corporis
785 2240 1014 2296 moralis
1044 2224 1271 2313 integri,
1304 2257 1418 2295 non
1453 2239 1512 2293 in
1552 2238 1735 2294 forma
1773 2237 2036 2308 monstri,
2062 2236 2230 2310 quale
2264 2303 2266 2306 ¹
2304 2312 2306 2314 ι

300 2340 441 2396 toret
469 2341 555 2396 vel
582 2340 767 2396 solum
789 2346 956 2414 caput
984 2340 1201 2412 absque
1222 2344 1446 2410 truncO,
1466 2338 1554 2395 vel
1572 2338 1727 2394 solus
1751 2344 1991 2420 truncus
2015 2337 2230 2411 absque
2266 2351 2269 2355 ’
2296 2333 2298 2338 ’

333 2438 499 2513 apite.
533 2437 642 2494 Nec
667 2438 988 2512 objiciatur,
1015 2455 1130 2494 non
1157 2454 1473 2513 repugnare
1503 2435 1562 2492 in
1590 2454 1826 2512 corpore
1849 2435 2051 2494 morali
2079 2435 2230 2510 quod
2263 2439 2266 2442 ’

306 2536 375 2592 ad
406 2544 634 2611 tempus
661 2538 875 2609 deficiat
903 2544 1080 2610 caput,
1104 2542 1158 2593 ct
1185 2542 1378 2592 tamon
1401 2553 1611 2610 corpus
1629 2534 1843 2591 interea
1866 2535 2033 2606 vivat,
2063 2539 2231 2609 prout

308 2633 586 2707 contingit
630 2640 855 2690 mortuo
894 2634 1147 2690 Romano
1182 2633 1464 2690 Pontificc.
1504 2634 1624 2688 Non
1668 2637 1909 2705 negatur
1932 2638 2112 2706 ‘posse
2163 2631 2232 2688 ad

305 2739 532 2807 tempus
560 2733 784 2804 deficere
814 2740 967 2806 capul
1005 2734 1127 2808 (per
1161 2738 1403 2788 mortem
1442 2730 1656 2788 scilicet
1683 2736 1782 2787 aut
1805 2731 1974 2787 aliam
1992 2728 2258 2805 aequiva-
2298 2767 2306 2811 J·

307 2832 516 2889 lentem
545 2832 794 2905 causam)
816 2831 955 2905 quin
982 2832 1106 2888 ideo
1127 2831 1454 2888 destruatur
1473 2849 1663 2905 corpus
1686 2830 1908 2886 morale.
1938 2830 2003 2886 At
2032 2849 2244 2904 quam--

308 2931 405 2988 diu
434 2936 605 3008 caput
625 2949 731 2987 non
754 2932 951 3003 deficit,
981 2931 1079 2987 sed
1101 2929 1232 2987 vivit
1259 2937 1312 2988 et
1342 2929 1666 3006 praecipitet
1687 2931 1852 3004 regit,
1880 2930 1927 2987 si
1946 2930 2232 3004 contingat
2282 2994 2283 2998 η

313 3047 519 3105 corpus
553 3030 622 3086 ab
656 3047 721 3086 eo
752 3047 875 3086 sese
901 3029 1251 3100 abscindere,
1282 3028 1385 3085 hoc
1410 3028 1533 3104 ipso
1565 3047 1800 3105 prorsus
1823 3028 2146 3086 destruitur
2172 3046 2244 3087 ava.

311 3128 614 3203 perimitur
651 3129 867 3186 morale
899 3148 1130 3205 corpuS.
1164 3129 1243 3186 Sit
1275 3129 1334 3185 in
1363 3129 1689 3205 exemplum
1728 3146 1968 3202 regnum
2008 3129 2241 3204 aliqum,
2299 3195 2302 3206 Ι,

312 3229 764 3303 monarchicum,
806 3230 867 3286 in
916 3249 1027 3304 quo
1064 3235 1234 3306 caput
1273 3247 1374 3286 seu
1405 3231 1732 3301 monarcha,
1761 3248 1860 3305 per
1904 3229 2176 3287 electione
2212 3243 2238 3279 ι’
2267 3242 2301 3306 2·

310 3329 579 3387 constitui
618 3330 846 3388 debeat.
887 3330 1104 3387 Mortuo
1142 3348 1257 3387 uno
1286 3330 1613 3402 monarcha,
1642 3348 1756 3387 non
1791 3329 1917 3386 ideo
1939 3328 2167 3403 perimit
2222 3353 2227 3371 ι
2267 3363 2270 3366 -

303 3443 519 3506 vcorpus
580 3431 723 3489 illud
773 3431 1026 3504 morale,·
1050 3450 1155 3490 nec
1201 3437 1355 3490 stare
1404 3431 1613 3489 desinit
1644 3431 1743 3488 illo
1791 3438 2044 3507 tempore
2089 3445 2273 3504 quo·
2301 3418 2304 3493 ζ

319 3523 616 3584 intercedit
665 3531 813 3588 inter
865 3532 1084 3590 obitum
1132 3531 1564 3608 praedecessoris
1617 3537 1672 3588 et
1726 3530 2056 3589 electionem
2114 3545 2180 3586 su
2228 3547 2244 3589 ·,
2288 3513 2306 3594 ,³

314 3622 574 3679 cessoris.
626 3625 693 3684 At
716 3646 868 3699 vero,
898 3629 969 3703 si,
1011 3629 1230 3689 vivente
1263 3630 1592 3703 monarcha,
1631 3630 1701 3687 ab
1737 3647 1800 3687 eo
1833 3646 1956 3686 sese
1989 3625 2161 3684 divid
2191 3646 2200 3676 ι
2287 3622 2306 3673 '³
