2306 4010
340 165 427 211 528
1008 158 1308 206 TRACTATUS
1338 157 1404 204 DE
1435 158 1581 205 ΡΑΡΑ.

336 290 567 349 prorsus
605 269 886 344 reperitur
909 285 1019 341 qua
1049 273 1326 342 praetensa
1352 266 1451 323 illa
1475 266 1708 323 llonorii
1742 284 1976 325 erronea
2007 267 2254 328 definitio

335 372 710 430 contineatur.

410 468 494 523 ΙΙΙ.
531 446 772 523 Testatur
802 468 1025 542 ipsemet
1054 466 1322 524 Honorius
1346 484 1405 523 se
1439 467 1634 524 litteris
1656 466 1764 522 suis
1785 465 1986 522 nullam
2015 467 2169 523 edere
2193 469 2257 526 (Ie

329 571 617 643 quaestione
643 575 986 626 controversa
1028 571 1380 644 cloymaticam
1419 569 1798 642 definitionem.
1831 600 1907 608 —
1939 567 2029 625 Sic
2056 585 2256 646 nempe

332 671 498 727 habet
544 669 602 726 in
646 670 951 746 posteriori
1000 689 1100 727 sua
1145 670 1380 747 epistola
1417 693 1427 725 ε
1476 692 1503 724 «
1536 670 1867 727 Auferentes
1909 687 2065 744 ergO,
2111 669 2255 730 sicut
2302 708 2306 715 -

329 770 606 842 diximuS‚
641 771 975 828 scandalum
1019 772 1252 830 novellae
1293 770 1732 840 adinventioniS‚
1784 788 1891 827 non
1920 788 2014 825 nos
2054 778 2257 846 oportet

328 889 503 928 unam
537 872 620 929 vel
644 873 785 929 duas
813 873 1172 948 operationes
1207 875 1515 948 definientes
1542 870 1868 947 praedicare3
1894 871 1990 928 sed
2015 889 2116 946 pro
2143 890 2255 930 una
2299 889 2306 894 “

329 990 501 1046 quam
541 972 776 1046 quidam
809 972 1008 1030 dicunt
1038 973 1386 1049 operatione,
1417 978 1639 1049 oportet
1668 990 1768 1028 nos
1796 990 1977 1027 unum
2007 977 2257 1046 operato·

327 1089 447 1128 rem
484 1072 766 1130 Christum
810 1073 1109 1130 Dominum
1155 1074 1213 1129 in
1252 1073 1509 1147 utrisque
1550 1072 1771 1130 naturis
1801 1071 2045 1128 veridice
2086 1071 2256 1127 confi-
2280 1058 2306 1126 ’ἶ

328 1174 433 1229 teri
464 1195 474 1227 ε
517 1181 570 1232 et
598 1193 700 1251 pro
740 1174 961 1231 duabus
1010 1174 1451 1251 operationibus,
1488 1175 1674 1231 ablato
1702 1174 1943 1249 geminae
1980 1174 2255 1250 operatio·

325 1274 414 1330 nis
445 1274 737 1347 vocabulo,
765 1274 916 1350 ipsas
946 1274 1138 1350 potius
1177 1274 1316 1330 duas
1341 1280 1595 1343 naturas,
1630 1274 1686 1330 id
1715 1281 1821 1345 est,
1857 1273 2171 1331 divinitatis
2200 1279 2254 1331 et
2303 1281 2306 1283 ’

326 1372 511 1429 carnis
556 1381 863 1448 assumptae
910 1373 967 1429 in
1018 1391 1133 1429 una
1177 1391 1415 1448 persona
1471 1372 1748 1447 unigeniti
1790 1372 1882 1429 Dei
1933 1372 2127 1443 Patris,
2173 1371 2255 1427 in·
2303 1437 2306 1443 .

327 1457 586 1542 confuse,
616 1471 881 1542 indivise,
916 1477 1085 1546 atque
1107 1471 1612 1529 inconvertibiliter
1633 1471 1928 1528 nobiscum
1954 1471 2256 1547 praedicare

328 1571 557 1646 propria
594 1578 911 1647 operantes,
945 1594 971 1625 »
1008 1572 1143 1628 Cum
1174 1571 1252 1628 ibi
1284 1589 1546 1647 expresse
1584 1570 1729 1627 dicat
1765 1569 2061 1640 Honorius,
2094 1592 2121 1622 «
2146 1588 2254 1627 non
2287 1595 2303 1657 μᾷ,

325 1687 428 1725 nos
477 1676 697 1745 oportet
751 1689 928 1727 unam
977 1671 1064 1728 vel
1116 1671 1257 1728 duas
1299 1669 1657 1747 operationes
1707 1670 2012 1742 definientes
2053 1668 2254 1744 praedi·
2290 1660 2306 1746 ξ

327 1787 477 1843 care,
507 1793 533 1823 »
578 1773 682 1828 hoc
712 1773 834 1848 ipso
867 1772 1224 1848 apertissime
1270 1777 1512 1829 testatur
1545 1771 1761 1828 nullam
1796 1769 1885 1826 edi
1924 1789 1952 1826 a
1985 1788 2044 1826 se
2073 1769 2254 1844 quoad
2283 1754 2301 1843 ’ἶ

328 1868 385 1924 id
424 1870 771 1944 doymaticam
802 1873 1189 1945 definitionem.
1223 1871 1359 1928 Nam
1389 1871 1487 1946 qui
1522 1871 1682 1942 dicit,
1710 1889 1815 1926 non
1842 1878 2052 1943 oportet
2082 1887 2192 1924 rem
2222 1888 2254 1926 a
2291 1870 2300 1898 ·’

326 1987 409 2024 me
442 1970 676 2042 definiri,
708 1971 1111 2045 aequivalenter
1147 1972 1308 2040 dicit,
1345 1991 1461 2028 eam¹
1489 1973 1711 2044 definire
1736 1970 1881 2037 nolo,·
1913 1975 1966 2026 et
2006 1969 2106 2025 hoc
2132 1968 2252 2043 ipso
2285 2035 2302 2052 „

325 2085 449 2122 eam
479 2085 508 2122 a
533 2085 593 2123 se
614 2067 909 2125 definitam
935 2087 1051 2125 non
1074 2069 1250 2125 fuisse
1280 2074 1542 2125 testatur.
1572 2068 1709 2123 Mira
1740 2085 1876 2123 sane
1903 2053 2301 2124 adversario-*s*-

328 2184 455 2221 rum
497 2166 796 2223 aberratio!
844 2167 984 2224 Dicit
1023 2167 1326 2238 HonoriuS,
1372 2185 1477 2223 non
1525 2167 1741 2238 definio;
1790 2170 1842 2220 et
1876 2152 2274 2221 nihilominus

328 2264 436 2338 ipsi
471 2264 788 2336 clamitant,
826 2268 1090 2340 desinivit.

407 2363 546 2420 Cum
589 2383 744 2439 ergo,
775 2384 839 2422 ex
867 2367 1142 2442 probatis,
1186 2366 1372 2423 dictus
1409 2363 1661 2422 Pontifex
1699 2364 1759 2420 in
1789 2363 1940 2420 binis
1965 2362 2083 2419 suis
2111 2361 2280 2447 epis-4

330 2463 458 2520 tolis
502 2464 704 2539 dogma
747 2467 1090 2523 catholicum
1128 2467 1197 2524 de
1227 2466 1446 2523 duabus
1472 2465 1675 2522 Christi
1702 2463 2084 2520 voluntatibus
2113 2462 2275 2520 clare?

330 2563 610 2635 adstruat,
653 2573 706 2622 et
751 2565 982 2623 aliunde
1028 2566 1186 2623 nulla
1241 2565 1570 2623 earumdem
1620 2563 1994 2640 epistolarum
2037 2552 2285 2638 phrasis

331 2665 842 2722 monothelismum
875 2666 1184 2738 contineat,
1214 2674 1267 2724 et
1302 2666 1528 2723 tandem
1566 2664 1787 2721 nullam
1826 2683 1855 2720 a
1886 2682 1946 2720 se
1982 2662 2262 2720 definitio-⁷

330 2782 460 2821 nem
506 2765 596 2820 edi
634 2766 821 2838 quoad
865 2763 1290 2824 controversam
1333 2766 1678 2823 locutionem
1718 2764 1959 2840 ipsemet
2000 2770 2248 2832 testetur,

331 2862 565 2919 omnino
597 2863 985 2920 concludenda
1011 2870 1096 2920 est
1131 2864 1337 2921 veritas
1371 2869 1580 2919 nostrae
1614 2863 2013 2939 propositionis
2054 2862 2139 2930 ΙΙΙ,
2180 2860 2254 2918 sic

334 2963 530 3038 positae
561 2983 571 3016 z
620 2962 678 3018 in
706 2963 930 3020 duabus
966 2944 1195 3021 Honorii
1231 2963 1488 3039 epistolis
1525 2963 1681 3019 nulla
1716 2981 1951 3038 prorsus
1990 2962 2138 3019 extat
2173 2961 2255 3018 de-

338 3062 541 3135 finitio,
573 3063 1000 3121 monothelismi
1026 3063 1285 3121 haeresim
1314 3063 1632 3120 continens.
2224 3104 2234 3126 e

410 3162 679 3220 Gressum
712 3181 868 3220 nunc
894 3163 1171 3221 faciamus
1202 3163 1271 3220 ad
1307 3163 1743 3240 pronuntiatum
1770 3179 1799 3218 a
1828 3167 1981 3218 sexta
2011 3153 2251 3236 generali
2303 3178 2306 3195 ¹

333 3263 547 3339 synodo
579 3264 636 3320 in
671 3263 983 3321 Honorium
1016 3265 1336 3322 anathema.
2216 3317 2221 3321 .

406 3363 697 3420 Paoposmo
727 3365 918 3421 1v³.--
944 3364 1110 3421 Sexta
1146 3364 1410 3439 yeneralz's
1442 3363 1675 3436 synodus
1717 3360 2006 3418 Honorium
2041 3360 2250 3420 deonna-
2301 3381 2306 3399 ι

328 3461 419 3527 vit,
462 3479 570 3517 non
607 3480 667 3518 eo
696 3463 835 3536 quod
861 3463 1103 3520 haeresim
1122 3464 1386 3532 docuerit,
1413 3462 1506 3517 secl
1540 3461 1819 3533 dumtaaqat
1839 3477 1900 3516 eo
1926 3456 2062 3532 quod
2086 3456 2270 3511 haere-.
2299 3453 2306 3527 1²

332 3559 448 3613 ticts
475 3562 687 3632 faverit.
704 3563 854 3618 —In
883 3562 987 3620 hoc
1009 3563 1218 3640 quippe
1244 3580 1414 3620 sensu
1442 3560 1682 3634 intelligi
1706 3563 1942 3636 possunt
1969 3570 2244 3631 quaecum-
2299 3581 2301 3592 ·

326 3672 436 3727 que
475 3656 541 3713 de
586 3660 824 3719 Honorio
870 3663 927 3719 in
958 3664 1110 3721 Actis
1155 3662 1290 3720 dicti
1329 3661 1558 3719 concilii
1603 3659 1992 3734 reperiuntur;
2035 3672 2136 3711 nec
2178 3650 2244 3708 ab
