2306 4010
753 203 879 254 PARS
910 201 1147 254 SECUNDA.
1806 195 1899 245 305

26 332 236 384 naturae
263 319 460 379 Christi
490 311 966 384 Deivocabulum,
1004 314 1079 370 ita
1108 319 1162 369 et
1198 308 1573 386 operationem
1612 325 1782 365 unam
1813 306 1899 362 vel

23 422 299 498 geminam
332 412 716 492 suspicantur?
754 409 931 484 Super
971 408 1120 483 quod
1167 399 1317 466 clara
1354 413 1487 465 sunt
1523 405 1704 463 divina
1740 403 1896 462 testi-

29 519 236 577 monia.
265 515 433 573 Unius
462 517 640 570 autem
674 505 1012 581 operationis
1036 507 1121 563 vel
1162 506 1405 563 duarum
1445 523 1565 562 esse
1609 503 1702 574 vel·
1725 501 1900 560 fuisse

33 617 389 675 mediatorem
412 608 500 667 Dei
522 612 575 664 et
599 601 889 662 hominum
914 602 1104 666 Jcsum
1130 603 1437 673 Christum,
1465 601 1674 659 sentire
1699 606 1751 657 et
1775 618 1900 675 pro-

36 733 206 786 mere,
234 711 365 770 satis
396 710 638 783 ineptum
666 706 749 758 est
769 703 806 756 ¹.

113 835 139 865 «
166 812 224 868 Et
255 808 470 884 quidem
498 804 766 876 quantum
806 798 872 854 ad
905 797 1292 854 instruendam
1330 798 1584 854 notitiam
1612 797 1899 871 ambigen-

38 910 198 980 tium,
237 899 588 964 sanctissimae
611 895 947 953 fraternitati
980 901 1174 951 vestrae
1207 913 1304 968 per
1339 914 1461 952 earn
1501 896 1895 953 insinuandam

38 1005 395 1084 praevidimus·
444 998 706 1054 Caeterum
768 1001 1042 1068 quantum
1090 994 1157 1049 ad
1208 994 1404 1067 dogma
1460 993 1898 1050 ecclesiasticum

40 1102 281 1178 pertinet,
320 1112 439 1168 quae
472 1098 659 1149 tenere
692 1092 776 1148 vel
804 1091 1107 1167 praedicare
1139 1091 1406 1147 debemus
1438 1096 1664 1165 propter
1689 1090 1901 1165 simpli-

34 1198 244 1254 citatem
273 1192 581 1262 hominum,
607 1198 659 1248 et
683 1189 1054 1266 amputandas
1080 1189 1493 1246 inextricabiles
1525 1187 1899 1263 quaestionuni

29 1291 297 1365 ambages,
327 1289 468 1346 sicut
503 1289 764 1363 superius
791 1287 1060 1356 diximus,
1092 1305 1204 1342 non
1231 1304 1402 1342 unam
1434 1286 1516 1341 vel
1538 1285 1677 1342 duas
1711 1302 1902 1359 opera-

31 1389 201 1446 tiones
228 1387 283 1444 in
318 1387 617 1443 mediatore
656 1386 746 1441 Dei
790 1391 843 1442 et
870 1385 1163 1441 hominum
1212 1383 1465 1452 definire,
1501 1383 1595 1439 sed
1635 1388 1904 1455 utrasque

36 1494 253 1544 naturas
291 1486 346 1542 in
366 1505 477 1542 uno
505 1485 717 1541 Christo
742 1484 958 1540 unitate
996 1483 1239 1540 naturali
1271 1483 1580 1556 copulatas,
1614 1499 1741 1537 cum
1772 1480 1905 1536 alte-

38 1585 152 1642 rius
187 1583 570 1640 communione
606 1588 899 1658 operantes
932 1587 1099 1655 atque
1144 1580 1481 1656 operatrices
1523 1578 1773 1636 confiteri
1814 1578 1905 1635 de-

37 1682 259 1738 bemus:
309 1687 360 1737 et
401 1680 646 1736 divinam
701 1680 928 1752 quidem
973 1696 1096 1751 quae
1143 1679 1233 1734 Dei
1282 1683 1413 1734 sunt
1457 1681 1810 1751 operantem;
1853 1682 1905 1730 et

36 1780 321 1836 humanam
363 1798 485 1853 quaa
527 1779 714 1836 carnis
754 1783 885 1834 sunt
924 1783 1308 1849 exequentem,
1354 1767 1681 1830 non‘divise
1724 1790 1906 1844 neque

31 1877 246 1934 confuse
278 1884 371 1934 aut
402 1876 860 1947 convertibiliter,
898 1875 987 1931 Dei
1019 1880 1279 1930 naturam
1321 1871 1377 1928 in
1405 1871 1689 1927 hominem
1724 1876 1776 1926 et
1803 1870 1904 1926 hu-

32 1992 243 2031 manam
284 1974 340 2030 in
371 1975 541 2031 Deum
581 1991 902 2030 conversam
933 1973 1247 2043 edocenteS,
1289 1972 1383 2028 sed
1428 1977 1761 2028 naturarum
1802 1969 1905 2025 dit—

0 2071 279 2148 ,ferentias
327 2071 570 2144 integras
617 2061 960 2127 confitentes.
1034 2071 1180 2126 Unus
1224 2069 1373 2126 enim
1418 2075 1584 2141 atque
1628 2067 1775 2124 idem
1821 2073 1905 2123 est

0 2159 1 2166 ¹
36 2167 250 2224 humilis
290 2175 341 2225 et
382 2170 662 2240 sublimiS,
688 2168 919 2243 aequalis
950 2168 1090 2223 Patri
1125 2174 1178 2223 et
1220 2166 1404 2223 minor
1429 2166 1603 2239 Patre,
1640 2165 1758 2240 ipse
1779 2173 1906 2221 ante

36 2269 293 2339 tempora,
321 2274 484 2324 natus
513 2269 568 2322 in
592 2274 840 2341 tempore
867 2272 946 2322 est
975 2287 984 2318 :
1017 2283 1114 2340 per
1139 2283 1306 2339 quem
1342 2265 1486 2320 saeta
1522 2269 1650 2320 sunt
1679 2265 1902 2333 saecula,

39 2360 209 2418 factus
233 2363 289 2419 in
310 2366 509 2422 saeculo
535 2371 616 2421 est
652 2385 660 2416 :
694 2368 747 2419 et
783 2363 878 2438 qui
905 2363 1082 2435 legem
1113 2361 1283 2433 dedit,
1313 2361 1492 2416 faetus
1522 2361 1627 2416 sub
1653 2360 1772 2433 lege
1801 2367 1903 2429 est,

40 2464 98 2515 ut
127 2478 215 2519 eos
256 2464 347 2536 qui
380 2466 482 2521 sub
516 2466 635 2537 lege
665 2469 823 2520 erant
864 2462 1161 2518 redimeret
1204 2482 1214 2514 ε
1256 2460 1377 2534 ipse
1424 2458 1747 2529 crucifixUS‚
1789 2458 1908 2534 ipse

35 2556 447 2635 chirographum
492 2560 640 2634 quod
682 2565 799 2617 erat
843 2564 1033 2615 contra
1074 2576 1175 2614 nos
1222 2575 1494 2614 evacuans
1534 2556 1593 2612 in
1629 2573 1795 2613 cruce
1839 2555 1906 2612 de

32 2656 385 2727 potestatibus
430 2664 481 2714 et
523 2655 925 2732 principalibus
967 2653 1347 2728 triumphavit.
1384 2653 1707 2709 Auferentes
1754 2670 1904 2726 erge,

29 2749 168 2807 sicut
204 2752 467 2822 diximuS,
517 2753 841 2810 scandalum
896 2751 1124 2808 novellae
1171 2750 1596 2822 adinventionis,
1646 2768 1757 2807 non
1805 2768 1906 2806 nos

32 2852 238 2918 oportet
263 2866 434 2904 unam
470 2850 556 2905 vel
579 2851 717 2906 duas
750 2848 1097 2924 operationes
1131 2849 1436 2920 definientes
1455 2848 1773 2921 praedicare,-
1810 2846 1905 2903 sed

34 2956 131 3010 pro
157 2958 289 3010 una,
314 2959 478 3012 quam
499 2944 725 3016 quidam
755 2944 949 2999 dicunt
971 2944 1312 3018 operatione,
1341 2950 1557 3019 oportet
1593 2961 1695 2999 nos
1724 2962 1904 2999 unuin

38 3039 377 3107 operatorem
410 3037 686 3094 Christum
723 3040 1017 3094 Dominum
1055 3040 1111 3094 in
1137 3039 1392 3111 utrisque
1427 3038 1643 3095 naturis
1670 3037 1910 3094 veridice

39 3131 285 3187 confiteri
318 3151 330 3184 ι
366 3139 419 3188 et
451 3150 549 3206 pro
585 3135 801 3191 duabus
832 3137 1268 3210 operationibus,
1303 3139 1485 3192 ablato
1513 3135 1747 3208 geminae
1783 3154 1909 3209 ope-

42 3227 268 3284 rationis
299 3227 580 3297 vocabu10,
627 3229 774 3303 ipsas
814 3233 1002 3306 potius
1037 3234 1179 3289 duas
1207 3239 1458 3303 naturas,
1495 3232 1550 3287 id
1590 3237 1671 3287 est
1709 3231 1908 3288 divini-

44 3326 170 3382 tatis
207 3333 257 3382 et
297 3325 478 3381 carnis
507 3333 802 3400 assumptae
842 3329 900 3383 in
941 3346 1055 3402 una
1096 3348 1331 3402 persona
1370 3328 1645 3400 unigeniti
1682 3328 1774 3386 Dei
1811 3330 1907 3385 Pa-

42 3423 159 3492 tris,
221 3425 522 3493 inconfuse,
575 3423 806 3480 indivise
856 3431 1020 3496 atque
1077 3425 1571 3487 inconvertibiliter
1619 3428 1904 3486 nobiscum

96 3635 147 3691 tt)
178 3637 310 3679 Graeca
336 3634 548 3678 translatio
567 3633 701 3683 habet,
725 3638 825 3677 πάνυ
851 3638 1036 3687 μάταιον,
1067 3634 1110 3676 id
1134 3642 1208 3682 est,
1234 3636 1359 3688 plane
1381 3638 1568 3682 stultum.
