2306 4010
836 193 964 239 PARS
993 191 1230 239 SECUNDA.
1259 264 1263 268 .
1920 190 1979 236 65

26 319 31 324 ·
93 305 224 362 Dieu
249 302 384 376 qu'il
403 318 664 370 conserve
681 301 842 356 Votre
866 300 1108 357 Saintete
1133 301 1562 356 heureusement
1583 297 1829 372 pendant
1854 298 1978 370 plu-

96 403 276 460 sieurs
308 403 535 456 annees.
562 422 587 451 »

173 502 235 556 11.
280 501 361 556 An
388 499 608 571 epistola
629 496 985 568 satisfactoria
1020 497 1143 550 anni
1167 494 1310 551 1695
1339 496 1441 551 vim
1469 495 1864 551 retractationis
1890 494 1985 550 ha-

100 601 220 654 bere
247 596 504 653 censenda
529 596 631 650 sit?

176 697 458 751 Pnoposmo
483 693 629 748 1².-
655 689 963 745 Declaratio
993 695 1214 759 quatuor
1241 690 1583 744 articulorum
1611 707 1716 745 non
1748 691 1870 761 fuit,
1893 706 1988 744 nec
2047 710 2054 715 ·

106 815 136 851 (ι
165 774 408 851 Romanis
441 788 772 858 Pontificibus
808 791 1058 856 reputata
1098 793 1177 839 est
1208 803 1458 839 necne‘run
1489 806 1637 855 rium,
1677 805 1774 858 qao
1809 785 1989 842 volue-

105 894 207 947 rint
241 887 494 948 Gallicani
519 883 770 956 praesules
801 883 1009 936 aitiinas
1043 881 1112 936 ad
1163 882 1479 936 credendum
1518 885 1890 955 constrinqere.
1921 915 1989 924 —

108 989 162 1043 1⁰
189 987 303 1040 Non
334 980 527 1037 habuit
573 978 870 1034 declaratio
909 978 1003 1033 illa
1048 978 1288 1033 formam
1330 978 1528 1033 decreti
1571 979 1714 1049 fidei.
1756 979 1890 1034 Nam
1933 987 1996 1035 ut

107 1082 288 1153 aliqua
330 1076 626 1133 declaratio
665 1074 975 1148 dogmatica
1023 1074 1263 1129 formam
1302 1075 1500 1130 habeat
1544 1074 1888 1131 definitionis
1930 1075 1996 1130 ad

109 1178 270 1233 fidem
309 1173 629 1246 obligantis,
670 1161 830 1228 debet
868 1189 1126 1245 expresse
1155 1172 1511 1245 pronuntiari
1551 1172 1606 1226 id
1640 1172 1788 1246 quod
1819 1172 2001 1228 decla-

110 1280 266 1330 ratur
290 1290 411 1329 esse
439 1271 505 1325 de
536 1270 640 1326 fide
666 1269 962 1333 catholica,
990 1275 1158 1342 atque
1185 1288 1249 1325 ex
1282 1270 1614 1343 obligatione
1644 1271 1712 1326 ab
1739 1259 2002 1326 omnibus

112 1371 471 1435 credendum3
509 1369 654 1442 quod
686 1368 804 1424 fieri
851 1369 990 1423 solet
1022 1369 1372 1442 reprobando
1411 1369 1746 1425 contrariam
1787 1369 2004 1442 opinio-

117 1488 242 1525 nem
277 1477 542 1541 tanquam
570 1469 890 1521 haereticam.
918 1466 1086 1520 Porro
1111 1466 1411 1520 declaratio
1433 1466 1701 1538 gallicana
1730 1465 1873 1520 nihil
1898 1466 2007 1520 tale

123 1585 234 1641 prae
268 1585 325 1643 se
351 1566 582 1620 ferebat.
615 1563 787 1629 Unde,
820 1568 1027 1618 attento
1051 1562 1134 1616 vel
1165 1562 1280 1617 solo
1310 1562 1486 1636 ipsius
1521 1569 1732 1630 tenore,
1763 1581 1873 1617 non
1911 1581 2008 1635 po-

126 1664 230 1719 tuit
268 1684 295 1718 a
318 1662 580 1718 Romanis
616 1661 994 1730 Pontificibus,
1025 1661 1106 1715 vel
1143 1680 1172 1715 a
1203 1660 1451 1731 quolibet
1491 1661 1598 1715 alio
1635 1666 1820 1715 mente
1847 1678 2007 1729 san0,

128 1760 314 1815 haberi
353 1766 617 1830 tanquam
668 1757 914 1812 definitio
955 1756 1103 1825 fidei,
1150 1775 1259 1828 qua
1299 1757 1553 1828 gallicani
1587 1757 1852 1830 praesules
1883 1775 2011 1813 con-

127 1856 385 1912 scientias
408 1856 580 1928 ligare
605 1853 1081 1927 praesumpserint.
1107 1853 1160 1907 ‘2⁰
1181 1853 1399 1908 Fuisset
1419 1853 1692 1926 ejusmodi
1712 1854 2006 1926 gallicano—

127 1972 251 2008 rum
284 1953 585 2026 praesulum
615 1950 996 2026 praesumptiO,
1021 1949 1374 2024 apertissima
1403 1951 1701 2015 dementia;
1732 1951 2008 2025 siquidem

128 2050 288 2124 pauci
309 2049 476 2105 unius
491 2048 734 2120 regionis
754 2047 965 2122 praelati
989 2047 1094 2103 sibi
1115 2052 1446 2121 potestatem
1465 2048 1839 2105 vindicassent
1855 2051 2012 2120 sidem

127 2148 429 2218 deliniendi,
457 2147 531 2202 ita
554 2151 614 2200 ut
640 2144 926 2200 christiani
951 2144 1202 2218 ipsorum
1231 2145 1644 2210 definitionibus
1677 2146 1903 2202 credere
1930 2153 2009 2202 te·

131 2252 411 2300 nerentur.
441 2245 592 2307 Quod
622 2243 766 2298 idem
803 2243 998 2298 fuisset
1032 2262 1094 2297 ac
1124 2243 1579 2299 infallibilitatem
1610 2244 1714 2298 s‘ihi
1743 2245 2010 2311 tribuere,

132 2360 193 2396 eo
230 2341 350 2413 ipso
393 2346 639 2412 tempore
675 2357 783 2410 quo
827 2357 947 2392 eam
988 2339 1232 2392 Romano
1268 2339 1515 2392 Pontifici
1551 2339 1919 2410 denegabant,
1961 2347 2008 2394 et

136 2437 191 2491 in
220 2437 334 2491 solo
357 2435 588 2490 concilio
617 2434 979 2501 oecumenic0‚
1007 2434 1088 2488 vel
1116 2432 1369 2488 Ecclesiae
1397 2432 1727 2488 universalis
1752 2434 2012 2508 dispersa*

128 2534 337 2607 judicio
364 2532 603 2587 residere
620 2532 1071 2605 pronuntiabant.
1096 2531 1248 2594 Quod
1270 2532 1373 2585 hac
1394 2537 1547 2587 tanta
1568 2531 1846 2586 dementia
1869 2533 2013 2605 capti

135 2631 338 2686 suerint
381 2630 643 2685 Gallicani
685 2630 971 2702 praesules,
1014 2647 1114 2684 nec
1150 2628 1381 2683 Romani
1421 2628 1730 2699 PontificeS,
1782 2648 1883 2685 nec
1922 2630 2014 2685 alii

139 2747 384 2800 unquam
412 2727 787 2782 sumniarunt.
822 2727 876 2781 5⁰
903 2727 963 2780 In
995 2726 1165 2798 gestis
1191 2726 1326 2799 ipsis
1353 2732 1655 2782 conventus
1682 2728 1816 2782 anni
1845 2728 2012 2798 1682,

139 2824 478 2881 contrarium
507 2842 763 2897 expresse
789 2824 1135 2878 declaratum
1163 2824 1362 2880 fuerat.
1401 2824 1605 2897 Nempe
1639 2824 1728 2879 die
1765 2825 1831 2879 19
1867 2842 2017 2880 mars

141 2923 275 2977 dixit
300 2923 366 2977 de
383 2922 554 2992 Brias,
584 2922 996 2978 Cameracensis
1022 2921 1483 2995 Archiepiscopus
1509 2944 1519 2976 ε
1551 2945 1576 2974 «
1600 2922 1743 2985 Qu’il
1767 2924 1910 2979 avait
1934 2925 2020 2978 ete

140 3021 330 3076 nourri
369 3022 504 3076 dans
537 3022 632 3076 des
660 3021 928 3076 maximos
957 3024 1240 3094 opposees;
1281 3020 1420 3076 mais
1450 3020 1588 3092 qu'il
1613 3021 1754 3076 avait
1780 3024 1863 3076 cte
1891 3016 2019 3076 co'n-

143 3117 338 3172 vaincu
366 3135 465 3190 par
490 3119 556 3173 M.
587 3108 844 3190 l'Evequc
874 3118 939 3173 de
965 3118 1201 3173 Tournai
1229 3124 1282 3173 et
1315 3119 1432 3172 MM.
1469 3119 1549 3172 les
1582 3119 2016 3186 commissaires;

145 3222 195 3270 et
237 3214 371 3286 qu’il
407 3214 607 3269 entrait
661 3215 909 3271 d’autant
960 3216 1087 3290 plus
1134 3217 1437 3272 volontiers
1475 3217 1611 3271 dans
1654 3218 1805 3270 leurs
1852 3218 2021 3272 senti-

144 3317 342 3378 meum,
372 3328 478 3382 que
505 3310 615 3364 l'on
641 3328 710 3365 ne
738 3312 1050 3383 pretendait
1076 3331 1183 3385 pas
1205 3331 1267 3367 en
1293 3315 1431 3384 faire
1454 3330 1551 3365 une
1576 3312 1803 3366 (le'cision
1837 3313 1899 3367 cle
1923 3315 2017 3385 soi,

145 3410 273 3462 mais
313 3408 595 3484 seulement
623 3423 683 3460 en
730 3408 945 3479 adoptet·
978 3408 1257 3480 l’opinion.
1290 3429 1316 3458 »
1357 3408 1498 3461 Sane
1544 3424 1653 3461 non
1698 3407 2029 3480 ignorabant

145 3503 372 3558 Romani
411 3502 694 3558 Pontifices
724 3502 856 3558 dicti
897 3508 1203 3558 conventus
1229 3508 1397 3574 gesta.
1433 3503 1685 3560 Sciebant
1718 3505 1889 3578 igitur
1914 3525 2029 3563 non*

146 3617 264 3655 eam
296 3607 533 3656 mentem
561 3599 733 3655 fuisse
765 3598 1165 3671 gallicanorum
1199 3599 1522 3672 praesulum,
1555 3607 1619 3658 ut
1648 3603 2021 3660 conscientias

387 3719 433 3748 11.
1731 3708 1758 3753 5
