2306 4010
807 165 931 255 PAES
961 204 1203 253 SECUNDA.
1863 207 1882 250 1
1893 204 1947 252 71

110 345 115 366 ⁹
145 325 402 394 Secunde,
448 318 642 393 nequit
678 315 920 372 Ecclesia
949 312 1283 370 soliditatem
1321 328 1479 368 suam
1522 327 1554 367 a
1583 309 1951 368 fundamento

70 426 310 492 trahere,
346 419 457 476 nisi
486 417 918 473 fundamentum
947 410 1095 468 istud
1121 409 1195 467 sit
1218 410 1399 483 quoad
1437 409 1603 466 tidem
1634 407 1948 466 infallibile.

70 518 371 575 —Etenim
395 512 647 570 Ecclesioe
673 509 923 567 soliditas
945 506 1197 564 consistit
1230 505 1289 561 in
1323 505 1429 562 tide
1465 522 1684 580 semper
1708 510 1762 562 et
1788 503 1953 560 infal-

71 615 306 672 libiliter
323 629 471 675 vera3
500 609 547 664 si
573 607 797 681 quidem
819 609 1001 660 stante
1018 618 1144 658 vera
1170 601 1298 670 fide,
1325 606 1435 658 stat
1455 601 1695 658 Ecclesia
1716 601 1948 658 Christi:

73 715 334 783 corrupta
368 714 551 763 autem
573 703 680 760 tide
701 699 975 769 Ecclesiae,
996 698 1115 771 jam
1150 698 1429 754 desineret
1459 715 1580 755 esse
1602 715 1729 755 vera
1752 699 1954 754 Christi

71 804 315 861 Ecclesia
341 808 394 859 et
418 814 687 876 synagoga
711 795 922 852 Satanae
953 784 1184 849 dicenda
1218 793 1380 849 foret.
1409 794 1559 849 Unde
1582 794 1837 850 Ecclesiae
1870 812 1956 852 so-

75 903 259 959 liditas
288 906 368 957 est
410 897 585 972 ipsius
624 892 752 949 fidei
795 891 1187 947 infallibilitaS.
1221 891 1359 963 Ergo
1407 891 1455 946 si
1493 891 1735 948 Ecclesia
1767 893 1959 949 solidi-

78 1007 244 1058 tatem
283 1013 440 1054 suam
473 1011 503 1048 a
534 991 899 1048 fundamento
935 991 1144 1054 trahat,
1186 989 1254 1043 ah
1293 987 1414 1062 ipso
1453 989 1629 1043 trahit
1673 989 1800 1045 fidei
1843 1009 1957 1047 suae

77 1092 545 1152 infallibilitatem.
595 1086 698 1142 Sed
731 1104 760 1141 a
801 1084 1169 1141 fundamento
1212 1084 1430 1139 trahere
1475 1083 1671 1156 nequit
1708 1085 1858 1156 quod
1896 1086 1955 1140 in

74 1190 192 1263 ipso
218 1205 324 1243 non
350 1193 450 1253 est3
485 1203 614 1258 ergo
641 1184 865 1239 secundo
900 1181 1095 1255 nequit
1122 1181 1463 1238 soliditatem
1501 1198 1661 1235 suam
1697 1199 1730 1238 a
1758 1181 1956 1237 funda-

73 1290 256 1342 mento
280 1286 519 1352 trahere,
548 1283 659 1338 nisi
681 1282 1111 1337 fundamentum
1139 1280 1209 1336 sit
1231 1280 1413 1352 quoad
1439 1280 1606 1335 tidem
1636 1279 1950 1336 infallibile.

70 1381 300 1437 Aliunde
335 1384 505 1454 primo
538 1380 873 1436 soliditatem
912 1398 1074 1434 suam
1122 1378 1296 1434 trahit
1333 1395 1362 1432 a
1392 1377 1780 1433 fundamento.
1819 1378 1957 1451 Ergo

70 1477 492 1534 fundamentum
526 1476 677 1533 istud
709 1483 788 1532 est
818 1475 999 1548 quoad
1036 1474 1202 1529 tidem
1243 1473 1559 1528 infallibile.
1598 1473 1734 1527 Cum
1770 1479 1957 1528 autem

74 1575 293 1651 aliunde
326 1575 752 1631 fundamentum
788 1577 891 1630 hoc
934 1591 1032 1629 seu
1072 1583 1228 1646 petra
1259 1574 1374 1627 haec
1408 1590 1519 1627 non
1566 1572 1637 1627 sit
1675 1572 1827 1627 solus
1867 1571 1959 1627 Pe-

76 1677 216 1740 truS,
266 1671 358 1727 sed
405 1672 575 1727 etiam
619 1678 670 1727 et
714 1688 869 1743 aeque
914 1670 1150 1743 quilibet
1194 1669 1476 1724 Romanus
1522 1668 1769 1724 Pontifex
1813 1667 1957 1723 Petri

73 1785 375 1845 successor,
419 1775 668 1824 remanet
712 1768 1026 1824 Romanum
1075 1766 1415 1835 Pontificem,
1455 1765 1506 1820 vi
1549 1764 1704 1820 citati
1746 1769 1950 1835 textuS,

68 1881 166 1939 pro
203 1864 482 1921 infallibili
510 1865 692 1939 quoad
721 1864 1122 1922 decernendam
1153 1863 1318 1919 fidem
1346 1879 1468 1919 esse
1498 1859 1726 1918 omnino
1763 1878 1956 1934 agnos-

70 1962 328 2019 cendum.

138 2058 408 2115 Probatur
453 2060 507 2116 5⁰
548 2060 906 2134 expendendo
947 2059 1301 2136 hypothesim
1357 2059 1512 2133 Papae
1570 2057 1846 2112 fallihilis.
1886 2090 1956 2098 -

74 2154 323 2211 Admissa
358 2157 568 2212 scilicet
610 2158 705 2212 illa
740 2157 1051 2230 hypothesi,
1082 2158 1197 2228 jam
1236 2162 1381 2212 stare
1418 2155 1612 2226 nequit
1656 2155 1955 2211 citatorum

0 2284 1 2287 =
78 2249 275 2304 Christi
314 2252 608 2306 verborum
646 2252 876 2317 veritas;
922 2253 1068 2324 quod
1119 2253 1197 2306 sic
1241 2252 1550 2324 probatur:
1601 2251 1648 2304 si
1692 2252 1957 2307 Summus

82 2343 325 2398 Pontifex
362 2345 418 2398 in
446 2345 786 2401 decernenda
817 2347 924 2402 fide
962 2354 1194 2414 erraret,
1228 2348 1309 2401 vel
1338 2347 1550 2417 reliqua
1582 2346 1818 2401 Ecclesia
1851 2348 1959 2420 ipsi

84 2441 286 2495 erranti
310 2446 362 2495 et
389 2459 630 2498 errorem
657 2443 873 2499 docenti
912 2444 1236 2510 adhaereret,
1276 2445 1361 2501 vel
1390 2444 1495 2517 ipsi
1529 2444 1953 2515 contradiceret,

83 2538 165 2592 vel
196 2537 575 2596 indifferenter
611 2558 729 2596 sese
771 2541 1012 2598 haberet.
1043 2542 1207 2614 Atqui
1246 2542 1464 2598 nullum
1497 2558 1560 2596 ex
1602 2542 1689 2596 his
1723 2542 1831 2596 dici
1865 2559 1959 2614 po-

81 2637 203 2688 test.

150 2727 347 2799 Primo,
382 2728 563 2785 cit‘atis
590 2729 795 2785 Christi
831 2731 1016 2786 verbis
1053 2739 1321 2807 repugnat
1351 2733 1626 2806 reliquam
1652 2732 1952 2788 Ecclesiam

79 2821 320 2879 Romano
344 2824 586 2882 Pontifici
621 2843 864 2883 errorem
909 2828 1126 2884 docenti
1167 2830 1467 2886 adhaerere.
1504 2831 1639 2886 Nam
1675 2835 1809 2885 tunc
1839 2836 1950 2885 tota

78 2919 315 2977 Ecclesia
349 2931 577 2995 erraret,
610 2930 663 2981 et
704 2925 903 2982 salsum
940 2935 1080 2984 esset
1120 2930 1265 3001 quod
1299 2930 1438 2986 dixit
1479 2930 1754 2996 ChristuS,
1790 2936 1954 3000 porta>

80 3018 236 3088 inseri
262 3037 364 3074 non
385 3022 729 3093 praevalebunt
757 3025 1004 3080 adversus
1030 3045 1164 3083 cam.
1194 3027 1309 3085 Imo
1337 3027 1582 3084 Ecclesia
1608 3044 1731 3098 quae
1758 3025 1838 3079 sic
1865 3041 1952 3078 er-

82 3131 204 3170 rare
235 3123 435 3189 posset,
469 3120 584 3191 jam
624 3139 736 3178 non
772 3129 916 3179 esset
956 3142 1074 3189 sucu
1110 3125 1341 3198 proinde
1377 3143 1489 3180 non
1530 3122 1951 3180 verificarentur

80 3211 242 3268 verba
272 3215 528 3286 aedificabo
551 3217 833 3275 Ecclesiam
855 3239 1046 3288 meam,
1076 3220 1123 3276 si
1146 3221 1373 3294 quidem
1398 3221 1504 3276 ista
1533 3237 1642 3275 non
1665 3223 1808 3274 esset
1830 3236 1947 3287 sua,

78 3323 179 3363 nec
207 3309 370 3366 aliam
401 3312 736 3372 aedificasset.

154 3404 406 3479 semida,
449 3410 493 3464 si
525 3413 731 3484 erranti
759 3413 1003 3471 Romano
1042 3413 1288 3470 Pontifici
1330 3412 1547 3484 reliqua
1592 3410 1834 3467 Ecclesia
1864 3428 1947 3467 re-

80 3498 313 3571 sisteret,
336 3504 448 3578 jam
474 3507 710 3567 Ecclesia
737 3511 1074 3566 soliditatem
1104 3509 1230 3564 fidei
1257 3509 1481 3564 haberet
1515 3507 1739 3563 aliunde
1779 3525 1947 3580 quam

81 3609 145 3652 ex
178 3598 297 3675 ipso
335 3601 559 3662 Summo
593 3607 871 3662 Pontifice.
906 3607 1043 3679 Ergo
1075 3607 1339 3663 Summus
1372 3605 1621 3663 Pontifex
1654 3622 1767 3662 non
1804 3610 1947 3662 esset
