<?xml version="1.0" encoding="UTF-8"?>
<!DOCTYPE html PUBLIC "-//W3C//DTD XHTML 1.0 Transitional//EN"
    "http://www.w3.org/TR/xhtml1/DTD/xhtml1-transitional.dtd">
<html xmlns="http://www.w3.org/1999/xhtml" xml:lang="en" lang="en">
 <head>
  <title>
</title>
<meta http-equiv="Content-Type" content="text/html;charset=utf-8" />
  <meta name='ocr-system' content='tesseract 3.04.00' />
  <meta name='ocr-capabilities' content='ocr_page ocr_carea ocr_par ocr_line ocrx_word'/>
</head>
<body>
  <div class='ocr_page' id='page_1' title='image "a548470102bouiuoft_0081.png"; bbox 0 0 2306 4010; ppageno 0'>
   <div class='ocr_carea' id='block_1_1' title="bbox 873 111 2018 192">
    <p class='ocr_par' dir='ltr' id='par_1_1' title="bbox 873 111 2018 192">
     <span class='ocr_line' id='line_1_1' title="bbox 873 111 2018 192; baseline -0.003 0"><span class='ocrx_word' id='word_1_1' title='bbox 873 145 1004 192; x_wconf 78' lang='lat' dir='ltr'><strong>PARS</strong></span> <span class='ocrx_word' id='word_1_2' title='bbox 1033 142 1270 190; x_wconf 70' lang='lat' dir='ltr'><strong><em>sacuam.</em></strong></span> <span class='ocrx_word' id='word_1_3' title='bbox 1711 111 1724 115; x_wconf 63' lang='grc'><strong>’</strong></span> <span class='ocrx_word' id='word_1_4' title='bbox 1961 143 2018 189; x_wconf 86' lang='lat'><strong><em>75</em></strong></span> 
     </span>
    </p>
   </div>
   <div class='ocr_carea' id='block_1_2' title="bbox 130 248 2041 3640">
    <p class='ocr_par' dir='ltr' id='par_1_2' title="bbox 130 248 2023 1010">
     <span class='ocr_line' id='line_1_2' title="bbox 136 248 2018 327; baseline -0.005 -14"><span class='ocrx_word' id='word_1_5' title='bbox 136 274 246 313; x_wconf 91' lang='lat' dir='ltr'><strong><em>non</em></strong></span> <span class='ocrx_word' id='word_1_6' title='bbox 273 254 446 312; x_wconf 87' lang='lat' dir='ltr'><strong><em>fuisse</em></strong></span> <span class='ocrx_word' id='word_1_7' title='bbox 478 253 790 327; x_wconf 84' lang='lat' dir='ltr'>quidquam</span> <span class='ocrx_word' id='word_1_8' title='bbox 817 253 1095 308; x_wconf 81' lang='lat' dir='ltr'><strong><em>decernere</em></strong></span> <span class='ocrx_word' id='word_1_9' title='bbox 1143 256 1196 308; x_wconf 91' lang='lat' dir='ltr'><strong><em>et</em></strong></span> <span class='ocrx_word' id='word_1_10' title='bbox 1237 248 1497 307; x_wconf 88' lang='lat' dir='ltr'><strong><em>Ecclesiis</em></strong></span> <span class='ocrx_word' id='word_1_11' title='bbox 1530 249 1896 323; x_wconf 70' lang='lat' dir='ltr'><strong><em>praejudicium</em></strong></span> <span class='ocrx_word' id='word_1_12' title='bbox 1935 251 2018 304; x_wconf 87' lang='lat' dir='ltr'><strong><em>in-</em></strong></span> 
     </span>
     <span class='ocr_line' id='line_1_3' title="bbox 130 347 2018 428; baseline -0.005 -16"><span class='ocrx_word' id='word_1_13' title='bbox 130 357 288 428; x_wconf 77' lang='lat' dir='ltr'><strong><em>ferre.</em></strong></span> <span class='ocrx_word' id='word_1_14' title='bbox 323 353 453 425; x_wconf 90' lang='lat' dir='ltr'><strong><em>Hoc,</em></strong></span> <span class='ocrx_word' id='word_1_15' title='bbox 485 354 530 409; x_wconf 92' lang='lat' dir='ltr'><strong><em>si</em></strong></span> <span class='ocrx_word' id='word_1_16' title='bbox 560 370 756 408; x_wconf 88' lang='lat' dir='ltr'><strong><em>verum</em></strong></span> <span class='ocrx_word' id='word_1_17' title='bbox 782 351 947 424; x_wconf 80' lang='lat' dir='ltr'><strong><em>foret,</em></strong></span> <span class='ocrx_word' id='word_1_18' title='bbox 992 351 1255 426; x_wconf 90' lang='lat' dir='ltr'><strong><em>probaret</em></strong></span> <span class='ocrx_word' id='word_1_19' title='bbox 1281 349 1568 405; x_wconf 81' lang='lat' dir='ltr'><strong>dumtaxat</strong></span> <span class='ocrx_word' id='word_1_20' title='bbox 1598 365 1692 404; x_wconf 93' lang='lat' dir='ltr'><strong><em>eos</em></strong></span> <span class='ocrx_word' id='word_1_21' title='bbox 1715 365 1829 404; x_wconf 93' lang='lat' dir='ltr'><strong><em>non</em></strong></span> <span class='ocrx_word' id='word_1_22' title='bbox 1853 347 2018 404; x_wconf 90' lang='lat' dir='ltr'><strong><em>intel-</em></strong></span> 
     </span>
     <span class='ocr_line' id='line_1_4' title="bbox 134 444 2021 524; baseline -0.004 -17"><span class='ocrx_word' id='word_1_23' title='bbox 134 451 336 507; x_wconf 89' lang='lat' dir='ltr'><strong><em>lexisse</em></strong></span> <span class='ocrx_word' id='word_1_24' title='bbox 360 449 492 524; x_wconf 92' lang='lat' dir='ltr'><strong><em>quid</em></strong></span> <span class='ocrx_word' id='word_1_25' title='bbox 519 450 764 505; x_wconf 85' lang='lat' dir='ltr'><strong><em>facerent</em></strong></span> <span class='ocrx_word' id='word_1_26' title='bbox 814 445 1038 521; x_wconf 90' lang='lat' dir='ltr'><strong><em>quando</em></strong></span> <span class='ocrx_word' id='word_1_27' title='bbox 1075 445 1506 519; x_wconf 75' lang='lat' dir='ltr'>declarationem</span> <span class='ocrx_word' id='word_1_28' title='bbox 1545 451 1788 518; x_wconf 90' lang='lat' dir='ltr'><strong><em>quatuor</em></strong></span> <span class='ocrx_word' id='word_1_29' title='bbox 1813 444 2021 511; x_wconf 86' lang='lat' dir='ltr'><strong><em>articu-</em></strong></span> 
     </span>
     <span class='ocr_line' id='line_1_5' title="bbox 134 542 2016 616; baseline -0.003 -12"><span class='ocrx_word' id='word_1_30' title='bbox 134 550 317 604; x_wconf 90' lang='lat' dir='ltr'><strong><em>lorum</em></strong></span> <span class='ocrx_word' id='word_1_31' title='bbox 355 548 682 603; x_wconf 80' lang='lat' dir='ltr'><strong><em>emittebant</em></strong></span> <span class='ocrx_word' id='word_1_32' title='bbox 722 552 775 603; x_wconf 92' lang='lat' dir='ltr'><strong><em>et</em></strong></span> <span class='ocrx_word' id='word_1_33' title='bbox 828 542 1048 616; x_wconf 84' lang='lat' dir='ltr'><strong><em>regaliae</em></strong></span> <span class='ocrx_word' id='word_1_34' title='bbox 1098 544 1477 600; x_wconf 83' lang='lat' dir='ltr'><strong><em>extensionem</em></strong></span> <span class='ocrx_word' id='word_1_35' title='bbox 1527 543 1642 616; x_wconf 82' lang='lat' dir='ltr'><strong><em>regi</em></strong></span> <span class='ocrx_word' id='word_1_36' title='bbox 1672 542 2016 599; x_wconf 83' lang='lat' dir='ltr'><strong>tribuebant.</strong></span> 
     </span>
     <span class='ocr_line' id='line_1_6' title="bbox 134 641 2019 715; baseline -0.003 -13"><span class='ocrx_word' id='word_1_37' title='bbox 134 648 272 703; x_wconf 91' lang='lat' dir='ltr'><strong><em>Nam</em></strong></span> <span class='ocrx_word' id='word_1_38' title='bbox 296 648 364 703; x_wconf 92' lang='lat' dir='ltr'><strong><em>de</em></strong></span> <span class='ocrx_word' id='word_1_39' title='bbox 390 646 532 703; x_wconf 82' lang='lat' dir='ltr'><strong><em>tacto</em></strong></span> <span class='ocrx_word' id='word_1_40' title='bbox 573 645 866 701; x_wconf 88' lang='lat' dir='ltr'><strong><em>ediderunt</em></strong></span> <span class='ocrx_word' id='word_1_41' title='bbox 899 659 1093 697; x_wconf 87' lang='lat' dir='ltr'><strong><em>verum</em></strong></span> <span class='ocrx_word' id='word_1_42' title='bbox 1130 641 1187 696; x_wconf 87' lang='lat' dir='ltr'><strong><em>in</em></strong></span> <span class='ocrx_word' id='word_1_43' title='bbox 1214 643 1478 715; x_wconf 82' lang='lat' dir='ltr'><strong><em>praedicto</em></strong></span> <span class='ocrx_word' id='word_1_44' title='bbox 1512 661 1679 699; x_wconf 91' lang='lat' dir='ltr'><strong><em>sensu</em></strong></span> <span class='ocrx_word' id='word_1_45' title='bbox 1712 642 2019 711; x_wconf 90' lang='lat' dir='ltr'><strong><em>decretum,</em></strong></span> 
     </span>
     <span class='ocr_line' id='line_1_7' title="bbox 138 733 2020 815; baseline -0.003 -14"><span class='ocrx_word' id='word_1_46' title='bbox 138 752 192 801; x_wconf 93' lang='lat' dir='ltr'><strong><em>et</em></strong></span> <span class='ocrx_word' id='word_1_47' title='bbox 234 733 507 801; x_wconf 57' lang='lat' dir='ltr'><strong><em>Ecclesiis&#39;</em></strong></span> <span class='ocrx_word' id='word_1_48' title='bbox 531 761 724 799; x_wconf 85' lang='lat' dir='ltr'><strong><em>verum</em></strong></span> <span class='ocrx_word' id='word_1_49' title='bbox 773 740 1165 815; x_wconf 83' lang='lat' dir='ltr'><strong><em>praejudicium</em></strong></span> <span class='ocrx_word' id='word_1_50' title='bbox 1206 741 1541 798; x_wconf 91' lang='lat' dir='ltr'><strong><em>intulerunt.</em></strong></span> <span class='ocrx_word' id='word_1_51' title='bbox 1578 746 1643 798; x_wconf 91' lang='lat' dir='ltr'><strong><em>At</em></strong></span> <span class='ocrx_word' id='word_1_52' title='bbox 1684 746 2020 812; x_wconf 81' lang='lat' dir='ltr'><strong><em>remaneret,</em></strong></span> 
     </span>
     <span class='ocr_line' id='line_1_8' title="bbox 140 837 2023 915; baseline -0.001 -19"><span class='ocrx_word' id='word_1_53' title='bbox 140 843 338 915; x_wconf 87' lang='lat' dir='ltr'><strong><em>rejecta</em></strong></span> <span class='ocrx_word' id='word_1_54' title='bbox 368 846 419 896; x_wconf 94' lang='lat' dir='ltr'><strong><em>et</em></strong></span> <span class='ocrx_word' id='word_1_55' title='bbox 462 844 760 895; x_wconf 90' lang='lat' dir='ltr'><strong><em>retractata</em></strong></span> <span class='ocrx_word' id='word_1_56' title='bbox 799 837 867 893; x_wconf 90' lang='lat' dir='ltr'><strong><em>ab</em></strong></span> <span class='ocrx_word' id='word_1_57' title='bbox 906 837 1045 911; x_wconf 92' lang='lat' dir='ltr'><strong><em>ipsis</em></strong></span> <span class='ocrx_word' id='word_1_58' title='bbox 1099 837 1272 893; x_wconf 87' lang='lat' dir='ltr'><strong><em>fuisse</em></strong></span> <span class='ocrx_word' id='word_1_59' title='bbox 1301 845 1455 910; x_wconf 84' lang='lat' dir='ltr'><strong><em>gesta</em></strong></span> <span class='ocrx_word' id='word_1_60' title='bbox 1497 839 1855 895; x_wconf 90' lang='lat' dir='ltr'><strong><em>comitiorum</em></strong></span> <span class='ocrx_word' id='word_1_61' title='bbox 1891 839 2023 894; x_wconf 90' lang='lat' dir='ltr'><strong><em>anni</em></strong></span> 
     </span>
     <span class='ocr_line' id='line_1_9' title="bbox 142 937 1502 1010; baseline -0.003 -14"><span class='ocrx_word' id='word_1_62' title='bbox 142 941 308 1010; x_wconf 76' lang='lat'><strong><em>1682,</em></strong></span> <span class='ocrx_word' id='word_1_63' title='bbox 352 937 538 1010; x_wconf 91' lang='lat' dir='ltr'><strong><em>qualia</em></strong></span> <span class='ocrx_word' id='word_1_64' title='bbox 569 937 627 992; x_wconf 90' lang='lat' dir='ltr'><strong><em>in</em></strong></span> <span class='ocrx_word' id='word_1_65' title='bbox 660 955 720 993; x_wconf 90' lang='lat' dir='ltr'><strong><em>se</em></strong></span> <span class='ocrx_word' id='word_1_66' title='bbox 768 955 831 992; x_wconf 89' lang='lat' dir='ltr'><strong><em>ae</em></strong></span> <span class='ocrx_word' id='word_1_67' title='bbox 867 954 1064 1010; x_wconf 85' lang='lat' dir='ltr'><strong><em>reapse</em></strong></span> <span class='ocrx_word' id='word_1_68' title='bbox 1090 943 1314 1010; x_wconf 90' lang='lat' dir='ltr'><strong><em>peracta</em></strong></span> <span class='ocrx_word' id='word_1_69' title='bbox 1353 943 1502 992; x_wconf 90' lang='lat' dir='ltr'><strong><em>sunt.</em></strong></span> 
     </span>
    </p>

    <p class='ocr_par' dir='ltr' id='par_1_3' title="bbox 135 1035 2037 2938">
     <span class='ocr_line' id='line_1_10' title="bbox 214 1035 2025 1110; baseline -0.001 -18"><span class='ocrx_word' id='word_1_70' title='bbox 214 1039 266 1093; x_wconf 79' lang='lat'><strong><em>5⁰</em></strong></span> <span class='ocrx_word' id='word_1_71' title='bbox 308 1036 688 1091; x_wconf 92' lang='lat' dir='ltr'><strong><em>Desumendus</em></strong></span> <span class='ocrx_word' id='word_1_72' title='bbox 721 1035 951 1109; x_wconf 86' lang='lat' dir='ltr'><strong><em>insuper</em></strong></span> <span class='ocrx_word' id='word_1_73' title='bbox 992 1035 1146 1090; x_wconf 87' lang='lat' dir='ltr'><strong><em>illius</em></strong></span> <span class='ocrx_word' id='word_1_74' title='bbox 1188 1035 1435 1109; x_wconf 87' lang='lat' dir='ltr'><strong><em>epistolae</em></strong></span> <span class='ocrx_word' id='word_1_75' title='bbox 1482 1053 1683 1092; x_wconf 91' lang='lat' dir='ltr'><strong><em>sensus</em></strong></span> <span class='ocrx_word' id='word_1_76' title='bbox 1736 1054 1801 1092; x_wconf 89' lang='lat' dir='ltr'><strong><em>ex</em></strong></span> <span class='ocrx_word' id='word_1_77' title='bbox 1846 1036 2025 1110; x_wconf 93' lang='lat' dir='ltr'><strong><em>ipsius</em></strong></span> 
     </span>
     <span class='ocr_line' id='line_1_11' title="bbox 135 1133 2025 1209; baseline -0.001 -18"><span class='ocrx_word' id='word_1_78' title='bbox 135 1153 319 1209; x_wconf 89' lang='lat' dir='ltr'><strong><em>scop0.</em></strong></span> <span class='ocrx_word' id='word_1_79' title='bbox 363 1134 653 1190; x_wconf 86' lang='lat' dir='ltr'><strong><em>Enimvero</em></strong></span> <span class='ocrx_word' id='word_1_80' title='bbox 687 1152 808 1189; x_wconf 90' lang='lat' dir='ltr'><strong><em>eam</em></strong></span> <span class='ocrx_word' id='word_1_81' title='bbox 837 1133 1185 1208; x_wconf 89' lang='lat' dir='ltr'><strong><em>scripserunt</em></strong></span> <span class='ocrx_word' id='word_1_82' title='bbox 1218 1140 1279 1190; x_wconf 93' lang='lat' dir='ltr'><strong><em>ut</em></strong></span> <span class='ocrx_word' id='word_1_83' title='bbox 1313 1134 1541 1189; x_wconf 90' lang='lat' dir='ltr'><strong><em>Summo</em></strong></span> <span class='ocrx_word' id='word_1_84' title='bbox 1580 1133 1831 1189; x_wconf 84' lang='lat' dir='ltr'><strong><em>Pontifici</em></strong></span> <span class='ocrx_word' id='word_1_85' title='bbox 1862 1133 2025 1189; x_wconf 88' lang='lat' dir='ltr'><strong><em>satis-</em></strong></span> 
     </span>
     <span class='ocr_line' id='line_1_12' title="bbox 138 1231 2028 1307; baseline 0 -19"><span class='ocrx_word' id='word_1_86' title='bbox 138 1233 402 1289; x_wconf 84' lang='lat' dir='ltr'><strong><em>facerent.</em></strong></span> <span class='ocrx_word' id='word_1_87' title='bbox 429 1232 537 1287; x_wconf 89' lang='lat' dir='ltr'><strong><em>Cur</em></strong></span> <span class='ocrx_word' id='word_1_88' title='bbox 572 1238 756 1287; x_wconf 87' lang='lat' dir='ltr'><strong><em>autem</em></strong></span> <span class='ocrx_word' id='word_1_89' title='bbox 784 1231 1089 1287; x_wconf 89' lang='lat' dir='ltr'><strong><em>nominatis</em></strong></span> <span class='ocrx_word' id='word_1_90' title='bbox 1115 1232 1300 1287; x_wconf 90' lang='lat' dir='ltr'><strong><em>bullas</em></strong></span> <span class='ocrx_word' id='word_1_91' title='bbox 1333 1232 1644 1305; x_wconf 83' lang='lat' dir='ltr'><strong><em>denegabat</em></strong></span> <span class='ocrx_word' id='word_1_92' title='bbox 1670 1231 1835 1288; x_wconf 84' lang='lat' dir='ltr'><strong><em>Sedes</em></strong></span> <span class='ocrx_word' id='word_1_93' title='bbox 1857 1233 2028 1307; x_wconf 91' lang='lat' dir='ltr'><strong><em>Apos-</em></strong></span> 
     </span>
     <span class='ocr_line' id='line_1_13' title="bbox 139 1331 2025 1405; baseline -0.001 -17"><span class='ocrx_word' id='word_1_94' title='bbox 139 1331 345 1388; x_wconf 76' lang='lat' dir='ltr'><strong><em>tolica‘l</em></strong></span> <span class='ocrx_word' id='word_1_95' title='bbox 379 1331 456 1386; x_wconf 91' lang='lat' dir='ltr'><strong><em>Ob</em></strong></span> <span class='ocrx_word' id='word_1_96' title='bbox 488 1331 545 1386; x_wconf 91' lang='lat' dir='ltr'><strong><em>id</em></strong></span> <span class='ocrx_word' id='word_1_97' title='bbox 575 1331 756 1386; x_wconf 92' lang='lat' dir='ltr'><strong><em>solum</em></strong></span> <span class='ocrx_word' id='word_1_98' title='bbox 780 1331 928 1402; x_wconf 90' lang='lat' dir='ltr'><strong><em>quod</em></strong></span> <span class='ocrx_word' id='word_1_99' title='bbox 963 1336 1204 1403; x_wconf 89' lang='lat' dir='ltr'><strong><em>quatuor</em></strong></span> <span class='ocrx_word' id='word_1_100' title='bbox 1242 1331 1497 1387; x_wconf 81' lang='lat' dir='ltr'><strong>articulis</strong></span> <span class='ocrx_word' id='word_1_101' title='bbox 1534 1331 2025 1405; x_wconf 84' lang='lat' dir='ltr'><strong><em>subscripsissent,</em></strong></span> 
     </span>
     <span class='ocr_line' id='line_1_14' title="bbox 140 1427 2030 1502; baseline 0.001 -21"><span class='ocrx_word' id='word_1_102' title='bbox 140 1428 561 1500; x_wconf 81' lang='lat' dir='ltr'><strong><em>doctrinamque</em></strong></span> <span class='ocrx_word' id='word_1_103' title='bbox 592 1428 660 1482; x_wconf 91' lang='lat' dir='ltr'><strong><em>iis</em></strong></span> <span class='ocrx_word' id='word_1_104' title='bbox 691 1427 943 1482; x_wconf 88' lang='lat' dir='ltr'><strong><em>articulis</em></strong></span> <span class='ocrx_word' id='word_1_105' title='bbox 976 1434 1293 1483; x_wconf 87' lang='lat' dir='ltr'><strong><em>contentam</em></strong></span> <span class='ocrx_word' id='word_1_106' title='bbox 1339 1428 1573 1502; x_wconf 86' lang='lat' dir='ltr'><strong><em>professi</em></strong></span> <span class='ocrx_word' id='word_1_107' title='bbox 1615 1435 1823 1495; x_wconf 83' lang='lat' dir='ltr'><strong><em>essent,</em></strong></span> <span class='ocrx_word' id='word_1_108' title='bbox 1859 1434 1910 1483; x_wconf 90' lang='lat' dir='ltr'><strong><em>et</em></strong></span> <span class='ocrx_word' id='word_1_109' title='bbox 1947 1446 2030 1483; x_wconf 88' lang='lat' dir='ltr'><strong><em>re-</em></strong></span> 
     </span>
     <span class='ocr_line' id='line_1_15' title="bbox 141 1525 2031 1600; baseline 0.001 -21"><span class='ocrx_word' id='word_1_110' title='bbox 141 1526 295 1596; x_wconf 58' lang='lat' dir='ltr'><strong><em>gali-te</em></strong></span> <span class='ocrx_word' id='word_1_111' title='bbox 352 1526 663 1580; x_wconf 89' lang='lat' dir='ltr'><strong><em>extensioni</em></strong></span> <span class='ocrx_word' id='word_1_112' title='bbox 706 1525 1133 1580; x_wconf 86' lang='lat' dir='ltr'><strong><em>consensissent.</em></strong></span> <span class='ocrx_word' id='word_1_113' title='bbox 1178 1525 1235 1579; x_wconf 88' lang='lat' dir='ltr'><strong><em>ld</em></strong></span> <span class='ocrx_word' id='word_1_114' title='bbox 1278 1531 1558 1582; x_wconf 89' lang='lat' dir='ltr'><strong><em>testantur</em></strong></span> <span class='ocrx_word' id='word_1_115' title='bbox 1614 1532 1906 1600; x_wconf 75' lang='lat' dir='ltr'><strong><em>protractae</em></strong></span> <span class='ocrx_word' id='word_1_116' title='bbox 1933 1545 2031 1600; x_wconf 87' lang='lat' dir='ltr'><strong><em>per</em></strong></span> 
     </span>
     <span class='ocr_line' id='line_1_16' title="bbox 147 1621 2025 1695; baseline 0 -20"><span class='ocrx_word' id='word_1_117' title='bbox 147 1627 226 1676; x_wconf 87' lang='lat' dir='ltr'><strong><em>tot</em></strong></span> <span class='ocrx_word' id='word_1_118' title='bbox 249 1639 421 1677; x_wconf 89' lang='lat' dir='ltr'><strong><em>annos</em></strong></span> <span class='ocrx_word' id='word_1_119' title='bbox 460 1622 717 1694; x_wconf 89' lang='lat' dir='ltr'><strong><em>querelae,</em></strong></span> <span class='ocrx_word' id='word_1_120' title='bbox 745 1627 866 1676; x_wconf 90' lang='lat' dir='ltr'><strong><em>tum</em></strong></span> <span class='ocrx_word' id='word_1_121' title='bbox 898 1621 1194 1695; x_wconf 91' lang='lat' dir='ltr'><strong><em>ipsiusmet</em></strong></span> <span class='ocrx_word' id='word_1_122' title='bbox 1229 1623 1376 1694; x_wconf 88' lang='lat' dir='ltr'><strong><em>regis</em></strong></span> <span class='ocrx_word' id='word_1_123' title='bbox 1402 1629 1524 1678; x_wconf 91' lang='lat' dir='ltr'><strong><em>tum</em></strong></span> <span class='ocrx_word' id='word_1_124' title='bbox 1551 1623 1942 1677; x_wconf 89' lang='lat' dir='ltr'><strong><em>ministrorum</em></strong></span> <span class='ocrx_word' id='word_1_125' title='bbox 1976 1628 2025 1676; x_wconf 87' lang='lat' dir='ltr'><strong><em>et</em></strong></span> 
     </span>
     <span class='ocr_line' id='line_1_17' title="bbox 148 1717 2029 1790; baseline -0.001 -17"><span class='ocrx_word' id='word_1_126' title='bbox 148 1718 456 1773; x_wconf 91' lang='lat' dir='ltr'><strong><em>aulicorum</em></strong></span> <span class='ocrx_word' id='word_1_127' title='bbox 501 1724 552 1773; x_wconf 90' lang='lat' dir='ltr'><strong><em>et</em></strong></span> <span class='ocrx_word' id='word_1_128' title='bbox 596 1718 772 1790; x_wconf 93' lang='lat' dir='ltr'><strong><em>ipsius</em></strong></span> <span class='ocrx_word' id='word_1_129' title='bbox 814 1718 980 1773; x_wconf 89' lang='lat' dir='ltr'><strong><em>etiam</em></strong></span> <span class='ocrx_word' id='word_1_130' title='bbox 1033 1718 1280 1773; x_wconf 87' lang='lat' dir='ltr'><strong><em>advocati</em></strong></span> <span class='ocrx_word' id='word_1_131' title='bbox 1326 1720 1514 1774; x_wconf 92' lang='lat' dir='ltr'><strong><em>Talon.</em></strong></span> <span class='ocrx_word' id='word_1_132' title='bbox 1580 1718 1856 1772; x_wconf 93' lang='lat' dir='ltr'><strong><em>Nimirum</em></strong></span> <span class='ocrx_word' id='word_1_133' title='bbox 1904 1717 2029 1773; x_wconf 90' lang='lat' dir='ltr'><strong><em>Sedi</em></strong></span> 
     </span>
     <span class='ocr_line' id='line_1_18' title="bbox 143 1813 2030 1888; baseline 0 -18"><span class='ocrx_word' id='word_1_134' title='bbox 143 1814 463 1888; x_wconf 87' lang='lat' dir='ltr'><strong><em>Apostolicae</em></strong></span> <span class='ocrx_word' id='word_1_135' title='bbox 494 1813 719 1868; x_wconf 88' lang='lat' dir='ltr'><strong><em>crimini</em></strong></span> <span class='ocrx_word' id='word_1_136' title='bbox 756 1815 1064 1882; x_wconf 89' lang='lat' dir='ltr'><strong><em>vertebant,</em></strong></span> <span class='ocrx_word' id='word_1_137' title='bbox 1095 1817 1152 1869; x_wconf 87' lang='lat' dir='ltr'><strong><em>ob</em></strong></span> <span class='ocrx_word' id='word_1_138' title='bbox 1192 1816 1286 1869; x_wconf 85' lang='lat' dir='ltr'><strong><em>hoc</em></strong></span> <span class='ocrx_word' id='word_1_139' title='bbox 1325 1816 1494 1870; x_wconf 72' lang='lat' dir='ltr'><strong><em>solum</em></strong></span> <span class='ocrx_word' id='word_1_140' title='bbox 1517 1815 1822 1870; x_wconf 85' lang='lat' dir='ltr'><strong><em>nominatis</em></strong></span> <span class='ocrx_word' id='word_1_141' title='bbox 1847 1815 2030 1871; x_wconf 91' lang='lat' dir='ltr'><strong><em>bullas</em></strong></span> 
     </span>
     <span class='ocr_line' id='line_1_19' title="bbox 145 1911 2032 1989; baseline 0.002 -22"><span class='ocrx_word' id='word_1_142' title='bbox 145 1912 424 1983; x_wconf 77' lang='lat' dir='ltr'><strong><em>denegari,</em></strong></span> <span class='ocrx_word' id='word_1_143' title='bbox 459 1911 606 1983; x_wconf 92' lang='lat' dir='ltr'><strong><em>quod</em></strong></span> <span class='ocrx_word' id='word_1_144' title='bbox 654 1912 902 1966; x_wconf 72' lang='lat' dir='ltr'><strong><em>doctrinae</em></strong></span> <span class='ocrx_word' id='word_1_145' title='bbox 930 1919 1153 1984; x_wconf 75' lang='lat' dir='ltr'><strong><em>quatuor</em></strong></span> <span class='ocrx_word' id='word_1_146' title='bbox 1196 1912 1538 1989; x_wconf 77' lang='lat' dir='ltr'><strong><em>articulorum</em></strong></span> <span class='ocrx_word' id='word_1_147' title='bbox 1573 1914 1925 1970; x_wconf 69' lang='lat' dir='ltr'><strong><em>adhaererent.</em></strong></span> <span class='ocrx_word' id='word_1_148' title='bbox 1949 1915 2032 1970; x_wconf 79' lang='lat' dir='ltr'><strong><em>At-</em></strong></span> 
     </span>
     <span class='ocr_line' id='line_1_20' title="bbox 145 2009 2031 2085; baseline 0.001 -20"><span class='ocrx_word' id='word_1_149' title='bbox 145 2029 250 2084; x_wconf 86' lang='lat' dir='ltr'><strong><em>que</em></strong></span> <span class='ocrx_word' id='word_1_150' title='bbox 280 2017 340 2066; x_wconf 93' lang='lat' dir='ltr'><strong><em>ut</em></strong></span> <span class='ocrx_word' id='word_1_151' title='bbox 390 2009 823 2083; x_wconf 89' lang='lat' dir='ltr'><strong><em>injustissimum</em></strong></span> <span class='ocrx_word' id='word_1_152' title='bbox 864 2010 918 2064; x_wconf 91' lang='lat' dir='ltr'><strong><em>id</em></strong></span> <span class='ocrx_word' id='word_1_153' title='bbox 962 2010 1432 2082; x_wconf 76' lang='lat' dir='ltr'><strong><em>demonstrarent,</em></strong></span> <span class='ocrx_word' id='word_1_154' title='bbox 1471 2018 1742 2085; x_wconf 90' lang='lat' dir='ltr'><strong><em>perpetuo</em></strong></span> <span class='ocrx_word' id='word_1_155' title='bbox 1783 2020 2031 2068; x_wconf 89' lang='lat' dir='ltr'><strong><em>recanta-</em></strong></span> 
     </span>
     <span class='ocr_line' id='line_1_21' title="bbox 148 2107 2037 2184; baseline 0.001 -21"><span class='ocrx_word' id='word_1_156' title='bbox 148 2110 279 2164; x_wconf 91' lang='lat' dir='ltr'><strong><em>bant</em></strong></span> <span class='ocrx_word' id='word_1_157' title='bbox 304 2126 425 2163; x_wconf 89' lang='lat' dir='ltr'><strong><em>esse</em></strong></span> <span class='ocrx_word' id='word_1_158' title='bbox 456 2107 776 2180; x_wconf 89' lang='lat' dir='ltr'><strong><em>opinionem</em></strong></span> <span class='ocrx_word' id='word_1_159' title='bbox 807 2108 963 2162; x_wconf 90' lang='lat' dir='ltr'><strong><em>illam</em></strong></span> <span class='ocrx_word' id='word_1_160' title='bbox 984 2108 1209 2164; x_wconf 68' lang='lat' dir='ltr'><strong><em>licitam</em></strong></span> <span class='ocrx_word' id='word_1_161' title='bbox 1236 2116 1287 2165; x_wconf 91' lang='lat' dir='ltr'><strong><em>et</em></strong></span> <span class='ocrx_word' id='word_1_162' title='bbox 1322 2109 1592 2175; x_wconf 90' lang='lat' dir='ltr'><strong><em>liberam;</em></strong></span> <span class='ocrx_word' id='word_1_163' title='bbox 1647 2128 1749 2167; x_wconf 90' lang='lat' dir='ltr'><strong><em>nec</em></strong></span> <span class='ocrx_word' id='word_1_164' title='bbox 1803 2111 2037 2184; x_wconf 86' lang='lat' dir='ltr'><strong><em>proinde</em></strong></span> 
     </span>
     <span class='ocr_line' id='line_1_22' title="bbox 149 2207 2035 2282; baseline 0.002 -22"><span class='ocrx_word' id='word_1_165' title='bbox 149 2224 311 2279; x_wconf 88' lang='lat' dir='ltr'><strong><em>posse</em></strong></span> <span class='ocrx_word' id='word_1_166' title='bbox 353 2224 692 2277; x_wconf 89' lang='lat' dir='ltr'><strong><em>quemquam</em></strong></span> <span class='ocrx_word' id='word_1_167' title='bbox 720 2208 788 2261; x_wconf 94' lang='lat' dir='ltr'><strong><em>ob</em></strong></span> <span class='ocrx_word' id='word_1_168' title='bbox 831 2224 951 2261; x_wconf 90' lang='lat' dir='ltr'><strong><em>eam</em></strong></span> <span class='ocrx_word' id='word_1_169' title='bbox 985 2207 1300 2280; x_wconf 88' lang='lat' dir='ltr'><strong><em>opinionem</em></strong></span> <span class='ocrx_word' id='word_1_170' title='bbox 1331 2208 1398 2262; x_wconf 88' lang='lat' dir='ltr'><strong><em>ab</em></strong></span> <span class='ocrx_word' id='word_1_171' title='bbox 1436 2209 1758 2282; x_wconf 90' lang='lat' dir='ltr'><strong><em>episcopatu</em></strong></span> <span class='ocrx_word' id='word_1_172' title='bbox 1774 2211 1923 2281; x_wconf 87' lang='lat' dir='ltr'><strong><em>juste</em></strong></span> <span class='ocrx_word' id='word_1_173' title='bbox 1951 2228 2035 2263; x_wconf 92' lang='lat' dir='ltr'><strong><em>ar-</em></strong></span> 
     </span>
     <span class='ocr_line' id='line_1_23' title="bbox 152 2302 2034 2377; baseline 0.002 -21"><span class='ocrx_word' id='word_1_174' title='bbox 152 2303 286 2357; x_wconf 88' lang='lat' dir='ltr'><strong><em>ceri.</em></strong></span> <span class='ocrx_word' id='word_1_175' title='bbox 325 2302 494 2372; x_wconf 84' lang='lat' dir='ltr'><strong><em>Igitur</em></strong></span> <span class='ocrx_word' id='word_1_176' title='bbox 521 2320 648 2355; x_wconf 88' lang='lat' dir='ltr'><strong><em>cum</em></strong></span> <span class='ocrx_word' id='word_1_177' title='bbox 674 2303 876 2374; x_wconf 88' lang='lat' dir='ltr'><strong><em>scripta</em></strong></span> <span class='ocrx_word' id='word_1_178' title='bbox 905 2304 1074 2358; x_wconf 87' lang='lat' dir='ltr'><strong><em>suerit</em></strong></span> <span class='ocrx_word' id='word_1_179' title='bbox 1103 2305 1336 2377; x_wconf 86' lang='lat' dir='ltr'><strong><em>epistola</em></strong></span> <span class='ocrx_word' id='word_1_180' title='bbox 1360 2311 1420 2358; x_wconf 90' lang='lat' dir='ltr'><strong><em>ut</em></strong></span> <span class='ocrx_word' id='word_1_181' title='bbox 1452 2306 1745 2360; x_wconf 86' lang='lat' dir='ltr'><strong><em>satisfieret</em></strong></span> <span class='ocrx_word' id='word_1_182' title='bbox 1762 2307 2034 2370; x_wconf 83' lang='lat' dir='ltr'><strong><em>Pontifici,</em></strong></span> 
     </span>
     <span class='ocr_line' id='line_1_24' title="bbox 157 2398 2032 2472; baseline 0.002 -20"><span class='ocrx_word' id='word_1_183' title='bbox 157 2398 252 2471; x_wconf 93' lang='lat' dir='ltr'><strong><em>qui</em></strong></span> <span class='ocrx_word' id='word_1_184' title='bbox 294 2398 474 2453; x_wconf 91' lang='lat' dir='ltr'><strong><em>bullas</em></strong></span> <span class='ocrx_word' id='word_1_185' title='bbox 510 2399 577 2452; x_wconf 95' lang='lat' dir='ltr'><strong><em>ob</em></strong></span> <span class='ocrx_word' id='word_1_186' title='bbox 620 2399 984 2472; x_wconf 85' lang='lat' dir='ltr'><strong><em>amplexatam</em></strong></span> <span class='ocrx_word' id='word_1_187' title='bbox 1023 2407 1264 2471; x_wconf 91' lang='lat' dir='ltr'><strong><em>quatuor</em></strong></span> <span class='ocrx_word' id='word_1_188' title='bbox 1307 2400 1674 2455; x_wconf 89' lang='lat' dir='ltr'><strong><em>articulorum</em></strong></span> <span class='ocrx_word' id='word_1_189' title='bbox 1723 2401 2032 2456; x_wconf 90' lang='lat' dir='ltr'><strong><em>doctrinam</em></strong></span> 
     </span>
     <span class='ocr_line' id='line_1_25' title="bbox 159 2495 2035 2570; baseline 0.004 -22"><span class='ocrx_word' id='word_1_190' title='bbox 159 2495 470 2562; x_wconf 83' lang='lat' dir='ltr'><strong><em>recusabat,</em></strong></span> <span class='ocrx_word' id='word_1_191' title='bbox 515 2495 927 2569; x_wconf 86' lang='lat' dir='ltr'><strong><em>interpretanda</em></strong></span> <span class='ocrx_word' id='word_1_192' title='bbox 955 2503 1036 2552; x_wconf 91' lang='lat' dir='ltr'><strong><em>est</em></strong></span> <span class='ocrx_word' id='word_1_193' title='bbox 1060 2503 1325 2570; x_wconf 91' lang='lat' dir='ltr'><strong><em>tanquam</em></strong></span> <span class='ocrx_word' id='word_1_194' title='bbox 1354 2499 1514 2553; x_wconf 83' lang='lat' dir='ltr'><strong><em>dictae</em></strong></span> <span class='ocrx_word' id='word_1_195' title='bbox 1537 2499 1803 2553; x_wconf 71' lang='lat' dir='ltr'><strong><em>doctrinae</em></strong></span> <span class='ocrx_word' id='word_1_196' title='bbox 1830 2505 2035 2555; x_wconf 89' lang='lat' dir='ltr'><strong><em>retrac-</em></strong></span> 
     </span>
     <span class='ocr_line' id='line_1_26' title="bbox 160 2591 2033 2666; baseline 0.003 -20"><span class='ocrx_word' id='word_1_197' title='bbox 160 2592 312 2660; x_wconf 75' lang='lat' dir='ltr'><strong><em>tatio,</em></strong></span> <span class='ocrx_word' id='word_1_198' title='bbox 355 2591 463 2645; x_wconf 91' lang='lat' dir='ltr'><strong><em>nisi</em></strong></span> <span class='ocrx_word' id='word_1_199' title='bbox 497 2592 662 2666; x_wconf 77' lang='lat' dir='ltr'><strong><em>verba</em></strong></span> <span class='ocrx_word' id='word_1_200' title='bbox 711 2593 1054 2647; x_wconf 89' lang='lat' dir='ltr'><strong><em>contrarium</em></strong></span> <span class='ocrx_word' id='word_1_201' title='bbox 1105 2595 1252 2648; x_wconf 87' lang='lat' dir='ltr'><strong><em>clare</em></strong></span> <span class='ocrx_word' id='word_1_202' title='bbox 1295 2595 1580 2651; x_wconf 91' lang='lat' dir='ltr'><strong><em>denotent.</em></strong></span> <span class='ocrx_word' id='word_1_203' title='bbox 1628 2596 1789 2650; x_wconf 85' lang='lat' dir='ltr'><strong><em>Porro</em></strong></span> <span class='ocrx_word' id='word_1_204' title='bbox 1831 2597 2033 2651; x_wconf 90' lang='lat' dir='ltr'><strong><em>nedum</em></strong></span> 
     </span>
     <span class='ocr_line' id='line_1_27' title="bbox 155 2688 2035 2763; baseline 0.004 -20"><span class='ocrx_word' id='word_1_205' title='bbox 155 2688 393 2761; x_wconf 69' lang='lat' dir='ltr'><strong><em>epistolae</em></strong></span> <span class='ocrx_word' id='word_1_206' title='bbox 433 2696 592 2744; x_wconf 90' lang='lat' dir='ltr'><strong><em>tenor</em></strong></span> <span class='ocrx_word' id='word_1_207' title='bbox 640 2690 787 2743; x_wconf 87' lang='lat' dir='ltr'><strong><em>hunc</em></strong></span> <span class='ocrx_word' id='word_1_208' title='bbox 825 2690 1239 2746; x_wconf 90' lang='lat' dir='ltr'><strong><em>retractationis</em></strong></span> <span class='ocrx_word' id='word_1_209' title='bbox 1292 2709 1519 2747; x_wconf 89' lang='lat' dir='ltr'><strong><em>sensum</em></strong></span> <span class='ocrx_word' id='word_1_210' title='bbox 1572 2693 1720 2748; x_wconf 90' lang='lat' dir='ltr'><strong><em>clare</em></strong></span> <span class='ocrx_word' id='word_1_211' title='bbox 1758 2695 2035 2763; x_wconf 89' lang='lat' dir='ltr'><strong><em>excludat,</em></strong></span> 
     </span>
     <span class='ocr_line' id='line_1_28' title="bbox 154 2788 2035 2864; baseline 0.005 -26"><span class='ocrx_word' id='word_1_212' title='bbox 154 2804 282 2839; x_wconf 68' lang='lat' dir='ltr'><strong><em>rum</em></strong></span> <span class='ocrx_word' id='word_1_213' title='bbox 328 2790 550 2840; x_wconf 90' lang='lat' dir='ltr'><strong><em>econtra</em></strong></span> <span class='ocrx_word' id='word_1_214' title='bbox 591 2793 777 2859; x_wconf 87' lang='lat' dir='ltr'><strong><em>aperte</em></strong></span> <span class='ocrx_word' id='word_1_215' title='bbox 819 2803 930 2859; x_wconf 80' lang='lat' dir='ltr'><strong><em>prae</em></strong></span> <span class='ocrx_word' id='word_1_216' title='bbox 957 2803 1014 2841; x_wconf 91' lang='lat' dir='ltr'><strong><em>se</em></strong></span> <span class='ocrx_word' id='word_1_217' title='bbox 1045 2788 1151 2842; x_wconf 89' lang='lat' dir='ltr'><strong><em>fert</em></strong></span> <span class='ocrx_word' id='word_1_218' title='bbox 1179 2794 1229 2843; x_wconf 90' lang='lat' dir='ltr'><strong><em>et</em></strong></span> <span class='ocrx_word' id='word_1_219' title='bbox 1262 2788 1546 2862; x_wconf 88' lang='lat' dir='ltr'><strong><em>exprimit,</em></strong></span> <span class='ocrx_word' id='word_1_220' title='bbox 1590 2796 1649 2844; x_wconf 91' lang='lat' dir='ltr'><strong><em>ut</em></strong></span> <span class='ocrx_word' id='word_1_221' title='bbox 1692 2808 1862 2864; x_wconf 89' lang='lat' dir='ltr'><strong><em>supra</em></strong></span> <span class='ocrx_word' id='word_1_222' title='bbox 1896 2792 2035 2847; x_wconf 84' lang='lat' dir='ltr'><strong><em>vidi-</em></strong></span> 
     </span>
     <span class='ocr_line' id='line_1_29' title="bbox 156 2882 1877 2938; baseline 0.001 -2"><span class='ocrx_word' id='word_1_223' title='bbox 156 2900 302 2938; x_wconf 82' lang='lat' dir='ltr'><strong><em>mus,</em></strong></span> <span class='ocrx_word' id='word_1_224' title='bbox 1875 2882 1877 2884; x_wconf 68' lang='grc'>’</span> 
     </span>
    </p>

    <p class='ocr_par' dir='ltr' id='par_1_4' title="bbox 155 2979 2041 3640">
     <span class='ocr_line' id='line_1_30' title="bbox 231 2979 2037 3058; baseline 0.005 -25"><span class='ocrx_word' id='word_1_225' title='bbox 231 2979 285 3033; x_wconf 79' lang='lat'><strong><em>4⁰</em></strong></span> <span class='ocrx_word' id='word_1_226' title='bbox 310 2979 422 3042; x_wconf 85' lang='lat' dir='ltr'><strong><em>Quo</em></strong></span> <span class='ocrx_word' id='word_1_227' title='bbox 452 2997 539 3035; x_wconf 90' lang='lat' dir='ltr'><strong><em>res</em></strong></span> <span class='ocrx_word' id='word_1_228' title='bbox 568 2982 747 3053; x_wconf 85' lang='lat' dir='ltr'><strong><em>magis</em></strong></span> <span class='ocrx_word' id='word_1_229' title='bbox 777 2990 982 3056; x_wconf 87' lang='lat' dir='ltr'><strong><em>pateat,</em></strong></span> <span class='ocrx_word' id='word_1_230' title='bbox 1020 2984 1406 3056; x_wconf 86' lang='lat' dir='ltr'><strong><em>expendamus</em></strong></span> <span class='ocrx_word' id='word_1_231' title='bbox 1450 2985 1586 3056; x_wconf 92' lang='lat' dir='ltr'><strong><em>quid</em></strong></span> <span class='ocrx_word' id='word_1_232' title='bbox 1613 2987 1956 3058; x_wconf 76' lang='lat' dir='ltr'><strong><em>contigisset,</em></strong></span> <span class='ocrx_word' id='word_1_233' title='bbox 1992 2988 2037 3042; x_wconf 94' lang='lat' dir='ltr'><strong><em>si</em></strong></span> 
     </span>
     <span class='ocr_line' id='line_1_31' title="bbox 156 3078 2040 3156; baseline 0.004 -25"><span class='ocrx_word' id='word_1_234' title='bbox 156 3078 397 3150; x_wconf 86' lang='lat' dir='ltr'><strong><em>epistolae</em></strong></span> <span class='ocrx_word' id='word_1_235' title='bbox 439 3097 552 3134; x_wconf 86' lang='lat' dir='ltr'><strong><em>suae</em></strong></span> <span class='ocrx_word' id='word_1_236' title='bbox 597 3081 868 3136; x_wconf 91' lang='lat' dir='ltr'><strong><em>nominati</em></strong></span> <span class='ocrx_word' id='word_1_237' title='bbox 904 3081 1297 3138; x_wconf 88' lang='lat' dir='ltr'><strong><em>adnexuissent</em></strong></span> <span class='ocrx_word' id='word_1_238' title='bbox 1336 3083 1757 3138; x_wconf 88' lang='lat' dir='ltr'><strong><em>Bossuetianam</em></strong></span> <span class='ocrx_word' id='word_1_239' title='bbox 1804 3083 2040 3156; x_wconf 88' lang='lat' dir='ltr'><strong><em>explica-</em></strong></span> 
     </span>
     <span class='ocr_line' id='line_1_32' title="bbox 157 3176 2037 3251; baseline 0.005 -22"><span class='ocrx_word' id='word_1_240' title='bbox 157 3176 363 3230; x_wconf 90' lang='lat' dir='ltr'><strong><em>tionem</em></strong></span> <span class='ocrx_word' id='word_1_241' title='bbox 390 3200 399 3241; x_wconf 89' lang='grc'>;</span> <span class='ocrx_word' id='word_1_242' title='bbox 424 3177 468 3230; x_wconf 93' lang='lat' dir='ltr'><strong><em>si</em></strong></span> <span class='ocrx_word' id='word_1_243' title='bbox 489 3195 690 3251; x_wconf 92' lang='lat' dir='ltr'><strong><em>nempe</em></strong></span> <span class='ocrx_word' id='word_1_244' title='bbox 713 3179 962 3234; x_wconf 83' lang='lat' dir='ltr'><strong><em>Pontifici</em></strong></span> <span class='ocrx_word' id='word_1_245' title='bbox 988 3179 1255 3235; x_wconf 87' lang='lat' dir='ltr'><strong><em>dixissent</em></strong></span> <span class='ocrx_word' id='word_1_246' title='bbox 1282 3201 1292 3232; x_wconf 90' lang='lat'>:</span> <span class='ocrx_word' id='word_1_247' title='bbox 1315 3180 1586 3249; x_wconf 78' lang='lat' dir='ltr'><strong><em>Dolemus,</em></strong></span> <span class='ocrx_word' id='word_1_248' title='bbox 1606 3181 1914 3236; x_wconf 71' lang='lat' dir='ltr'><strong><em>Rectissime</em></strong></span> <span class='ocrx_word' id='word_1_249' title='bbox 1935 3181 2037 3238; x_wconf 81' lang='lat' dir='ltr'><strong><em>Pa-</em></strong></span> 
     </span>
     <span class='ocr_line' id='line_1_33' title="bbox 159 3273 2038 3348; baseline 0.005 -23"><span class='ocrx_word' id='word_1_250' title='bbox 159 3281 257 3344; x_wconf 71' lang='lat' dir='ltr'><strong><em>ter,</em></strong></span> <span class='ocrx_word' id='word_1_251' title='bbox 281 3273 417 3344; x_wconf 79' lang='lat' dir='ltr'><strong><em>quod</em></strong></span> <span class='ocrx_word' id='word_1_252' title='bbox 429 3274 617 3328; x_wconf 80' lang='lat' dir='ltr'><strong><em>stolide</em></strong></span> <span class='ocrx_word' id='word_1_253' title='bbox 639 3277 1021 3331; x_wconf 72' lang='lat' dir='ltr'><strong><em>emistimaveris</em></strong></span> <span class='ocrx_word' id='word_1_254' title='bbox 1041 3277 1337 3334; x_wconf 78' lang='lat' dir='ltr'><strong><em>Gallicanos</em></strong></span> <span class='ocrx_word' id='word_1_255' title='bbox 1353 3276 1610 3348; x_wconf 72' lang='lat' dir='ltr'><strong><em>praesules</em></strong></span> <span class='ocrx_word' id='word_1_256' title='bbox 1627 3278 1847 3331; x_wconf 79' lang='lat' dir='ltr'><strong><em>voluisse</em></strong></span> <span class='ocrx_word' id='word_1_257' title='bbox 1863 3278 2038 3334; x_wconf 82' lang='lat' dir='ltr'><strong><em>decre-</em></strong></span> 
     </span>
     <span class='ocr_line' id='line_1_34' title="bbox 158 3370 2041 3443; baseline 0.004 -20"><span class='ocrx_word' id='word_1_258' title='bbox 158 3378 264 3423; x_wconf 80' lang='lat' dir='ltr'><strong><em>tum</em></strong></span> <span class='ocrx_word' id='word_1_259' title='bbox 287 3370 460 3437; x_wconf 82' lang='lat' dir='ltr'><strong><em>edere,</em></strong></span> <span class='ocrx_word' id='word_1_260' title='bbox 498 3372 699 3425; x_wconf 81' lang='lat' dir='ltr'><strong><em>animas</em></strong></span> <span class='ocrx_word' id='word_1_261' title='bbox 734 3377 1093 3443; x_wconf 72' lang='lat' dir='ltr'><strong><em>constrinqens</em></strong></span> <span class='ocrx_word' id='word_1_262' title='bbox 1124 3374 1193 3427; x_wconf 85' lang='lat' dir='ltr'><strong><em>ad</em></strong></span> <span class='ocrx_word' id='word_1_263' title='bbox 1223 3374 1537 3427; x_wconf 77' lang='lat' dir='ltr'><strong><em>credendum</em></strong></span> <span class='ocrx_word' id='word_1_264' title='bbox 1573 3373 1914 3430; x_wconf 76' lang='lat' dir='ltr'><strong><em>declarationi</em></strong></span> <span class='ocrx_word' id='word_1_265' title='bbox 1938 3394 2041 3431; x_wconf 79' lang='lat' dir='ltr'><strong><em>suae</em></strong></span> 
     </span>
     <span class='ocr_line' id='line_1_35' title="bbox 158 3467 2037 3544; baseline 0.004 -24"><span class='ocrx_word' id='word_1_266' title='bbox 158 3475 403 3537; x_wconf 79' lang='lat' dir='ltr'><strong><em>tanquam</em></strong></span> <span class='ocrx_word' id='word_1_267' title='bbox 417 3467 540 3538; x_wconf 74' lang='lat' dir='ltr'><strong><em>[idei</em></strong></span> <span class='ocrx_word' id='word_1_268' title='bbox 553 3467 789 3522; x_wconf 77' lang='lat' dir='ltr'><strong><em>articulo.</em></strong></span> <span class='ocrx_word' id='word_1_269' title='bbox 807 3468 937 3523; x_wconf 84' lang='lat' dir='ltr'><strong><em>Ite-m</em></strong></span> <span class='ocrx_word' id='word_1_270' title='bbox 957 3470 1186 3523; x_wconf 81' lang='lat' dir='ltr'><strong><em>dolemus</em></strong></span> <span class='ocrx_word' id='word_1_271' title='bbox 1201 3470 1336 3539; x_wconf 81' lang='lat' dir='ltr'><strong><em>quod</em></strong></span> <span class='ocrx_word' id='word_1_272' title='bbox 1354 3486 1418 3522; x_wconf 70' lang='lat' dir='ltr'><strong><em>eat</em></strong></span> <span class='ocrx_word' id='word_1_273' title='bbox 1433 3470 1752 3526; x_wconf 80' lang='lat' dir='ltr'><strong><em>hocerroneo</em></strong></span> <span class='ocrx_word' id='word_1_274' title='bbox 1769 3475 2037 3544; x_wconf 80' lang='lat' dir='ltr'><strong><em>supposito</em></strong></span> 
     </span>
     <span class='ocr_line' id='line_1_36' title="bbox 155 3564 2038 3640; baseline 0.004 -24"><span class='ocrx_word' id='word_1_275' title='bbox 155 3564 452 3618; x_wconf 81' lang='lat' dir='ltr'><strong><em>moestitium</em></strong></span> <span class='ocrx_word' id='word_1_276' title='bbox 465 3581 654 3635; x_wconf 77' lang='lat' dir='ltr'><strong><em>passus</em></strong></span> <span class='ocrx_word' id='word_1_277' title='bbox 671 3566 763 3618; x_wconf 71' lang='lat' dir='ltr'><strong><em>sia.</em></strong></span> <span class='ocrx_word' id='word_1_278' title='bbox 786 3565 852 3619; x_wconf 77' lang='lat' dir='ltr'><strong><em>At</em></strong></span> <span class='ocrx_word' id='word_1_279' title='bbox 878 3565 941 3618; x_wconf 84' lang='lat' dir='ltr'><strong><em>de</em></strong></span> <span class='ocrx_word' id='word_1_280' title='bbox 959 3565 1051 3619; x_wconf 85' lang='lat' dir='ltr'><strong><em>hoc</em></strong></span> <span class='ocrx_word' id='word_1_281' title='bbox 1075 3565 1241 3619; x_wconf 81' lang='lat' dir='ltr'><strong><em>solum</em></strong></span> <span class='ocrx_word' id='word_1_282' title='bbox 1261 3565 1514 3622; x_wconf 76' lang='lat' dir='ltr'><strong><em>dolemus.</em></strong></span> <span class='ocrx_word' id='word_1_283' title='bbox 1537 3565 1797 3623; x_wconf 70' lang='lat' dir='ltr'><strong><em>Caeterum</em></strong></span> <span class='ocrx_word' id='word_1_284' title='bbox 1815 3576 2038 3640; x_wconf 79' lang='lat' dir='ltr'><strong><em>quatuor</em></strong></span> 
     </span>
    </p>
   </div>
  </div>
 </body>
</html>
