2262 3990
301 122 392 168 474
965 109 1277 158 'TRACTATUS
1306 109 1374 158 DE
1401 110 1551 158 PAPA.

302 228 668 287 notissimum
694 223 843 278 foret
860 219 1270 278 vdocumentum
1291 220 1452 278 illam
1475 220 1820 296 exprimens.
1856 220 2029 280 Porro
2055 222 2233 310 docu3.

307 330 566 383 mentum
605 318 884 394 ejusmodi
927 319 1135 378 nullibi
1181 319 1423 396 reperiri
1460 326 1664 396 potest.
1710 319 1840 377 Ideo
1879 337 2038 393 sane,
2090 324 2229 407 (μὴ

301 437 599 494 nunquam
629 418 866 495 contigit
901 419 1186 495 ejusmodi
1207 438 1307 496 per
1331 420 1649 478 Romanum
1679 418 2006 477 Pontificem
2032 415 2229 499 confir}

299 516 495 573 matio.

377 617 435 673 2⁰
461 617 526 674 Et
552 635 747 676 revera
773 619 928 694 quod
951 637 1249 694 nunquam
1271 618 1593 694 contigerit,
1622 623 1867 676 testatur
1888 606 2229 699 reverendus}⁴

298 723 460 793 pater
490 705 740 792 Oliv'ieri,
768 721 1202 778 commissarius
1229 719 1415 777 Sancti
1440 719 1621 776 Officii
1647 725 1703 776 et
1730 715 2227 797 Dominicanorum}

298 815 561 891 superior
600 818 902 892 generalis,
947 819 997 876 Is
1037 837 1265 895 nempe,
1305 819 1547 895 loquens
1588 817 1658 875 de
1699 817 1920 874 decreto
1961 816 1994 873 5
2038 811 2234 885 martii&

298 914 474 990 1661,
510 917 964 995 Copernicanum
1001 926 1245 997 systema
1277 919 1709 989 condemnante,
1747 919 1829 975 sic
1864 918 2069 975 asserit
2098 939 2110 973 ε
2148 911 2229 983 Ona}

300 1017 449 1070 avait
478 1017 608 1072 omis
638 1017 704 1073 cle
729 1018 872 1090 faire
899 1036 1196 1093 approuver
1218 1018 1267 1075 le
1290 1021 1465 1076 cle'cret
1482 1037 1589 1094 par
1612 1018 1660 1075 le
1682 1018 1828 1092 Pape
1860 1017 2003 1090 (vide
2028 1032 2232 1092 supra„

296 1115 322 1186 ἓ
347 1113 403 1187 1,
440 1114 851 1174 documentum
881 1117 987 1191 VI).
1022 1118 1084 1175 Et
1111 1118 1379 1194 supponit
1407 1135 1705 1192 nunquam
1738 1116 2039 1173 accessisse
2079 1114 2232 1197 ejus-3

298 1211 456 1268 modi
482 1213 834 1272 Pontificiam
879 1214 1372 1272 confirmationem
1393 1222 1523 1272 ante
1555 1218 1625 1272 16
1656 1214 1883 1289 augusti
1915 1211 2088 1283 1820,
2117 1227 2224 1284 quo

302 1311 394 1370 die
428 1313 596 1370 Sacra
627 1314 989 1389 Congregatio
1025 1315 1442 1390 InquisitioniS‚
1485 1315 1733 1372 liberum
1765 1312 2070 1369 declaravit
2107 1327 2222 1368 mo-

302 1420 428 1470 tum
472 1421 659 1484 terrae,
710 1433 811 1472 seu
861 1415 1308 1491 Copernicanum
1356 1422 1604 1494 systema
1647 1419 1715 1472 ut
1755 1419 1977 1470 certum
2018 1428 2222 1487 propu-

297 1532 494 1588 gnare.

373 1614 429 1670 5⁰
471 1614 626 1672 Idem
670 1616 1057 1691 colligendum
1109 1617 1264 1675 venit
1310 1636 1376 1676 ex
1425 1615 1754 1674 Caramuele
1779 1613 1980 1671 Galilaei
2022 1627 2218 1669 coaevo,

295 1714 623 1789 Expendens
666 1736 862 1774 casum
907 1737 1020 1793 quo
1069 1719 1422 1776 inveniretur
1464 1717 1768 1793 aliquando
1816 1713 1991 1792 (quod
2039 1719 2222 1778 tamen

306 1814 426 1888 ipse
462 1815 818 1891 impossibile
848 1822 1030 1893 putat)
1052 1820 1307 1894 rigorosa
1336 1817 1743 1876 demonstratio
1767 1815 1836 1872 de
1857 1820 2019 1871 motu
2040 1819 2216 1881 terrae,

304 1911 385 1966 sic
418 1912 624 1969 habet:
667 1916 863 1978 «Quid
901 1917 950 1972 si
993 1919 1111 1974 liaec
1141 1918 1265 1991 ipsa
1297 1913 1724 1983 demonstrati0‚
1761 1930 1933 1987 quam
1972 1905 2220 1985 impossi-

296 2009 471 2068 bilem
508 2031 632 2072 esse
673 2015 940 2086 dicimUS,
980 2016 1116 2072 olim
1153 2016 1417 2072 daretur?
1445 2014 1825 2088 Respondcret
1865 2013 1957 2067 hic
1997 2006 2221 2082 aliquiS,

296 2105 355 2161 in
399 2107 500 2163 tali
541 2127 679 2167 casu
722 2112 1159 2170 adsentiendum
1205 2131 1327 2170 esse
1368 2109 1879 2172 demonstrationi:
1930 2107 1998 2163 At
2041 2108 2095 2160 in
2135 2101 2224 2158 illo

295 2226 420 2263 casu
456 2209 559 2265 clici
597 2229 705 2266 non
740 2230 900 2286 posse
942 2212 1239 2269 Ecclesiam
1273 2213 1570 2268 Romanam
1606 2212 1895 2274 erravisse;
1940 2205 2223 2262 non'enim

295 2301 427 2358 hanc
456 2308 871 2380 propositionem
900 2310 1226 2384 speculative
1253 2316 1519 2385 sumptam
1552 2310 1797 2384 yenerale
1827 2304 2108 2363 concilium
2137 2309 2223 2359 aut

293 2402 549 2478 Pontiseae
573 2425 640 2463 ex
664 2409 915 2466 cathedra
933 2413 1215 2484 proposuit
1241 2412 1502 2467 universae
1526 2408 1797 2467 Ecclesiae.
1813 2451 1823 2462 .
1839 2414 1875 2474 .“;
1906 2406 2001 2460 secl
2029 2403 2216 2461 Cardia-

294 2502 495 2558 nalium
521 2504 1015 2563 Eminentlssimum
1043 2509 1274 2564 tribunal
1304 2527 1332 2561 »
1364 2505 1508 2582 (vide
1538 2523 1735 2581 supra,
1770 2506 1796 2578 ἓ
1834 2503 1890 2572 1,
1923 2501 2218 2558 documen-

296 2608 422 2657 tum
446 2603 582 2678 VII).
631 2605 712 2662 Ibi
760 2612 1037 2681 tanquam
1070 2614 1294 2666 certum
1337 2607 1608 2684 supponit
1650 2603 1943 2663 Caramuel
1983 2621 2096 2660 non
2131 2613 2216 2658 ac-

296 2700 536 2758 cessisse
560 2702 798 2761 Romani
823 2706 1106 2764 Pontificis
1135 2706 1651 2778 confirmationem,
1685 2721 1796 2778 qua
1834 2721 2008 2761 suum
2038 2697 2220 2758 fecerit

296 2800 682 2875 Cardinalium
722 2803 1034 2861 decretum.

379 2902 596 2976 Objicies
614 2904 837 2961 ‘1⁰.-In
857 2905 1139 2963 sententia
1155 2912 1350 2963 contra
1370 2905 1663 2962 Galilaeum
1683 2903 2071 2981 pronuntiata,
2097 2917 2217 2975 sup-

299 3003 535 3079 ponitur
560 3004 630 3060 ab
680 3004 926 3081 ipsomet
966 3007 1110 3082 Papa
1135 3005 1571 3063 condemnatam
1598 3004 1777 3062 fuisse
1803 3002 2122 3060 doctrinam
2153 2996 2217 3054 de

301 3109 463 3161 motu
479 3109 665 3162 terrae.
693 3104 774 3162 lbi
801 3104 954 3163 enim
980 3106 1048 3163 de
1079 3105 1320 3181 quadam
1347 3104 1748 3163 testificatione
1770 3122 1942 3180 quam
1961 3101 2216 3159 Galilaeus

297 3220 329 3258 a
364 3202 646 3260 Cardinali
690 3204 1034 3262 Bellarmino
1071 3204 1472 3281 impetraverat
1516 3203 1597 3277 sic
1624 3203 1867 3260 hahetur
1899 3224 1909 3256 ε
1946 3223 1974 3255 «
2013 3202 2076 3257 In
2109 3210 2214 3273 qua

294 3301 691 3360 testificatione
720 3302 949 3377 dicitur,
976 3309 1032 3362 te
1062 3322 1178 3361 non
1199 3304 1491 3378 abjurasse
1513 3319 1697 3379 neque
1724 3302 1992 3379 punitum
2018 3298 2209 3363 fuisse3

298 3398 396 3454 sed
418 3402 814 3459 tantummodo
830 3401 1230 3459 denuntiatam
1254 3401 1360 3458 tihi
1378 3402 1555 3479 fuisse
1585 3401 1996 3457 declarationem
2019 3399 2233 3483 factam

295 3511 328 3547 a
350 3495 579 3556 Domino
602 3509 810 3574 nostro,
836 3506 890 3559 et
921 3501 1340 3578 promulgatam
1364 3519 1395 3558 a
1424 3501 1589 3559 Sacra
1613 3499 2050 3575 Congregatione
2070 3491 2210 3552 Indi·

301 3587 406 3661 Cis,
443 3592 503 3648 in
533 3613 646 3668 qua
668 3598 992 3658 continetur
1011 3599 1330 3658 doctrinam
1366 3599 1436 3659 de
1457 3605 1616 3658 motu
1641 3602 1807 3655 terrae
1826 3604 1880 3654 et
1913 3594 2213 3652 stabilitate
