2306 4010
300 162 388 208 564
749 203 755 206 ,
972 152 1271 201 TRACTATUS
1303 152 1369 200 DE
1398 153 1542 201 ΡΔΡΑ.

300 273 470 341 atque
494 266 649 321 illam
674 259 1114 336 expunctionem
1144 277 1480 336 procurasse
1502 260 1811 336 ipsummet
1837 263 2210 340 Theodorum,
2240 283 2253 295 ·

302 365 400 439 qui
435 367 649 437 postea,
684 363 911 416 mortuo
943 358 1199 434 Georgio,
1231 358 1360 417 Sedi
1393 359 2023 436 Constantinopolitanae
2055 363 2242 434 restis

300 466 456 518 tutus
496 465 599 516 est.
628 458 694 515 At
725 476 857 516 vero
899 477 1013 516 non
1049 464 1274 516 tantum
1306 466 1653 536 expunctum
1685 459 1958 518 Theodori
1991 479 2216 538 nomen,

303 559 399 616 sed
426 557 476 615 ei
507 557 883 616 substitutum
904 576 1111 615 nomen
1130 559 1381 633 Honorii,
1411 559 1492 617 sic
1517 560 1718 636 probat
1732 558 2022 617 BaroniuS.
2052 560 2107 618 Si
2131 580 2220 620 ex-

300 664 577 735 punctum
605 658 898 716 dumtaxat
917 658 1120 715 fuisset
1138 657 1412 716 Theodori
1431 676 1659 732 nomen,
1683 659 2048 717 remansisset
2072 660 2224 721 locus
2291 705 2304 729 -‚

301 776 535 830 vacuus,
566 758 626 814 in
655 776 719 815 ea
751 758 947 834 phrasi
974 776 1099 832 quae
1143 758 1546 816 damnatorum
1574 759 1805 816 nomina
1831 758 2099 827 continet;
2141 762 2223 821 vel
2244 795 2274 837 4
2300 811 2306 833 ,,

304 858 505 916 saltem
548 858 605 914 id
642 863 901 915 notatum
930 859 1151 917 fuisset.
1196 860 1366 916 Porro
1404 858 1628 916 nullum
1667 858 2011 935 deprehendi
2043 860 2261 934 potuit?
2301 842 2306 859 ¹

307 957 364 1013 in
402 958 684 1016 veteribus
721 958 1138 1034 exemplaribus
1162 959 1270 1016 loci
1302 958 1553 1016 vacantis
1587 958 1913 1033 vestigium,
1945 964 1999 1016 et
2025 925 2306 1172 nullibiz¹

307 1058 521 1116 mentio
552 1058 611 1115 fit
649 1058 718 1115 de
763 1059 885 1116 lo'co
926 1077 1101 1115 vacuo
1147 1077 1211 1115 cx
1258 1059 1502 1134 alicujus
1547 1058 1795 1116 nominis
1828 1059 2248 1135 expunctione.ss
2282 1067 2306 1144 ᾖ

307 1159 448 1233 Ergo
484 1177 597 1216 non
623 1165 847 1216 tantum
872 1178 1102 1216 erasum
1142 1165 1222 1216 est
1248 1159 1544 1217 Theodorii
1572 1177 1802 1230 nomen,
1825 1158 1922 1216 sed
1955 1159 2077 1234 ejus
2109 1159 2226 1218 loco
2248 1174 2300 1241 3

310 1258 465 1316 aliud
487 1259 895 1336 substitutum.
926 1259 1043 1325 Quo
1080 1260 1256 1316 semel
1283 1260 1557 1331 admissO,
1593 1278 1710 1316 non
1740 1258 1897 1316 aliud
1930 1276 2101 1333 quam
2130 1259 2267 1340 Ho·g

310 1355 456 1411 norii
479 1373 686 1412 nomen
715 1357 1087 1414 substitutum
1116 1357 1279 1414 facile
1306 1357 1685 1415 concluditur.
1715 1357 2017 1414 Retentum
2045 1351 2269 1435 autem}

310 1460 393 1512 cst
445 1455 673 1512 Honorii
725 1475 931 1514 nomen
979 1457 1038 1513 in
1090 1457 1229 1515 actis
1289 1457 1541 1532 septimae
1590 1475 1653 1512 ac
1704 1463 1909 1514 octavae
1960 1441 2267 1537 generalis}

312 1555 531 1632 synodi.

388 1655 642 1729 Objicz'tar
688 1662 762 1712 1⁰.
798 1690 867 1698 -
895 1656 1120 1715 Constat
1161 1657 1379 1714 actione
1419 1677 1537 1712 xv111
1577 1662 1743 1713 sextae
1784 1655 2004 1732 synodi,
2047 1653 2246 1713 exem-'

312 1754 489 1829 plaria
530 1756 857 1813 authentica
890 1757 1144 1832 ejusdem
1173 1756 1372 1833 synodi
1415 1763 1669 1814 actorum
1709 1755 1964 1830 quinque
1994 1754 2230 1812 Patriar-
2278 1774 2287 1797 ’ν

310 1856 431 1911 chis
469 1856 677 1913 tradita
719 1857 917 1915 fuisse.
952 1858 1193 1915 Proinde
1231 1876 1405 1934 penes
1449 1857 1801 1914 Theodorum
1839 1874 1954 1913 non
1991 1855 2095 1912 suit
2137 1874 2257 1918 no-;

309 1973 441 2012 men
474 1974 642 2012 suum
685 1975 751 2012 ex
794 1957 920 2014 istis
952 1958 1370 2032 exemplaribus
1404 1975 1747 2031 expungere,
1787 1974 1849 2013 ac
1889 1973 2097 2012 nomen
2133 1955 2230 2011 Ho-

309 2056 453 2112 norii
507 2057 872 2116 substituere.
918 2059 1102 2115 Potuit
1151 2060 1220 2116 ad
1277 2077 1569 2115 summum
1626 2058 1682 2113 id
1736 2075 2002 2133 peragere
2051 2055 2231 2131 quoad

308 2156 599 2230 exemplar
638 2156 901 2212 relictum
936 2157 993 2218 in
1026 2157 1251 2213 archivo
1287 2156 1704 2214 Patriarchatus
1731 2152 2235 2228 Constantinopoli·
2264 2206 2278 2227 ,ἦ

308 2255 447 2311 tani.
496 2255 603 2311 Sed
631 2256 690 2311 in
719 2263 966 2330 quatuor
1006 2255 1131 2311 aliis
1173 2254 1592 2331 exemplaribus
1623 2253 1991 2311 remansisset
2034 2269 2232 2309 nomen

306 2352 603 2427 Theodori,
636 2371 747 2409 non
780 2353 1031 2410 lIonorii.

381 2453 720 2528 Respondent
776 2435 1125 2511 Baroniani:
1179 2454 1299 2510 Non
1348 2453 1556 2528 agitur,
1602 2453 1662 2509 in
1706 2452 1927 2510 actione
1975 2470 2111 2518 xvm,
2165 2450 2229 2506 dc

305 2554 726 2630 exemplaribus
764 2562 1022 2624 actorum,
1064 2554 1161 2611 scd
1196 2553 1264 2610 de
1303 2553 1720 2629 exemplaribus
1759 2554 2100 2626 definitionis,
2147 2542 2267 2627 Sic)
2302 2578 2306 2583 ⁴

306 2668 512 2726 nempe
538 2654 702 2711 habet
736 2660 923 2711 textus
955 2676 964 2708 :
1006 2654 1070 2712 Ut
1107 2655 1382 2727 eoeemplar
1410 2653 1732 2726 definit-ionis
1767 2653 1981 2709 relectae
2011 2652 2228 2708 edantur

309 2754 532 2824 quinque
565 2754 1019 2825 patriarchalibus
1054 2755 1284 2810 sedibuS.
1325 2753 1387 2809 Et
1426 2751 1750 2827 subjicitur,
1792 2752 1861 2808 ab
1895 2752 2227 2828 imperatore

306 2852 516 2909 tradita
570 2853 752 2910 fuisse
802 2853 1055 2927 quinque
1108 2853 1583 2930 patriarchalibus
1629 2853 1857 2910 sedibus
1911 2852 2222 2926 definitionis

311 2953 663 3025 earemplare'a.
694 2953 819 3027 Ipsa
834 2971 963 3009 vero
984 2959 1105 3010 acta
1133 2952 1331 3028 synodi
1350 2958 1517 3009 sextae
1543 2958 1944 3009 remanserunt
1963 2951 2221 3009 Constan-

306 3051 569 3127 tinopoli,
615 3056 783 3126 atque
826 3052 906 3108 ibi
950 3051 1137 3109 adhuc
1181 3058 1340 3108 erant
1386 3058 1656 3126 regnante
1697 3051 2016 3109 Justiniano
2059 3050 2125 3122 ΙΙ,
2164 3053 2220 3105 ut

307 3157 528 3209 constat
554 3169 620 3208 ex
644 3153 767 3227 ejus
796 3152 865 3208 ad
896 3153 1170 3209 Joannem
1200 3152 1405 3228 Papam
1439 3152 1694 3228 epistola.

386 3251 640 3326 objicitur
683 3251 760 3309 2⁰.
789 3287 860 3295 -——
883 3253 1146 3309 Testatur
1172 3252 1571 3310 Constantinus
1598 3252 1906 3327 imperator
1927 3251 1985 3307 in
2012 3248 2131 3306 suis
2159 3243 2221 3302 ad

307 3353 655 3425 Agathonem
691 3351 923 3424 litteris,
961 3361 1079 3409 acta
1113 3371 1226 3409 esse
1261 3355 1425 3409 missa
1453 3352 1524 3408 ad
1561 3351 1825 3408 eumdem
1858 3349 2220 3424 Agathonem.
2262 3415 2265 3418 Ι

386 3451 722 3524 Respondent
746 3451 1047 3508 Baroniani
1073 3475 1083 3508 ε
1115 3452 1262 3508 Hanc
1288 3451 1584 3527 epistolam
1613 3449 1864 3527 spuriam
1891 3464 2014 3533 esse

389 3549 641 3622 objicitur
679 3553 848 3610 5⁰.—
865 3554 1026 3612 Teste
1051 3553 1345 3611 Anastasio
1366 3551 1820 3620 Bibliothecario‚
1851 3546 2045 3624 synodi
2065 3546 2222 3602 sextae

316 3654 434 3701 acta
466 3652 708 3718 probavit
734 3653 837 3709 Leo
863 3654 925 3708 ll.
2219 3663 2222 3668 ¹
