<?xml version="1.0" encoding="UTF-8"?>
<!DOCTYPE html PUBLIC "-//W3C//DTD XHTML 1.0 Transitional//EN"
    "http://www.w3.org/TR/xhtml1/DTD/xhtml1-transitional.dtd">
<html xmlns="http://www.w3.org/1999/xhtml" xml:lang="en" lang="en">
 <head>
  <title>
</title>
<meta http-equiv="Content-Type" content="text/html;charset=utf-8" />
  <meta name='ocr-system' content='tesseract 3.04.00' />
  <meta name='ocr-capabilities' content='ocr_page ocr_carea ocr_par ocr_line ocrx_word'/>
</head>
<body>
  <div class='ocr_page' id='page_1' title='image "a548470102bouiuoft_0135.png"; bbox 0 0 2306 4010; ppageno 0'>
   <div class='ocr_carea' id='block_1_1' title="bbox 0 0 100 4010">
    <p class='ocr_par' dir='ltr' id='par_1_1' title="bbox 0 0 100 4010">
     <span class='ocr_line' id='line_1_1' title="bbox 0 0 100 4010; baseline 0 0"><span class='ocrx_word' id='word_1_1' title='bbox 0 0 100 4010; x_wconf 95' lang='lat' dir='ltr'><strong> </strong></span> 
     </span>
    </p>
   </div>
   <div class='ocr_carea' id='block_1_2' title="bbox 897 181 2032 234">
    <p class='ocr_par' dir='ltr' id='par_1_2' title="bbox 897 181 2032 234">
     <span class='ocr_line' id='line_1_2' title="bbox 897 181 2032 234; baseline -0.007 1"><span class='ocrx_word' id='word_1_2' title='bbox 897 187 1021 234; x_wconf 74' lang='lat' dir='ltr'><strong>PARS</strong></span> <span class='ocrx_word' id='word_1_3' title='bbox 1051 185 1288 233; x_wconf 77' lang='lat' dir='ltr'>SECUNDA.</span> <span class='ocrx_word' id='word_1_4' title='bbox 1811 210 1814 213; x_wconf 59' lang='lat'><strong>&lt;</strong></span> <span class='ocrx_word' id='word_1_5' title='bbox 1945 181 2032 227; x_wconf 77' lang='lat'><strong>127</strong></span> 
     </span>
    </p>
   </div>
   <div class='ocr_carea' id='block_1_3' title="bbox 158 422 2040 549">
    <p class='ocr_par' dir='ltr' id='par_1_3' title="bbox 158 422 2040 549">
     <span class='ocr_line' id='line_1_3' title="bbox 158 422 2040 483; baseline -0.003 -12"><span class='ocrx_word' id='word_1_6' title='bbox 158 430 183 483; x_wconf 69' lang='grc' dir='ltr'><strong>ἓ</strong></span> <span class='ocrx_word' id='word_1_7' title='bbox 209 429 247 471; x_wconf 84' lang='grc'><strong>5.</strong></span> <span class='ocrx_word' id='word_1_8' title='bbox 275 452 327 459; x_wconf 91' lang='grc'>-</span> <span class='ocrx_word' id='word_1_9' title='bbox 350 429 645 470; x_wconf 82' lang='lat' dir='ltr'><strong>Condemnatio</strong></span> <span class='ocrx_word' id='word_1_10' title='bbox 662 434 841 482; x_wconf 88' lang='lat' dir='ltr'><strong>quatuor</strong></span> <span class='ocrx_word' id='word_1_11' title='bbox 871 422 1149 471; x_wconf 72' lang='lat' dir='ltr'><strong>articulorum</strong></span> <span class='ocrx_word' id='word_1_12' title='bbox 1178 428 1423 471; x_wconf 85' lang='lat' dir='ltr'><strong>Gallicorum</strong></span> <span class='ocrx_word' id='word_1_13' title='bbox 1451 426 1549 469; x_wconf 88' lang='lat' dir='ltr'><strong>anni</strong></span> <span class='ocrx_word' id='word_1_14' title='bbox 1581 425 1699 476; x_wconf 75' lang='lat'><strong>1682,</strong></span> <span class='ocrx_word' id='word_1_15' title='bbox 1737 439 1760 468; x_wconf 91' lang='lat' dir='ltr'><strong>a</strong></span> <span class='ocrx_word' id='word_1_16' title='bbox 1795 425 1976 467; x_wconf 87' lang='lat' dir='ltr'><strong>Primate</strong></span> <span class='ocrx_word' id='word_1_17' title='bbox 1998 428 2040 466; x_wconf 84' lang='lat' dir='ltr'><strong>et</strong></span> 
     </span>
     <span class='ocr_line' id='line_1_4' title="bbox 517 493 1677 549; baseline -0.003 -12"><span class='ocrx_word' id='word_1_18' title='bbox 517 497 611 538; x_wconf 89' lang='lat' dir='ltr'><strong>aliis</strong></span> <span class='ocrx_word' id='word_1_19' title='bbox 635 497 843 549; x_wconf 80' lang='lat' dir='ltr'><strong>Episcopis</strong></span> <span class='ocrx_word' id='word_1_20' title='bbox 871 497 1095 549; x_wconf 80' lang='lat' dir='ltr'><strong>Hungariae</strong></span> <span class='ocrx_word' id='word_1_21' title='bbox 1114 496 1401 549; x_wconf 81' lang='lat' dir='ltr'><strong>pronuntiata,</strong></span> <span class='ocrx_word' id='word_1_22' title='bbox 1422 506 1532 536; x_wconf 86' lang='lat' dir='ltr'><strong>anno</strong></span> <span class='ocrx_word' id='word_1_23' title='bbox 1558 493 1677 534; x_wconf 81' lang='lat'><strong>1686.</strong></span> 
     </span>
    </p>
   </div>
   <div class='ocr_carea' id='block_1_4' title="bbox 155 653 2073 3628">
    <p class='ocr_par' dir='ltr' id='par_1_4' title="bbox 155 653 2040 3239">
     <span class='ocr_line' id='line_1_5' title="bbox 236 653 2035 728; baseline 0.002 -21"><span class='ocrx_word' id='word_1_24' title='bbox 236 657 413 720; x_wconf 83' lang='lat' dir='ltr'><strong>«Quae</strong></span> <span class='ocrx_word' id='word_1_25' title='bbox 446 655 672 727; x_wconf 87' lang='lat' dir='ltr'><strong>quidem</strong></span> <span class='ocrx_word' id='word_1_26' title='bbox 703 654 1108 728; x_wconf 87' lang='lat' dir='ltr'>propositiones</span> <span class='ocrx_word' id='word_1_27' title='bbox 1136 654 1370 710; x_wconf 85' lang='lat' dir='ltr'><strong>auribus</strong></span> <span class='ocrx_word' id='word_1_28' title='bbox 1396 653 1717 711; x_wconf 88' lang='lat' dir='ltr'><strong>christianis</strong></span> <span class='ocrx_word' id='word_1_29' title='bbox 1757 654 2035 723; x_wconf 86' lang='lat' dir='ltr'><strong>absurdae,</strong></span> 
     </span>
     <span class='ocr_line' id='line_1_6' title="bbox 157 749 2036 827; baseline -0.001 -19"><span class='ocrx_word' id='word_1_30' title='bbox 157 760 210 808; x_wconf 91' lang='lat' dir='ltr'><strong>et</strong></span> <span class='ocrx_word' id='word_1_31' title='bbox 239 753 400 824; x_wconf 90' lang='lat' dir='ltr'><strong>plane</strong></span> <span class='ocrx_word' id='word_1_32' title='bbox 432 750 803 827; x_wconf 86' lang='lat' dir='ltr'><strong>detestabiles,</strong></span> <span class='ocrx_word' id='word_1_33' title='bbox 831 767 960 804; x_wconf 91' lang='lat' dir='ltr'><strong>cum</strong></span> <span class='ocrx_word' id='word_1_34' title='bbox 986 766 1086 822; x_wconf 88' lang='lat' dir='ltr'><strong>per</strong></span> <span class='ocrx_word' id='word_1_35' title='bbox 1123 749 1422 821; x_wconf 86' lang='lat' dir='ltr'><strong>IIungarici</strong></span> <span class='ocrx_word' id='word_1_36' title='bbox 1463 769 1688 822; x_wconf 88' lang='lat' dir='ltr'><strong>quoque</strong></span> <span class='ocrx_word' id='word_1_37' title='bbox 1725 751 1886 824; x_wconf 81' lang='lat' dir='ltr'><strong>regni</strong></span> <span class='ocrx_word' id='word_1_38' title='bbox 1910 769 2036 825; x_wconf 90' lang='lat' dir='ltr'><strong>pro-</strong></span> 
     </span>
     <span class='ocr_line' id='line_1_7' title="bbox 158 844 2040 916; baseline 0 -13"><span class='ocrx_word' id='word_1_39' title='bbox 158 848 363 904; x_wconf 86' lang='lat' dir='ltr'><strong>vincias</strong></span> <span class='ocrx_word' id='word_1_40' title='bbox 401 866 431 903; x_wconf 89' lang='lat' dir='ltr'><strong>a</strong></span> <span class='ocrx_word' id='word_1_41' title='bbox 458 847 672 902; x_wconf 74' lang='lat' dir='ltr'><strong>Satanae</strong></span> <span class='ocrx_word' id='word_1_42' title='bbox 696 844 971 900; x_wconf 84' lang='lat' dir='ltr'><strong>ministris</strong></span> <span class='ocrx_word' id='word_1_43' title='bbox 994 844 1375 900; x_wconf 81' lang='lat' dir='ltr'><strong>disseminatae</strong></span> <span class='ocrx_word' id='word_1_44' title='bbox 1405 844 1539 916; x_wconf 89' lang='lat' dir='ltr'><strong>sint,</strong></span> <span class='ocrx_word' id='word_1_45' title='bbox 1565 863 1628 901; x_wconf 89' lang='lat' dir='ltr'><strong>eo</strong></span> <span class='ocrx_word' id='word_1_46' title='bbox 1655 847 1890 903; x_wconf 83' lang='lat' dir='ltr'><strong>fortasse</strong></span> <span class='ocrx_word' id='word_1_47' title='bbox 1915 865 2040 903; x_wconf 91' lang='lat' dir='ltr'><strong>con·</strong></span> 
     </span>
     <span class='ocr_line' id='line_1_8' title="bbox 159 938 2040 1015; baseline 0 -17"><span class='ocrx_word' id='word_1_48' title='bbox 159 942 282 998; x_wconf 93' lang='lat' dir='ltr'><strong>silio</strong></span> <span class='ocrx_word' id='word_1_49' title='bbox 316 948 379 997; x_wconf 92' lang='lat' dir='ltr'><strong>ut</strong></span> <span class='ocrx_word' id='word_1_50' title='bbox 407 940 772 1015; x_wconf 83' lang='lat' dir='ltr'><strong>perduellioni</strong></span> <span class='ocrx_word' id='word_1_51' title='bbox 817 945 869 995; x_wconf 89' lang='lat' dir='ltr'><strong>et</strong></span> <span class='ocrx_word' id='word_1_52' title='bbox 910 940 1123 995; x_wconf 87' lang='lat' dir='ltr'><strong>caeteris</strong></span> <span class='ocrx_word' id='word_1_53' title='bbox 1154 938 1319 994; x_wconf 91' lang='lat' dir='ltr'><strong>malis</strong></span> <span class='ocrx_word' id='word_1_54' title='bbox 1367 938 1648 994; x_wconf 81' lang='lat' dir='ltr'><strong>intestinis</strong></span> <span class='ocrx_word' id='word_1_55' title='bbox 1683 941 1955 1012; x_wconf 92' lang='lat' dir='ltr'><strong>pabulum</strong></span> <span class='ocrx_word' id='word_1_56' title='bbox 1985 949 2040 998; x_wconf 89' lang='lat' dir='ltr'><strong>et</strong></span> 
     </span>
     <span class='ocr_line' id='line_1_9' title="bbox 161 1034 2037 1112; baseline -0.002 -17"><span class='ocrx_word' id='word_1_57' title='bbox 161 1041 466 1096; x_wconf 87' lang='lat' dir='ltr'><strong>fomentum</strong></span> <span class='ocrx_word' id='word_1_58' title='bbox 491 1037 870 1112; x_wconf 87' lang='lat' dir='ltr'><strong>suppeditent,</strong></span> <span class='ocrx_word' id='word_1_59' title='bbox 906 1042 959 1092; x_wconf 89' lang='lat' dir='ltr'><strong>et</strong></span> <span class='ocrx_word' id='word_1_60' title='bbox 999 1035 1241 1091; x_wconf 91' lang='lat' dir='ltr'><strong>incautis</strong></span> <span class='ocrx_word' id='word_1_61' title='bbox 1275 1034 1527 1089; x_wconf 89' lang='lat' dir='ltr'><strong>fidelium</strong></span> <span class='ocrx_word' id='word_1_62' title='bbox 1580 1034 1786 1091; x_wconf 91' lang='lat' dir='ltr'><strong>animis</strong></span> <span class='ocrx_word' id='word_1_63' title='bbox 1836 1037 2037 1092; x_wconf 91' lang='lat' dir='ltr'><strong>blanda</strong></span> 
     </span>
     <span class='ocr_line' id='line_1_10' title="bbox 160 1129 2036 1208; baseline -0.003 -19"><span class='ocrx_word' id='word_1_64' title='bbox 160 1134 377 1208; x_wconf 89' lang='lat' dir='ltr'><strong>pietatis</strong></span> <span class='ocrx_word' id='word_1_65' title='bbox 404 1133 584 1207; x_wconf 87' lang='lat' dir='ltr'><strong>specie</strong></span> <span class='ocrx_word' id='word_1_66' title='bbox 615 1131 1032 1188; x_wconf 88' lang='lat' dir='ltr'><strong>schismaticum</strong></span> <span class='ocrx_word' id='word_1_67' title='bbox 1063 1131 1217 1186; x_wconf 87' lang='lat' dir='ltr'><strong>virus</strong></span> <span class='ocrx_word' id='word_1_68' title='bbox 1249 1130 1523 1186; x_wconf 87' lang='lat' dir='ltr'><strong>instillent</strong></span> <span class='ocrx_word' id='word_1_69' title='bbox 1555 1150 1565 1182; x_wconf 90' lang='lat'>:</span> <span class='ocrx_word' id='word_1_70' title='bbox 1595 1129 1723 1196; x_wconf 88' lang='lat' dir='ltr'><strong>Nos,</strong></span> <span class='ocrx_word' id='word_1_71' title='bbox 1749 1130 1957 1185; x_wconf 91' lang='lat' dir='ltr'><strong>omissa</strong></span> <span class='ocrx_word' id='word_1_72' title='bbox 1977 1130 2036 1183; x_wconf 94' lang='lat' dir='ltr'><strong>in</strong></span> 
     </span>
     <span class='ocr_line' id='line_1_11' title="bbox 162 1227 2038 1305; baseline -0.002 -20"><span class='ocrx_word' id='word_1_73' title='bbox 162 1249 400 1305; x_wconf 81' lang='lat' dir='ltr'><strong>praesens</strong></span> <span class='ocrx_word' id='word_1_74' title='bbox 425 1248 559 1286; x_wconf 89' lang='lat' dir='ltr'><strong>cura</strong></span> <span class='ocrx_word' id='word_1_75' title='bbox 591 1248 682 1285; x_wconf 89' lang='lat' dir='ltr'><strong>eas</strong></span> <span class='ocrx_word' id='word_1_76' title='bbox 729 1227 1081 1298; x_wconf 86' lang='lat' dir='ltr'><strong>confutandi,</strong></span> <span class='ocrx_word' id='word_1_77' title='bbox 1109 1245 1238 1284; x_wconf 88' lang='lat' dir='ltr'><strong>cum</strong></span> <span class='ocrx_word' id='word_1_78' title='bbox 1272 1231 1539 1300; x_wconf 83' lang='lat' dir='ltr'><strong>perpetua</strong></span> <span class='ocrx_word' id='word_1_79' title='bbox 1575 1232 1899 1282; x_wconf 88' lang='lat' dir='ltr'><strong>sanctorum</strong></span> <span class='ocrx_word' id='word_1_80' title='bbox 1937 1227 2038 1282; x_wconf 92' lang='lat' dir='ltr'><strong>Pa-</strong></span> 
     </span>
     <span class='ocr_line' id='line_1_12' title="bbox 161 1325 2037 1397; baseline -0.002 -13"><span class='ocrx_word' id='word_1_81' title='bbox 161 1335 308 1384; x_wconf 90' lang='lat' dir='ltr'><strong>trum</strong></span> <span class='ocrx_word' id='word_1_82' title='bbox 368 1329 687 1397; x_wconf 83' lang='lat' dir='ltr'><strong>traditione,</strong></span> <span class='ocrx_word' id='word_1_83' title='bbox 735 1330 1207 1383; x_wconf 88' lang='lat' dir='ltr'><strong>oecumenicorum</strong></span> <span class='ocrx_word' id='word_1_84' title='bbox 1257 1325 1622 1381; x_wconf 92' lang='lat' dir='ltr'><strong>conciliorum</strong></span> <span class='ocrx_word' id='word_1_85' title='bbox 1670 1327 1930 1395; x_wconf 80' lang='lat' dir='ltr'><strong>decretiS,</strong></span> <span class='ocrx_word' id='word_1_86' title='bbox 1984 1331 2037 1382; x_wconf 91' lang='lat' dir='ltr'><strong>et</strong></span> 
     </span>
     <span class='ocr_line' id='line_1_13' title="bbox 165 1424 2039 1501; baseline -0.002 -18"><span class='ocrx_word' id='word_1_87' title='bbox 165 1428 362 1500; x_wconf 87' lang='lat' dir='ltr'><strong>apertis</strong></span> <span class='ocrx_word' id='word_1_88' title='bbox 388 1427 564 1501; x_wconf 90' lang='lat' dir='ltr'><strong>ipsius</strong></span> <span class='ocrx_word' id='word_1_89' title='bbox 591 1426 759 1480; x_wconf 90' lang='lat' dir='ltr'><strong>divini</strong></span> <span class='ocrx_word' id='word_1_90' title='bbox 793 1427 942 1482; x_wconf 87' lang='lat' dir='ltr'><strong>verbi</strong></span> <span class='ocrx_word' id='word_1_91' title='bbox 984 1424 1322 1480; x_wconf 87' lang='lat' dir='ltr'><strong>testimoniis</strong></span> <span class='ocrx_word' id='word_1_92' title='bbox 1353 1424 1487 1478; x_wconf 90' lang='lat' dir='ltr'><strong>satis</strong></span> <span class='ocrx_word' id='word_1_93' title='bbox 1529 1425 1765 1497; x_wconf 84' lang='lat' dir='ltr'><strong>explosae</strong></span> <span class='ocrx_word' id='word_1_94' title='bbox 1788 1425 2039 1480; x_wconf 88' lang='lat' dir='ltr'><strong>confuta-</strong></span> 
     </span>
     <span class='ocr_line' id='line_1_14' title="bbox 164 1521 2034 1596; baseline 0 -19"><span class='ocrx_word' id='word_1_95' title='bbox 164 1527 335 1595; x_wconf 88' lang='lat' dir='ltr'><strong>taeque</strong></span> <span class='ocrx_word' id='word_1_96' title='bbox 362 1525 492 1591; x_wconf 91' lang='lat' dir='ltr'><strong>sint,</strong></span> <span class='ocrx_word' id='word_1_97' title='bbox 514 1523 763 1595; x_wconf 87' lang='lat' dir='ltr'><strong>quamvis</strong></span> <span class='ocrx_word' id='word_1_98' title='bbox 793 1523 1059 1577; x_wconf 90' lang='lat' dir='ltr'><strong>nonnulla</strong></span> <span class='ocrx_word' id='word_1_99' title='bbox 1091 1521 1380 1594; x_wconf 86' lang='lat' dir='ltr'><strong>scripturae</strong></span> <span class='ocrx_word' id='word_1_100' title='bbox 1408 1522 1527 1576; x_wconf 89' lang='lat' dir='ltr'><strong>loca</strong></span> <span class='ocrx_word' id='word_1_101' title='bbox 1552 1529 1808 1578; x_wconf 79' lang='lat' dir='ltr'><strong>auctores</strong></span> <span class='ocrx_word' id='word_1_102' title='bbox 1835 1540 2034 1596; x_wconf 76' lang='lat' dir='ltr'><strong>propo-</strong></span> 
     </span>
     <span class='ocr_line' id='line_1_15' title="bbox 164 1617 2038 1691; baseline -0.001 -18"><span class='ocrx_word' id='word_1_103' title='bbox 164 1619 425 1676; x_wconf 91' lang='lat' dir='ltr'><strong>sitionum</strong></span> <span class='ocrx_word' id='word_1_104' title='bbox 463 1621 519 1674; x_wconf 94' lang='lat' dir='ltr'><strong>in</strong></span> <span class='ocrx_word' id='word_1_105' title='bbox 546 1638 703 1674; x_wconf 88' lang='lat' dir='ltr'><strong>suam</strong></span> <span class='ocrx_word' id='word_1_106' title='bbox 734 1618 1064 1684; x_wconf 83' lang='lat' dir='ltr'><strong>sententiam</strong></span> <span class='ocrx_word' id='word_1_107' title='bbox 1097 1617 1294 1673; x_wconf 87' lang='lat' dir='ltr'><strong>callida</strong></span> <span class='ocrx_word' id='word_1_108' title='bbox 1331 1623 1383 1672; x_wconf 91' lang='lat' dir='ltr'><strong>et</strong></span> <span class='ocrx_word' id='word_1_109' title='bbox 1408 1618 1548 1673; x_wconf 88' lang='lat' dir='ltr'><strong>falsa</strong></span> <span class='ocrx_word' id='word_1_110' title='bbox 1580 1618 2038 1691; x_wconf 78' lang='lat' dir='ltr'><strong>interpretatione</strong></span> 
     </span>
     <span class='ocr_line' id='line_1_16' title="bbox 164 1715 2036 1790; baseline -0.001 -20"><span class='ocrx_word' id='word_1_111' title='bbox 164 1716 556 1790; x_wconf 81' lang='lat' dir='ltr'><strong>detorqueant3</strong></span> <span class='ocrx_word' id='word_1_112' title='bbox 597 1735 774 1788; x_wconf 88' lang='lat' dir='ltr'><strong>neque</strong></span> <span class='ocrx_word' id='word_1_113' title='bbox 820 1715 999 1771; x_wconf 90' lang='lat' dir='ltr'><strong>desint</strong></span> <span class='ocrx_word' id='word_1_114' title='bbox 1031 1715 1276 1785; x_wconf 85' lang='lat' dir='ltr'><strong>insignes</strong></span> <span class='ocrx_word' id='word_1_115' title='bbox 1324 1715 1563 1786; x_wconf 79' lang='lat' dir='ltr'><strong>theologi</strong></span> <span class='ocrx_word' id='word_1_116' title='bbox 1597 1715 1692 1786; x_wconf 93' lang='lat' dir='ltr'><strong>qui</strong></span> <span class='ocrx_word' id='word_1_117' title='bbox 1721 1716 1820 1769; x_wconf 86' lang='lat' dir='ltr'><strong>has</strong></span> <span class='ocrx_word' id='word_1_118' title='bbox 1850 1720 2036 1786; x_wconf 86' lang='lat' dir='ltr'><strong>partes</strong></span> 
     </span>
     <span class='ocr_line' id='line_1_17' title="bbox 160 1810 2036 1884; baseline -0.001 -17"><span class='ocrx_word' id='word_1_119' title='bbox 160 1819 382 1868; x_wconf 92' lang='lat' dir='ltr'><strong>strenue</strong></span> <span class='ocrx_word' id='word_1_120' title='bbox 428 1818 806 1884; x_wconf 84' lang='lat' dir='ltr'><strong>exequantur;</strong></span> <span class='ocrx_word' id='word_1_121' title='bbox 868 1810 1339 1883; x_wconf 76' lang='lat' dir='ltr'><strong>praedecessorum</strong></span> <span class='ocrx_word' id='word_1_122' title='bbox 1399 1815 1723 1866; x_wconf 89' lang='lat' dir='ltr'><strong>nostrorum</strong></span> <span class='ocrx_word' id='word_1_123' title='bbox 1790 1811 2036 1883; x_wconf 87' lang='lat' dir='ltr'><strong>vestigiis</strong></span> 
     </span>
     <span class='ocr_line' id='line_1_18' title="bbox 158 1906 2035 1980; baseline 0.001 -18"><span class='ocrx_word' id='word_1_124' title='bbox 158 1909 509 1978; x_wconf 82' lang='lat' dir='ltr'><strong>inhaerenteS,</strong></span> <span class='ocrx_word' id='word_1_125' title='bbox 562 1908 658 1980; x_wconf 93' lang='lat' dir='ltr'><strong>qui</strong></span> <span class='ocrx_word' id='word_1_126' title='bbox 691 1908 746 1961; x_wconf 92' lang='lat' dir='ltr'><strong>in</strong></span> <span class='ocrx_word' id='word_1_127' title='bbox 786 1906 1358 1979; x_wconf 59' lang='lat' dir='ltr'><strong>hujusmodi&#39;casibus</strong></span> <span class='ocrx_word' id='word_1_128' title='bbox 1393 1907 1647 1962; x_wconf 88' lang='lat' dir='ltr'><strong>unanimi</strong></span> <span class='ocrx_word' id='word_1_129' title='bbox 1695 1907 1931 1963; x_wconf 88' lang='lat' dir='ltr'><strong>consilio</strong></span> <span class='ocrx_word' id='word_1_130' title='bbox 1982 1913 2035 1963; x_wconf 88' lang='lat' dir='ltr'><strong>et</strong></span> 
     </span>
     <span class='ocr_line' id='line_1_19' title="bbox 158 2003 2035 2080; baseline 0.001 -21"><span class='ocrx_word' id='word_1_131' title='bbox 158 2004 357 2077; x_wconf 90' lang='lat' dir='ltr'><strong>spiritu</strong></span> <span class='ocrx_word' id='word_1_132' title='bbox 398 2005 589 2060; x_wconf 87' lang='lat' dir='ltr'><strong>noxias</strong></span> <span class='ocrx_word' id='word_1_133' title='bbox 642 2004 919 2060; x_wconf 82' lang='lat' dir='ltr'><strong>doctrinas</strong></span> <span class='ocrx_word' id='word_1_134' title='bbox 959 2011 1011 2060; x_wconf 88' lang='lat' dir='ltr'><strong>et</strong></span> <span class='ocrx_word' id='word_1_135' title='bbox 1043 2004 1100 2074; x_wconf 88' lang='lat' dir='ltr'><strong>in</strong></span> <span class='ocrx_word' id='word_1_136' title='bbox 1145 2003 1250 2059; x_wconf 90' lang='lat' dir='ltr'><strong>fide</strong></span> <span class='ocrx_word' id='word_1_137' title='bbox 1302 2004 1643 2078; x_wconf 90' lang='lat' dir='ltr'><strong>periculosas</strong></span> <span class='ocrx_word' id='word_1_138' title='bbox 1694 2005 2035 2080; x_wconf 89' lang='lat' dir='ltr'><strong>proscripse-</strong></span> 
     </span>
     <span class='ocr_line' id='line_1_20' title="bbox 158 2101 2034 2174; baseline 0.002 -18"><span class='ocrx_word' id='word_1_139' title='bbox 158 2108 356 2158; x_wconf 90' lang='lat' dir='ltr'><strong>runt...</strong></span> <span class='ocrx_word' id='word_1_140' title='bbox 386 2125 395 2167; x_wconf 91' lang='grc'>;</span> <span class='ocrx_word' id='word_1_141' title='bbox 421 2101 513 2157; x_wconf 93' lang='lat' dir='ltr'><strong>Dei</strong></span> <span class='ocrx_word' id='word_1_142' title='bbox 538 2101 763 2156; x_wconf 91' lang='lat' dir='ltr'><strong>nomine</strong></span> <span class='ocrx_word' id='word_1_143' title='bbox 788 2101 1059 2169; x_wconf 84' lang='lat' dir='ltr'><strong>invocat0,</strong></span> <span class='ocrx_word' id='word_1_144' title='bbox 1096 2107 1148 2155; x_wconf 87' lang='lat' dir='ltr'><strong>ot</strong></span> <span class='ocrx_word' id='word_1_145' title='bbox 1167 2101 1471 2174; x_wconf 82' lang='lat' dir='ltr'><strong>praehabito</strong></span> <span class='ocrx_word' id='word_1_146' title='bbox 1507 2119 1568 2157; x_wconf 80' lang='lat' dir='ltr'><strong>ea</strong></span> <span class='ocrx_word' id='word_1_147' title='bbox 1605 2102 1822 2158; x_wconf 90' lang='lat' dir='ltr'><strong>meliori</strong></span> <span class='ocrx_word' id='word_1_148' title='bbox 1856 2104 2034 2159; x_wconf 89' lang='lat' dir='ltr'><strong>forma</strong></span> 
     </span>
     <span class='ocr_line' id='line_1_21' title="bbox 157 2197 2034 2272; baseline 0.002 -20"><span class='ocrx_word' id='word_1_149' title='bbox 157 2216 265 2270; x_wconf 90' lang='lat' dir='ltr'><strong>qua</strong></span> <span class='ocrx_word' id='word_1_150' title='bbox 292 2216 389 2272; x_wconf 88' lang='lat' dir='ltr'><strong>per</strong></span> <span class='ocrx_word' id='word_1_151' title='bbox 407 2199 672 2272; x_wconf 87' lang='lat' dir='ltr'><strong>temporis</strong></span> <span class='ocrx_word' id='word_1_152' title='bbox 698 2203 749 2253; x_wconf 89' lang='lat' dir='ltr'><strong>et</strong></span> <span class='ocrx_word' id='word_1_153' title='bbox 773 2198 877 2253; x_wconf 90' lang='lat' dir='ltr'><strong>loci</strong></span> <span class='ocrx_word' id='word_1_154' title='bbox 904 2197 1292 2252; x_wconf 83' lang='lat' dir='ltr'><strong>difficultatem</strong></span> <span class='ocrx_word' id='word_1_155' title='bbox 1318 2197 1477 2252; x_wconf 90' lang='lat' dir='ltr'><strong>licuit</strong></span> <span class='ocrx_word' id='word_1_156' title='bbox 1506 2198 1759 2270; x_wconf 85' lang='lat' dir='ltr'><strong>diligenti</strong></span> <span class='ocrx_word' id='word_1_157' title='bbox 1781 2200 2034 2256; x_wconf 83' lang='lat' dir='ltr'><strong>examine</strong></span> 
     </span>
     <span class='ocr_line' id='line_1_22' title="bbox 159 2293 2034 2368; baseline 0.001 -19"><span class='ocrx_word' id='word_1_158' title='bbox 159 2299 212 2349; x_wconf 88' lang='lat' dir='ltr'><strong>et</strong></span> <span class='ocrx_word' id='word_1_159' title='bbox 236 2294 624 2350; x_wconf 85' lang='lat' dir='ltr'><strong>deliberatione</strong></span> <span class='ocrx_word' id='word_1_160' title='bbox 658 2299 897 2362; x_wconf 88' lang='lat' dir='ltr'><strong>matura,</strong></span> <span class='ocrx_word' id='word_1_161' title='bbox 921 2312 1047 2348; x_wconf 92' lang='lat' dir='ltr'><strong>cum</strong></span> <span class='ocrx_word' id='word_1_162' title='bbox 1077 2293 1484 2349; x_wconf 66' lang='lat' dir='ltr'><strong>venerabilibus</strong></span> <span class='ocrx_word' id='word_1_163' title='bbox 1521 2295 1869 2368; x_wconf 89' lang='lat' dir='ltr'><strong>Coepiscopis</strong></span> <span class='ocrx_word' id='word_1_164' title='bbox 1904 2315 2034 2351; x_wconf 89' lang='lat' dir='ltr'><strong>nos-</strong></span> 
     </span>
     <span class='ocr_line' id='line_1_23' title="bbox 158 2389 2035 2465; baseline 0.001 -20"><span class='ocrx_word' id='word_1_165' title='bbox 158 2390 280 2458; x_wconf 82' lang='lat' dir='ltr'><strong>tris,</strong></span> <span class='ocrx_word' id='word_1_166' title='bbox 312 2391 625 2458; x_wconf 82' lang='lat' dir='ltr'><strong>abbatibus,</strong></span> <span class='ocrx_word' id='word_1_167' title='bbox 657 2389 986 2463; x_wconf 81' lang='lat' dir='ltr'><strong>praepositiS,</strong></span> <span class='ocrx_word' id='word_1_168' title='bbox 1031 2389 1310 2462; x_wconf 79' lang='lat' dir='ltr'><strong>capituliS,</strong></span> <span class='ocrx_word' id='word_1_169' title='bbox 1357 2389 1594 2461; x_wconf 90' lang='lat' dir='ltr'><strong>aliisque</strong></span> <span class='ocrx_word' id='word_1_170' title='bbox 1648 2392 2035 2465; x_wconf 85' lang='lat' dir='ltr'><strong>compluribus</strong></span> 
     </span>
     <span class='ocr_line' id='line_1_24' title="bbox 161 2488 2032 2563; baseline -0.001 -18"><span class='ocrx_word' id='word_1_171' title='bbox 161 2490 441 2560; x_wconf 82' lang='lat' dir='ltr'><strong>theologiae</strong></span> <span class='ocrx_word' id='word_1_172' title='bbox 479 2488 879 2563; x_wconf 75' lang='lat' dir='ltr'><strong>professoribus</strong></span> <span class='ocrx_word' id='word_1_173' title='bbox 918 2494 969 2542; x_wconf 86' lang='lat' dir='ltr'><strong>et</strong></span> <span class='ocrx_word' id='word_1_174' title='bbox 996 2505 1280 2542; x_wconf 88' lang='lat' dir='ltr'><strong>sacrorum</strong></span> <span class='ocrx_word' id='word_1_175' title='bbox 1325 2505 1600 2542; x_wconf 90' lang='lat' dir='ltr'><strong>canonum</strong></span> <span class='ocrx_word' id='word_1_176' title='bbox 1637 2488 1863 2544; x_wconf 86' lang='lat' dir='ltr'><strong>scientia</strong></span> <span class='ocrx_word' id='word_1_177' title='bbox 1897 2508 2032 2562; x_wconf 83' lang='lat' dir='ltr'><strong>prae-</strong></span> 
     </span>
     <span class='ocr_line' id='line_1_25' title="bbox 159 2584 2030 2658; baseline 0.002 -18"><span class='ocrx_word' id='word_1_178' title='bbox 159 2586 432 2640; x_wconf 81' lang='lat' dir='ltr'><strong>stantibus</strong></span> <span class='ocrx_word' id='word_1_179' title='bbox 467 2585 619 2652; x_wconf 84' lang='lat' dir='ltr'><strong>viris,</strong></span> <span class='ocrx_word' id='word_1_180' title='bbox 670 2585 920 2658; x_wconf 77' lang='lat' dir='ltr'><strong>praefatas</strong></span> <span class='ocrx_word' id='word_1_181' title='bbox 964 2588 1202 2655; x_wconf 89' lang='lat' dir='ltr'><strong>quatuor</strong></span> <span class='ocrx_word' id='word_1_182' title='bbox 1247 2584 1656 2657; x_wconf 90' lang='lat' dir='ltr'><strong>propositiones</strong></span> <span class='ocrx_word' id='word_1_183' title='bbox 1696 2585 2030 2658; x_wconf 86' lang='lat' dir='ltr'><strong>configimus</strong></span> 
     </span>
     <span class='ocr_line' id='line_1_26' title="bbox 156 2678 2031 2755; baseline 0.001 -19"><span class='ocrx_word' id='word_1_184' title='bbox 156 2687 209 2736; x_wconf 86' lang='lat' dir='ltr'><strong>et</strong></span> <span class='ocrx_word' id='word_1_185' title='bbox 233 2680 651 2755; x_wconf 78' lang='lat' dir='ltr'><strong>proscribimuS,</strong></span> <span class='ocrx_word' id='word_1_186' title='bbox 680 2686 732 2734; x_wconf 90' lang='lat' dir='ltr'><strong>et</strong></span> <span class='ocrx_word' id='word_1_187' title='bbox 762 2679 1034 2734; x_wconf 81' lang='lat' dir='ltr'><strong>universis</strong></span> <span class='ocrx_word' id='word_1_188' title='bbox 1052 2678 1227 2752; x_wconf 91' lang='lat' dir='ltr'><strong>ipsius</strong></span> <span class='ocrx_word' id='word_1_189' title='bbox 1252 2679 1408 2750; x_wconf 89' lang='lat' dir='ltr'><strong>regni</strong></span> <span class='ocrx_word' id='word_1_190' title='bbox 1443 2678 1644 2735; x_wconf 90' lang='lat' dir='ltr'><strong>Christi</strong></span> <span class='ocrx_word' id='word_1_191' title='bbox 1666 2680 1923 2737; x_wconf 85' lang='lat' dir='ltr'><strong>fidelihus</strong></span> <span class='ocrx_word' id='word_1_192' title='bbox 1947 2682 2031 2737; x_wconf 87' lang='lat' dir='ltr'><strong>in-</strong></span> 
     </span>
     <span class='ocr_line' id='line_1_27' title="bbox 155 2775 2030 2851; baseline 0.001 -18"><span class='ocrx_word' id='word_1_193' title='bbox 155 2778 473 2833; x_wconf 88' lang='lat' dir='ltr'><strong>terdicimus</strong></span> <span class='ocrx_word' id='word_1_194' title='bbox 488 2797 548 2833; x_wconf 91' lang='lat' dir='ltr'><strong>ac</strong></span> <span class='ocrx_word' id='word_1_195' title='bbox 570 2777 956 2851; x_wconf 84' lang='lat' dir='ltr'><strong>probibemus,</strong></span> <span class='ocrx_word' id='word_1_196' title='bbox 973 2794 1041 2831; x_wconf 93' lang='lat' dir='ltr'><strong>ne</strong></span> <span class='ocrx_word' id='word_1_197' title='bbox 1058 2793 1150 2830; x_wconf 91' lang='lat' dir='ltr'><strong>eas</strong></span> <span class='ocrx_word' id='word_1_198' title='bbox 1173 2775 1354 2847; x_wconf 89' lang='lat' dir='ltr'><strong>legere</strong></span> <span class='ocrx_word' id='word_1_199' title='bbox 1378 2776 1463 2831; x_wconf 81' lang='lat' dir='ltr'><strong>vol</strong></span> <span class='ocrx_word' id='word_1_200' title='bbox 1482 2783 1693 2844; x_wconf 86' lang='lat' dir='ltr'><strong>tenere,</strong></span> <span class='ocrx_word' id='word_1_201' title='bbox 1722 2778 1901 2834; x_wconf 91' lang='lat' dir='ltr'><strong>multo</strong></span> <span class='ocrx_word' id='word_1_202' title='bbox 1922 2779 2030 2834; x_wconf 91' lang='lat' dir='ltr'><strong>mi-</strong></span> 
     </span>
     <span class='ocr_line' id='line_1_28' title="bbox 157 2872 2030 2950; baseline 0.002 -21"><span class='ocrx_word' id='word_1_203' title='bbox 157 2893 262 2930; x_wconf 91' lang='lat' dir='ltr'><strong>nus</strong></span> <span class='ocrx_word' id='word_1_204' title='bbox 288 2876 483 2931; x_wconf 90' lang='lat' dir='ltr'><strong>docere</strong></span> <span class='ocrx_word' id='word_1_205' title='bbox 509 2875 769 2943; x_wconf 78' lang='lat' dir='ltr'><strong>audeant,</strong></span> <span class='ocrx_word' id='word_1_206' title='bbox 790 2874 963 2929; x_wconf 88' lang='lat' dir='ltr'><strong>donec</strong></span> <span class='ocrx_word' id='word_1_207' title='bbox 986 2890 1151 2946; x_wconf 91' lang='lat' dir='ltr'><strong>super</strong></span> <span class='ocrx_word' id='word_1_208' title='bbox 1165 2874 1243 2927; x_wconf 81' lang='lat' dir='ltr'><strong>eis</strong></span> <span class='ocrx_word' id='word_1_209' title='bbox 1263 2872 1527 2946; x_wconf 89' lang='lat' dir='ltr'><strong>prodierit</strong></span> <span class='ocrx_word' id='word_1_210' title='bbox 1555 2873 1847 2932; x_wconf 39' lang='lat' dir='ltr'><strong>infallflhile</strong></span> <span class='ocrx_word' id='word_1_211' title='bbox 1867 2877 2030 2950; x_wconf 88' lang='lat' dir='ltr'><strong>Apos-</strong></span> 
     </span>
     <span class='ocr_line' id='line_1_29' title="bbox 162 2970 2025 3042; baseline 0.002 -18"><span class='ocrx_word' id='word_1_212' title='bbox 162 2971 332 3027; x_wconf 85' lang='lat' dir='ltr'><strong>tolicae</strong></span> <span class='ocrx_word' id='word_1_213' title='bbox 358 2972 513 3028; x_wconf 89' lang='lat' dir='ltr'><strong>Sedis</strong></span> <span class='ocrx_word' id='word_1_214' title='bbox 544 2972 852 3040; x_wconf 91' lang='lat' dir='ltr'><strong>oraculum,</strong></span> <span class='ocrx_word' id='word_1_215' title='bbox 895 2970 964 3025; x_wconf 92' lang='lat' dir='ltr'><strong>ad</strong></span> <span class='ocrx_word' id='word_1_216' title='bbox 1013 2988 1181 3042; x_wconf 89' lang='lat' dir='ltr'><strong>quam</strong></span> <span class='ocrx_word' id='word_1_217' title='bbox 1227 2970 1402 3025; x_wconf 90' lang='lat' dir='ltr'><strong>solam</strong></span> <span class='ocrx_word' id='word_1_218' title='bbox 1453 2970 1639 3025; x_wconf 82' lang='lat' dir='ltr'><strong>divino</strong></span> <span class='ocrx_word' id='word_1_219' title='bbox 1679 2972 2025 3028; x_wconf 87' lang='lat' dir='ltr'><strong>immutabili</strong></span> 
     </span>
     <span class='ocr_line' id='line_1_30' title="bbox 163 3065 2026 3141; baseline 0.002 -21"><span class='ocrx_word' id='word_1_220' title='bbox 163 3067 440 3140; x_wconf 88' lang='lat' dir='ltr'><strong>privilegio</strong></span> <span class='ocrx_word' id='word_1_221' title='bbox 481 3074 685 3141; x_wconf 81' lang='lat' dir='ltr'><strong>spectat</strong></span> <span class='ocrx_word' id='word_1_222' title='bbox 726 3068 793 3123; x_wconf 91' lang='lat' dir='ltr'><strong>de</strong></span> <span class='ocrx_word' id='word_1_223' title='bbox 842 3065 1233 3123; x_wconf 78' lang='lat' dir='ltr'><strong>controversiis</strong></span> <span class='ocrx_word' id='word_1_224' title='bbox 1275 3065 1403 3122; x_wconf 74' lang='lat' dir='ltr'><strong>fidei</strong></span> <span class='ocrx_word' id='word_1_225' title='bbox 1440 3067 1749 3138; x_wconf 86' lang='lat' dir='ltr'><strong>judicare»</strong></span> <span class='ocrx_word' id='word_1_226' title='bbox 1782 3069 1953 3139; x_wconf 86' lang='lat' dir='ltr'><strong>(tomo</strong></span> <span class='ocrx_word' id='word_1_227' title='bbox 1981 3070 2026 3123; x_wconf 90' lang='lat' dir='ltr'><strong>II</strong></span> 
     </span>
     <span class='ocr_line' id='line_1_31' title="bbox 162 3162 1250 3239; baseline 0 -20"><span class='ocrx_word' id='word_1_228' title='bbox 162 3162 499 3219; x_wconf 71' lang='lat' dir='ltr'><strong>Conciliat-um</strong></span> <span class='ocrx_word' id='word_1_229' title='bbox 537 3166 831 3239; x_wconf 76' lang='lat' dir='ltr'><strong>Hunqariae,</strong></span> <span class='ocrx_word' id='word_1_230' title='bbox 862 3163 1059 3237; x_wconf 82' lang='lat' dir='ltr'><strong>pagina</strong></span> <span class='ocrx_word' id='word_1_231' title='bbox 1103 3164 1250 3231; x_wconf 75' lang='lat'>440).</span> 
     </span>
    </p>

    <p class='ocr_par' dir='ltr' id='par_1_5' title="bbox 158 3258 2073 3628">
     <span class='ocr_line' id='line_1_32' title="bbox 234 3258 2025 3334; baseline 0.003 -20"><span class='ocrx_word' id='word_1_232' title='bbox 234 3258 456 3322; x_wconf 88' lang='lat' dir='ltr'><strong>Quando</strong></span> <span class='ocrx_word' id='word_1_233' title='bbox 482 3280 510 3316; x_wconf 93' lang='lat' dir='ltr'><strong>a</strong></span> <span class='ocrx_word' id='word_1_234' title='bbox 535 3263 812 3319; x_wconf 84' lang='lat' dir='ltr'><strong>Facultate</strong></span> <span class='ocrx_word' id='word_1_235' title='bbox 842 3260 1135 3316; x_wconf 88' lang='lat' dir='ltr'><strong>Parisiensi</strong></span> <span class='ocrx_word' id='word_1_236' title='bbox 1163 3260 1575 3334; x_wconf 85' lang='lat' dir='ltr'><strong>expostulatum</strong></span> <span class='ocrx_word' id='word_1_237' title='bbox 1597 3266 1677 3315; x_wconf 86' lang='lat' dir='ltr'><strong>est</strong></span> <span class='ocrx_word' id='word_1_238' title='bbox 1699 3267 1760 3316; x_wconf 93' lang='lat' dir='ltr'><strong>ut</strong></span> <span class='ocrx_word' id='word_1_239' title='bbox 1791 3279 2025 3320; x_wconf 81' lang='lat' dir='ltr'><strong>censura</strong></span> 
     </span>
     <span class='ocr_line' id='line_1_33' title="bbox 159 3352 2073 3433; baseline 0.002 -20"><span class='ocrx_word' id='word_1_240' title='bbox 159 3357 550 3431; x_wconf 86' lang='lat' dir='ltr'><strong>perstringeret</strong></span> <span class='ocrx_word' id='word_1_241' title='bbox 587 3359 894 3414; x_wconf 88' lang='lat' dir='ltr'><strong>doctrinam</strong></span> <span class='ocrx_word' id='word_1_242' title='bbox 927 3356 1323 3428; x_wconf 77' lang='lat' dir='ltr'><strong>strigoniensis</strong></span> <span class='ocrx_word' id='word_1_243' title='bbox 1362 3355 1773 3431; x_wconf 85' lang='lat' dir='ltr'><strong>Arcbiepiscopi</strong></span> <span class='ocrx_word' id='word_1_244' title='bbox 1798 3376 1860 3414; x_wconf 93' lang='lat' dir='ltr'><strong>ac</strong></span> <span class='ocrx_word' id='word_1_245' title='bbox 1884 3378 2019 3433; x_wconf 83' lang='lat' dir='ltr'><strong>prae-</strong></span> <span class='ocrx_word' id='word_1_246' title='bbox 2070 3352 2073 3355; x_wconf 37' lang='lat'>⁵</span> 
     </span>
     <span class='ocr_line' id='line_1_34' title="bbox 159 3453 2022 3531; baseline 0.004 -22"><span class='ocrx_word' id='word_1_247' title='bbox 159 3453 280 3510; x_wconf 85' lang='lat' dir='ltr'><strong>fatae</strong></span> <span class='ocrx_word' id='word_1_248' title='bbox 301 3455 620 3529; x_wconf 84' lang='lat' dir='ltr'><strong>Ilungaricae</strong></span> <span class='ocrx_word' id='word_1_249' title='bbox 647 3457 862 3531; x_wconf 81' lang='lat' dir='ltr'><strong>synodi,</strong></span> <span class='ocrx_word' id='word_1_250' title='bbox 895 3474 1004 3526; x_wconf 92' lang='lat' dir='ltr'><strong>qua</strong></span> <span class='ocrx_word' id='word_1_251' title='bbox 1035 3454 1383 3508; x_wconf 85' lang='lat' dir='ltr'><strong>asserebatur</strong></span> <span class='ocrx_word' id='word_1_252' title='bbox 1408 3453 1475 3507; x_wconf 91' lang='lat' dir='ltr'><strong>ad</strong></span> <span class='ocrx_word' id='word_1_253' title='bbox 1504 3453 1686 3510; x_wconf 94' lang='lat' dir='ltr'><strong>solum</strong></span> <span class='ocrx_word' id='word_1_254' title='bbox 1711 3455 2022 3515; x_wconf 91' lang='lat' dir='ltr'><strong>Romanum</strong></span> 
     </span>
     <span class='ocr_line' id='line_1_35' title="bbox 158 3548 2016 3628; baseline 0.004 -22"><span class='ocrx_word' id='word_1_255' title='bbox 158 3550 467 3610; x_wconf 83' lang='lat' dir='ltr'><strong>Pontificem</strong></span> <span class='ocrx_word' id='word_1_256' title='bbox 486 3555 764 3628; x_wconf 88' lang='lat' dir='ltr'><strong>pertinere</strong></span> <span class='ocrx_word' id='word_1_257' title='bbox 787 3551 1050 3606; x_wconf 88' lang='lat' dir='ltr'><strong>articulos</strong></span> <span class='ocrx_word' id='word_1_258' title='bbox 1082 3548 1207 3604; x_wconf 90' lang='lat' dir='ltr'><strong>fidei</strong></span> <span class='ocrx_word' id='word_1_259' title='bbox 1233 3549 1484 3619; x_wconf 82' lang='lat' dir='ltr'><strong>definire,</strong></span> <span class='ocrx_word' id='word_1_260' title='bbox 1513 3555 1871 3624; x_wconf 88' lang='lat' dir='ltr'><strong>quantumvis</strong></span> <span class='ocrx_word' id='word_1_261' title='bbox 1897 3575 2016 3613; x_wconf 91' lang='lat' dir='ltr'><strong>rem</strong></span> 
     </span>
    </p>
   </div>
  </div>
 </body>
</html>
