2306 4010
870 179 1263 253 massmanni.
1303 211 1311 221 2
1951 199 2004 245 41

102 364 105 366 .
132 326 322 377 tenore
348 318 586 389 constat)
606 323 660 373 et
683 316 999 391 ademptam
1021 330 1244 370 omnem
1267 310 1583 367 libertatem
1606 314 1771 383 atque
1788 306 2010 364 affixam

127 416 348 473 Parisiis
393 415 568 472 Patris
611 414 790 470 Cerles
828 411 1283 488 protestationem
1316 408 1518 464 referat
1555 413 1825 480 tanquam
1872 405 2013 462 facta

129 514 473 571 notorietatis
506 513 760 587 publicae,
797 511 855 567 in
885 508 1271 584 probationem
1300 506 1498 563 merito
1528 504 1846 562 adducitur.
1876 504 2015 559 Auc-
2089 508 2096 516 “

130 618 215 667 tor
254 611 427 682 enim,
466 611 802 684 quicumque
834 606 881 662 is
918 603 1110 671 fuerit,
1141 605 1271 660 talia
1305 604 1386 660 sic
1421 621 1671 661 asserere
1696 620 1809 659 non
1844 619 2016 658 ausus

130 709 347 777 fuisset,
388 707 433 762 si
469 706 554 761 vel
593 706 650 760 in
681 703 916 759 dubium
947 700 1193 756 revocari
1227 701 1556 774 potuissent.
1586 733 1655 741 —
1684 701 1737 756 5⁰
1772 699 2016 756 Detuisse

130 823 350 861 omnem
377 820 607 878 prorsus
631 801 943 856 libertatem
971 799 1154 872 quoad
1183 798 1578 872 deputatorum
1607 799 1933 855 electionem
1964 805 2016 855 et

129 902 308 979 quoad
352 899 798 975 procuratorium
848 898 1194 967 mandatum,
1246 890 1525 953 testantur
1571 897 1802 972 insuper
1845 899 2014 954 docu-

130 1006 310 1056 menta
336 999 399 1055 vl
428 1007 479 1056 et.
504 999 586 1054 Vll
615 997 977 1072 praecedentis
1011 997 1364 1073 paragraphi.

199 1097 260 1152 ll.
307 1098 443 1170 Ergo
483 1101 782 1152 conventus
829 1096 963 1151 anni
1001 1096 1145 1151 1682
1189 1113 1299 1151 non
1341 1094 1446 1150 suit
1479 1100 1781 1150 conventus
1816 1113 2014 1167 reprae-

124 1205 338 1252 sentans
382 1197 658 1251 concilium
704 1195 994 1259 nationale,
1044 1200 1210 1268 prout
1253 1192 1637 1248 fraudulenter
1688 1197 1739 1247 et
1786 1191 2013 1247 menda-

125 1293 262 1348 citer
295 1300 520 1350 vocatus
559 1291 684 1348 fuit.
718 1326 784 1333 -
817 1292 1086 1366 Equidem
1123 1292 1179 1346 in
1220 1292 1457 1346 formula
1494 1290 1902 1365 procurationis
1942 1289 2009 1344 ad

126 1391 372 1463 singulas
406 1391 739 1466 provinciaS,
770 1398 827 1446 ut
872 1390 1083 1446 dictum
1111 1398 1215 1460 est,
1242 1391 1405 1463 jussu
1436 1389 1580 1461 regis
1614 1388 1784 1444 missa
1824 1395 1875 1444 et
1907 1389 2009 1442 im-

127 1489 322 1561 posita,
353 1488 640 1544 decoratus
664 1494 743 1543 est
776 1488 864 1543 hic
887 1494 1195 1543 conventus
1224 1488 1329 1543 isto
1362 1486 1609 1555 nomine,
1652 1507 1678 1538 «
1704 1486 2013 1541 assemblee

127 1584 379 1656 generale
413 1584 845 1639 extraordinaire
879 1584 951 1639 du
980 1584 1180 1656 clerge,
1216 1588 1574 1656 representaret
1617 1583 1662 1637 le
1697 1583 1891 1637 concile
1918 1601 2012 1637 na-

130 1683 288 1736 tional
310 1703 336 1734 »
395 1682 533 1751 (vide
576 1681 1022 1737 Procas-verbam:
1061 1683 1151 1736 des
1189 1683 1494 1736 assemble'es
1528 1681 1596 1735 du
1636 1682 1823 1751 clerqe‘,
1870 1686 1912 1735 t.
1949 1680 2009 1748 V,

126 1798 180 1851 p.
222 1778 328 1833 205
363 1778 456 1833 des
482 1778 660 1833 Pieres
688 1771 1097 1850 jns'tificcttives).
1139 1778 1240 1833 Sed
1269 1779 1371 1833 hoc
1405 1778 1746 1834 mendaciter
1783 1785 1833 1833 et
1862 1779 2011 1833 frau-

126 1876 383 1931 dulenter
418 1875 651 1931 dictum.
691 1875 930 1945 Etenim,
965 1876 1018 1931 1⁰
1048 1876 1151 1932 iste
1188 1883 1489 1932 conventus
1523 1895 1876 1950 nequaquam
1904 1877 2009 1932 fuit

127 1973 401 2028 concilium
430 1974 712 2028 nationale.
738 1973 815 2027 Ad
836 1992 1031 2029 verum
1061 1974 1267 2048 quippe
1294 1975 1570 2029 nationale
1601 1975 1897 2030 concilium
1925 1994 2009 2031 re-

126 2070 369 2144 quiritur
419 2071 697 2146 imprimis
744 2072 1065 2127 convocatio
1118 2090 1216 2146 per
1269 2072 1578 2144 legitifnam
1626 2073 2012 2129 auctoritatem

124 2167 288 2240 sacta,
325 2167 379 2222 id
414 2175 518 2239 est,
555 2186 655 2242 per
679 2168 973 2223 Summum
1013 2168 1355 2240 Pontificem,
1404 2176 1520 2235 aut,
1558 2170 1676 2243 ipso
1708 2177 2009 2239 annuente,

129 2282 226 2336 per
243 2265 536 2336 primatem
555 2266 645 2320 cui
669 2271 942 2338 competat
961 2265 1278 2337 jurisdictio
1303 2266 1361 2319 in
1381 2284 1572 2320 omnes
1590 2267 1828 2339 alicujus
1855 2269 2011 2339 regni

130 2359 410 2415 dioecescs.
449 2361 753 2415 Conventus
782 2379 906 2415 vero
942 2361 1070 2414 anni
1100 2361 1242 2415 1682
1283 2368 1506 2416 coactus
1540 2367 1644 2428 est,
1680 2381 1791 2416 non
1823 2369 2010 2418 aucto-

130 2454 289 2510 ritate
328 2456 722 2526 ecclesiastica,
763 2456 857 2512 sed
896 2458 1056 2529 jussu
1100 2457 1263 2528 regiS,
1310 2463 1473 2530 prout
1505 2457 1741 2529 ingenue
1768 2458 2009 2514 declara-

129 2555 245 2604 tum
274 2558 353 2606 est
381 2552 436 2605 in
467 2552 584 2624 ipsa
612 2553 814 2607 celebri
845 2559 1084 2624 quatuor
1113 2553 1475 2607 articulorum
1506 2554 1900 2624 declaratione,
1925 2555 2010 2610 his

128 2649 307 2704 verbis
331 2670 340 2701 :
376 2650 523 2704 «Nos
546 2650 954 2725 Archiepiscopi
983 2657 1031 2706 ct
1060 2650 1312 2724 Episcopi
1339 2652 1559 2707 Parisiis
1586 2654 1839 2708 mandato
1865 2657 2010 2725 reyio

130 2747 463 2819 congregati.
490 2769 515 2800 »
541 2748 772 2821 Insuper
798 2747 865 2803 ad
889 2747 1342 2803 constituendum
1368 2766 1559 2803 verum
1585 2750 1864 2807 nationale
1886 2769 2014 2806 con-

130 2841 342 2912 cilium,
372 2843 678 2915 requiritur
706 2849 767 2898 ut
800 2861 974 2898 omnes
1013 2843 1166 2915 regni
1198 2844 1465 2917 praesules
1495 2853 1781 2915 vocentur,
1815 2855 1878 2903 ut
1907 2852 2014 2903 om-

131 2922 221 2996 nes
264 2941 360 3013 qui
408 2942 670 2998 interesse
704 2941 980 2997 voluerint
1018 2941 1407 3012 admittantur,
1450 2944 1562 3000 imo
1602 2952 1663 3000 ut
1695 2963 1869 3001 omnes
1903 2947 2014 3001 sivo

131 3057 227 3112 per
259 3058 336 3109 se,
371 3041 483 3095 sive
516 3059 612 3115 per
649 3046 1065 3114 procuratorem
1105 3041 1298 3096 adesse
1327 3050 1643 3099 teneantur.
1673 3045 1767 3100 Ast
1803 3045 1859 3099 in
1890 3063 2015 3099 con-

132 3141 296 3189 ventu
331 3137 459 3190 anni
491 3137 658 3204 1682,
691 3138 799 3192 duo
831 3143 1047 3192 tantum
1075 3156 1139 3192 ex
1173 3156 1506 3212 unaquaque
1533 3142 1815 3213 provincia
1846 3142 2016 3198 antis·

134 3231 259 3286 titos
303 3250 331 3285 a
379 3249 502 3304 rege
549 3233 820 3306 designati
865 3235 1421 3308 adesselpotucruut.
1469 3237 1657 3292 Caeteri
1700 3256 1799 3292 nec
1836 3241 2009 3295 vocati

134 3336 283 3399 sunt,
318 3348 418 3384 nec
444 3330 674 3384 admissi
711 3332 963 3388 fuissent.
993 3333 1163 3404 Igitur
1197 3333 1322 3388 luce
1360 3334 1667 3389 meridiana
1696 3336 1899 3394 clarius
1931 3347 2014 3394 est

134 3432 462 3480 conventum
509 3425 641 3480 cleri
683 3425 946 3481 Gallicani
988 3445 1132 3481 anno
1181 3429 1324 3482 ‘1682
1376 3446 1485 3482 non
1527 3429 1698 3487 fuisse
1742 3437 2014 3491 nationale

69 3579 76 3586 ,
135 3525 423 3578 concilium.
462 3523 519 3577 ld
553 3523 803 3596 apprime
843 3524 1090 3578 sciebant
1124 3524 1226 3579 viri
1261 3525 1447 3591 aulici3
1497 3535 1547 3583 et
1578 3529 1700 3585 ideo
1739 3550 1850 3588 non
1891 3535 2012 3590 ausi

137 3621 276 3674 lianc
309 3619 811 3675 denominationem
844 3637 1139 3693 usurpare,
1183 3621 1441 3680 dixerunt
1473 3624 1758 3684 dumtaxat
1793 3630 1861 3685 ab
1906 3631 2011 3686 isto
