2306 4010
311 140 400 188 144
983 125 1268 180 TRACTATUS
1299 125 1365 172 DE
1394 126 1540 172 PAPA.

313 271 344 308 a
365 250 616 307 Romano
634 244 914 309 Pontifice,
940 245 1033 296 aut
1055 227 1246 312 *ipsius
1273 234 1555 309 judicium
1585 234 1644 290 in
1670 234 1860 292 causis
1891 235 2020 293 fidei
2054 236 2222 295 decli—

314 365 469 403 nare.
496 347 666 401 Porro
692 340 740 396 si
764 334 1019 395 fallibilis
1042 333 1188 390 foret
1203 332 1262 389 in
1281 332 1470 390 causis
1489 331 1619 389 fidei
1642 332 1928 390 Romanus
1950 332 2223 405 Pontifex,
2259 398 2262 403 ,

314 445 541 503 0111111110
566 442 650 496 sas
695 442 838 495 esset
868 433 1051 509 ipsius
1085 432 1368 507 judicium
1418 433 1701 491 declinare
1733 439 1786 491 et
1831 433 1900 490 ab
1932 435 1995 490 eo
2015 433 2229 508 judicio
2279 467 2282 470 ⁴

313 540 611 614 appellare.
653 533 807 590 Unde
847 531 1028 588 relata
1063 531 1283 588 Martini
1321 532 1362 588 V
1411 531 1667 588 definitio
1714 537 1797 588 est
1832 549 2026 589 revera
2055 532 2231 590 simul

311 643 589 719 opinionis
623 640 692 696 de
715 639 873 713 Papae
899 638 1245 696 fallibilitate
1271 648 1464 715 aperta
1491 640 1834 715 reprobatio,

384 742 667 795 Piioposmo
688 727 795 792 ΠΡ.
813 738 1048 795 -Anno
1076 739 1246 807 1479,
1292 741 1590 813 opinionem
1628 740 1693 796 cle
1719 739 2050 812 fallibilitate
2072 741 2235 816 Papae

312 837 583 892 damnavit
612 835 798 893 Sioetus
824 834 911 891 1V.
943 868 1011 876 —
1037 829 1270 892 Confixit
1295 835 1469 907 enim,
1504 842 1558 892 et
1582 835 1813 911 quidem
1836 842 2106 911 tanquam
2132 838 2238 893 hae-

312 938 550 1009 remam,
585 936 795 992 hancce
835 935 983 992 Petri
1006 935 1075 992 de
1099 935 1268 993 Osma
1302 935 1752 1012 propositionem
1787 958 1799 992 :
1831 937 2074 994 Ecclesia
2100 939 2239 995 urbis

318 1035 496 1091 Romae
538 1053 720 1092 errare
762 1042 958 1109 potest.
1009 1034 1223 1109 (Totius
1256 1035 1389 1093 facti
1432 1036 1849 1092 enarrationem
1884 1036 2007 1094 vide
2046 1055 2238 1112 supra,

317 1134 500 1211 capite
556 1136 669 1207 vu.)
721 1135 889 1191 Juxta
939 1134 1213 1192 ultimum
1267 1154 1297 1192 6
1339 1142 1586 1210 quatuor
1640 1135 1943 1192 Gallicanis
1986 1135 2243 1194 articulis
2302 1144 2306 1149 ’

318 1235 449 1292 311111
476 1234 647 1304 1682,
688 1234 989 1292 infallibile
1019 1253 1131 1291 non
1157 1242 1240 1292 est
1273 1236 1431 1310 Papae
1468 1235 1748 1310 judicium
1776 1235 1833 1290 in
1869 1234 2056 1292 causis
2091 1235 2244 1306 fidei,

319 1339 419 1392 nisi
444 1336 691 1393 Ecclesiae
719 1355 1001 1393 consensus
1033 1340 1328 1393 accesserit.
1359 1336 1592 1393 Proinde
1620 1337 1776 1411 juxta
1812 1336 2074 1393 eumdem
2115 1336 2248 1393 arti·¹

319 1436 536 1506 culum,
591 1435 894 1492 infallibile
943 1454 1054 1492 non
1097 1442 1181 1492 est
1232 1435 1518 1510 judicium
1552 1437 1746 1510 Papae,
1797 1436 2023 1511 quando
2070 1437 2245 1507 solus,

318 1536 402 1591 vel
427 1555 557 1592 cum
598 1554 700 1592 sua
735 1535 895 1593 urbis
936 1536 1125 1592 Romae
1153 1535 1399 1593 Ecclesia
1440 1536 1796 1610 pronuntiat.
1825 1534 2062 1591 Proinde
2088 1534 2247 1591 Galli-

322 1651 459 1688 cana
488 1633 676 1708 opinio
702 1635 768 1689 de
794 1636 952 1708 Papae
978 1635 1321 1692 fallihilitatc
1347 1653 1477 1691 vera
1509 1652 1630 1691 6556
1649 1634 1848 1708 nequit
1878 1634 1988 1690 nisi
2016 1653 2147 1690 vera
2172 1633 2247 1691 sit

323 1731 438 1786 haec
467 1731 710 1787 formula
743 1753 753 1784 z
793 1733 1032 1789 Ecclesia
1067 1735 1211 1790 urbis
1257 1734 1439 1790 Romae
1485 1753 1669 1789 errare
1714 1741 1905 1807 potest.
1949 1734 2090 1807 Ergo
2123 1751 2248 1808 pro-

327 1828 558 1902 scriptio
606 1829 843 1902 hujusce
882 1831 1140 1887 formulae
1168 1832 1332 1906 plene
1363 1831 1588 1904 attingit
1619 1832 1964 1888 Gallicanam
2003 1832 2070 1888 de
2107 1831 2251 1887 falli-

332 1926 550 1984 bilitate
590 1928 748 2002 Papae
789 1928 1134 2003 opinionem,
1181 1948 1281 1986 seu
1322 1930 1593 1987 ultimum
1632 1948 1661 1986 e
1705 1937 1950 2003 quatuor
1993 1930 2252 1987 articulis

337 2025 470 2082 anni
514 2026 683 2084 1682.
1419 2014 1422 2017 ’

409 2125 690 2181 Pnorosmo
714 2126 815 2182 lv³.
837 2129 1024 2184 —Per
1055 2127 1262 2184 Bullam
1289 2149 1437 2186 mrim
1463 2151 1767 2188 MULTIPMCES
1793 2132 2089 2187 Alexandri
2113 2130 2254 2201 VIII,

337 2225 370 2280 4
401 2227 607 2297 anqusti
638 2224 806 2296 1690,
844 2228 1113 2299 reprobati
1152 2236 1274 2283 sunt
1305 2238 1534 2301 quatuor
1568 2231 1781 2286 articuli
1816 2232 1942 2284 anni
1982 2229 2150 2284 1682.
2188 2262 2255 2270 --
2292 2278 2296 2282 .

334 2321 413 2375 Ad
449 2320 605 2376 illius
655 2321 825 2376 bullae
868 2323 1303 2396 intelligentiam
1348 2329 1624 2384 nonnulla
1679 2327 2043 2403 praenotanda
2102 2333 2254 2383 sunt.

335 2419 358 2473 J
368 2437 456 2474 am
484 2419 746 2494 equidem
779 2420 1141 2478 Innocentius
1163 2423 1250 2494 Xl,
1277 2424 1432 2481 Brevi
1453 2426 1696 2482 Paternae
1715 2427 2004 2498 charitatz'S,
2029 2426 2091 2482 11
2119 2425 2263 2501 apri-

338 2518 409 2574 lis
447 2519 615 2589 1682,
661 2527 816 2592 gesta
848 2520 907 2576 in
936 2539 1107 2578 631153
1133 2523 1355 2597 regaliae
1380 2527 1771 2600 reprobaverat
1806 2534 1857 2583 et
1892 2526 2052 2582 irrita
2077 2526 2260 2582 decla·

344 2624 584 2686 raverat,
613 2636 745 2673 cum
785 2620 1055 2676 omnibus
1098 2621 1229 2678 inde
1264 2624 1499 2680 seculis,
1530 2625 1754 2682 Nullam
1780 2632 1972 2682 tamen
2000 2625 2077 2681 ibi
2104 2643 2261 2681 men-

345 2712 553 2769 tionem
580 2714 711 2774 fecit
750 2715 817 2770 de
857 2723 1101 2789 quatuor
1125 2719 1402 2777 articulis,
1439 2722 1546 2779 Nec
1580 2725 1815 2781 mirum.
1848 2725 1947 2781 Illo
1979 2724 2263 2798 siquidem

344 2809 499 2865 Brevi
526 2813 898 2886 respondebat
942 2815 1299 2873 Innocentius
1324 2818 1388 2873 Xl
1414 2821 1482 2874 ad
1520 2823 1817 2896 epistolam
1844 2823 2113 2880 Gallicani
2140 2842 2268 2879 con-

219 2976 235 2991 .
346 2917 569 2980 ventuS‚
601 2911 710 2968 diei
752 2914 785 2969 5
810 2914 1085 2971 februarii
1118 2917 1300 2985 1682;
1331 2937 1440 2992 quo
1463 2925 1715 2996 tempore
1745 2923 1930 2978 dictus
1960 2929 2268 2979 conventus

348 3018 593 3084 quatuor
643 3014 893 3072 celebres
935 3017 1203 3096 articulos
1252 3021 1505 3076 nondum
1540 3022 1908 3096 parturierat.
1963 3021 2269 3099 Approbati

350 3110 557 3186 quippe
600 3111 756 3170 suere
803 3122 1048 3188 quatuor
1097 3116 1325 3173 articuli
1355 3137 1385 3174 a
1412 3126 1691 3176 conventu
1726 3122 2033 3192 Gallicano,
2072 3122 2161 3178 die
2200 3119 2276 3177 19

352 3209 541 3265 11131111
571 3211 737 3268 1682.
783 3213 1026 3271 Proinde
1071 3216 1445 3291 respondebat
1475 3218 1838 3276 Innocentius
1868 3221 1930 3276 XI
1961 3220 2028 3276 ad
2062 3219 2270 3295 episto-

354 3306 487 3378 lam,
532 3316 776 3382 quatuor
819 3312 1075 3370 articulis
1126 3315 1486 3374 anteriorem.
1547 3318 1819 3394 Equidem
1867 3320 2091 3393 quando
2140 3317 2272 3374 huic

357 3403 512 3462 Brevi
543 3409 902 3487 subscripsit,
923 3412 1041 3487 jam
1074 3414 1254 3488 elapsi
1286 3423 1443 3474 erant
1471 3418 1540 3474 22
1569 3418 1707 3487 (1165,
1741 3420 1810 3475 ab
1836 3418 2000 3493 edilis
2031 3424 2276 3492 quatuor
2304 3439 2306 3449 ·

361 3503 637 3566 articulis.
678 3511 773 3566 Ast
808 3510 1029 3568 etiamsi
1069 3513 1359 3572 sufficiens
1406 3516 1578 3573 fuerit
1615 3516 1663 3574 is
1690 3516 1963 3591 temporis
1997 3522 2306 3579 tractatus-⁷1¹

366 3606 427 3656 ut
458 3601 721 3676 aliqualis
747 3609 815 3666 de
841 3610 948 3669 isto
966 3618 1240 3671 attentato
1271 3615 1504 3672 Romam
1535 3616 1736 3673 notitia
1764 3617 2132 3691 perferretur,
2158 3613 2306 3672 suf-s·

1139 3713 1142 3716 ’
2303 3704 2306 3734 1
