2262 3990
251 174 342 222 694
483 125 488 129 ¹
1071 163 1343 215 APPENDIX.

249 297 492 350 sententia,
518 294 594 340 cui
607 306 693 340 nos
708 291 1107 340 subscribimus.»
1129 289 1371 347 Praeterea,
1388 292 1427 339 si
1447 293 1555 341 huic
1565 295 1822 345 Bellarmini
1838 299 2056 348 doctrinae
2067 310 2170 354 non

248 374 525 425 adhaesisset,
547 371 619 416 vel
641 369 834 416 nimiam
859 374 936 416 aut
959 382 1052 415 non
1079 367 1270 415 omnino
1297 374 1471 416 certam
1505 371 1819 430 existimasset,
1854 389 1948 422 non
1971 377 2036 424 sic
2062 386 2164 428 eam
2252 418 2255 437 2

242 446 513 508 simpliciter
538 445 803 493 adduxisset
824 450 1045 506 tanquam
1069 445 1406 504 auctoritatem,
1426 447 1520 494 imo
1541 452 1585 495 et
1607 452 1826 511 tanquam
1847 453 2165 511 probationum

245 538 357 585 quas
383 524 633 571 deduxerat
662 523 915 582 legitimam
940 522 1326 570 conclusionem:
1369 541 1390 569 α
1424 523 1486 571 Ex
1516 525 1588 572 his
1623 527 1851 584 omnibus,
1876 529 2039 592 inquit,
2062 537 2167 581 tan-
2229 587 2232 592 ,

245 602 348 649 dem
379 602 583 649 inferunt
611 602 835 659 doctores,
858 618 878 645 »
908 604 1004 648 etc.
1039 601 1153 648 Sane
1182 601 1220 647 si
1243 601 1509 662 opinionem
1539 605 1815 652 contrariam
1849 606 1920 652 vel
1947 605 2168 669 tantisper*-
2232 615 2233 619 ’

244 679 531 738 probabilem
556 684 837 740 reputasset,
866 678 913 724 id
941 691 1071 725 more
1101 691 1186 724 suo
1211 678 1427 726 adnotare
1451 693 1546 727 non
1570 680 1812 728 ormsisset.
1841 681 1893 728 ln
1928 695 2061 743 opere
2087 685 2164 732 Ve-
2228 711 2230 715 ν

243 755 341 802 rite'
360 756 416 803 de
441 756 486 803 la
509 757 590 817 foi,
612 761 739 817 parte
762 755 833 811 111,
855 770 896 802 c.
928 769 1006 811 vn,
1035 755 1120 802 sub
1137 755 1281 802 finem
1302 755 1368 802 sic
1394 756 1529 804 habet
1553 774 1563 803 :
1600 777 1622 799 «
1650 757 1805 811 Quand
1823 757 1931 805 bien
1954 760 2102 808 meme
2122 761 2167 811 le
2227 779 2233 802 ὲ

243 833 445 895 premier
469 835 735 889 sentiment,
762 847 852 895 que
873 833 916 880 le
947 833 1063 894 Pape
1083 833 1179 879 seul
1204 837 1274 879 est
1297 832 1537 881 infaillible
1562 834 1676 881 dans
1710 849 1784 882 ses
1819 835 2079 884 definitions
2107 848 2165 887 ex

241 910 481 965 cathedra,
509 911 647 958 serait
672 912 889 967 douteux‚
913 912 1104 972 quoique
1125 923 1238 957 nous
1258 910 1299 957 le
1328 913 1539 973 croyions
1564 913 1767 968 certain,
1791 927 1970 960 comme
1991 928 2104 962 nous
2123 915 2166 964 le

244 987 398 1034 serons
422 989 520 1035 voir
544 989 657 1035 dans
688 988 729 1035 le
766 987 970 1048 chapitre
1003 1001 1090 1033 x...
1123 1006 1144 1028 »
1171 987 1224 1034 Et
1251 988 1300 1034 in
1326 989 1413 1035 hoc
1439 989 1585 1049 capite
1620 1005 1648 1036 x
1675 989 1879 1050 ejusdem
1914 991 2061 1051 operis
2094 993 2166 1042 Ve-

243 1066 338 1112 rite'
360 1064 416 1111 de
445 1066 490 1112 la
521 1066 602 1126 soi,
630 1070 681 1111 ut
717 1078 848 1111 suam
880 1067 1075 1123 exponat
1099 1062 1372 1118 doctrinam,
1409 1064 1517 1110 citat
1553 1065 1689 1112 verba
1718 1065 1916 1114 Suaresii
1943 1079 1954 1115 :
1998 1067 2165 1118 Veritas

243 1138 469 1185 catholica
490 1144 570 1193 est,
608 1136 883 1197 Pontificem
911 1135 1207 1194 definientem
1239 1149 1300 1182 ex
1330 1135 1553 1184 cathedra
1584 1152 1682 1186 esse
1706 1140 1916 1200 requlam
1944 1139 2052 1200 fidei
2077 1155 2169 1203 qum

243 1228 405 1262 errare
431 1228 523 1262 non
542 1222 744 1276 potest...
774 1215 846 1260 lla
870 1212 1033 1260 docent
1063 1211 1147 1259 hoc
1173 1220 1370 1274 tempore
1391 1213 1606 1261 catholici
1632 1227 1804 1270 omnes,
1829 1221 1874 1262 et
1898 1229 2055 1263 censeo
2078 1229 2168 1267 esse
2236 1239 2237 1242 ¹

242 1304 340 1337 rem
366 1291 421 1337 de
441 1290 531 1351 fide
551 1297 787 1337 certam...
816 1290 927 1336 Tam
946 1295 1015 1336 est
1035 1294 1249 1336 constans
1278 1289 1497 1336 Ecclesiae
1521 1304 1764 1340 consensus
1789 1298 1834 1339 et
1849 1291 2167 1341 catholicorum

242 1369 523 1428 scriptorum
548 1364 789 1414 concordis
813 1364 869 1411 de
895 1365 981 1412 hac
1005 1366 1202 1412 veritate
1231 1368 1475 1422 sententia,
1508 1374 1559 1414 ut
1596 1383 1702 1416 eam
1731 1370 1782 1416 in
1817 1368 2010 1416 dubium
2042 1382 2169 1417 revo-

242 1453 349 1486 care
368 1441 497 1487 nullo
520 1440 651 1487 modo
674 1440 827 1487 liceat.
848 1441 960 1487 Item
987 1441 1113 1496 citat,
1134 1455 1228 1488 non
1254 1443 1415 1499 semel,
1446 1445 1525 1491 sed
1553 1445 1745 1505 plurieS,
1781 1451 1827 1493 et
1858 1445 2045 1507 quidem
2078 1446 2167 1493 lau-

242 1518 408 1573 dando,
435 1523 480 1564 et
497 1518 627 1565 valde
649 1523 815 1566 notatu
837 1518 1032 1580 diqnum
1051 1521 1399 1579 praemonendO,
1418 1527 1595 1569 textum
1617 1523 1868 1570 Melchioris
1891 1523 1997 1570 Cani
2020 1537 2031 1572 ε
2065 1541 2083 1568 «
2105 1523 2167 1571 En

246 1600 393 1651 outre,
426 1596 594 1657 inquit,
624 1596 668 1643 le
691 1601 848 1643 savant
871 1596 1088 1643 Melchior
1115 1597 1251 1651 Cano,
1281 1598 1394 1645 dans
1420 1613 1502 1646 son
1528 1601 1706 1648 celebre
1729 1615 1924 1660 ouvrage
1954 1600 2023 1663 (de
2045 1601 2167 1649 Locis

244 1672 459 1733 theoloq,
489 1675 520 1719 l.
547 1673 614 1727 VI,
650 1688 756 1733 cap.
793 1673 870 1734 vn)
896 1674 961 1720 dit
987 1689 1076 1735 que
1100 1665 1281 1736 I’Eglise
1300 1691 1325 1723 a
1345 1677 1556 1738 toujours
1582 1693 1639 1726 eu
1660 1692 1849 1725 recours
1866 1692 1954 1724 aux
1979 1676 2169 1725 Pontifes

240 1752 443 1797 romains
469 1751 581 1798 dans
612 1752 679 1797 les
702 1752 864 1798 choses
890 1741 1275 1812 qui'concernent
1305 1754 1345 1800 la
1367 1755 1446 1811 foi,
1483 1762 1528 1802 et
1549 1770 1639 1816 que
1667 1756 1796 1810 ‚leurs
1817 1754 2078 1814 jugements
2097 1758 2170 1803 ont

243 1828 449 1887 toujours
476 1829 545 1875 ete
584 1829 850 1876 consideres
893 1843 1070 1876 comme
1099 1831 1458 1878 irrevocables...
1499 1833 1534 1878 Il
1569 1833 1636 1878 dit
1668 1833 1846 1879 ensuite
1874 1851 1882 1878 :
1911 1833 2001 1879 Nos
2023 1837 2171 1880 autem

242 1918 527 1952 communem
561 1907 896 1953 catholicorum
929 1908 1207 1953 sententiam
1231 1921 1559 1968 sequamur...,·
1597 1922 1735 1969 quam
1758 1921 2002 1954 sacrarum
2037 1906 2172 1952 etiam

243 1983 528 2029 Litterarum
557 1983 829 2028 testimonia
854 1982 1155 2041 confirmant,
1173 1983 1459 2042 Pontificum
1481 1985 1667 2031 decreta
1696 1985 1939 2044 definiunt,
1957 1981 2175 2030 concilio-

241 2074 349 2106 rum
382 2060 547 2106 Patres
581 2059 847 2119 affirmant,
885 2058 1202 2118 apostolorum
1241 2059 1436 2107 traditio
1461 2059 1645 2120 probat,
1681 2067 1930 2122 perpetuus
1963 2058 2175 2107 Ecclesia
2240 2066 2241 2070 ’

242 2150 353 2184 usus
380 2137 607 2184 observat.
635 2137 736 2183 Puis
764 2138 796 2182 il
833 2136 984 2196 ajoute
1008 2148 1082 2180 ces
1109 2140 1228 2181 mots
1253 2136 1623 2197 remarquables:
1660 2128 1779 2184 Hinc
1805 2138 1950 2199 quaeri
1972 2137 2083 2184 solet
2118 2133 2179 2184 ad
2204 2186 2213 2199 ,

240 2213 509 2259 haereticum
532 2213 595 2259 sit
618 2226 839 2268 asserere,
861 2225 990 2273 posse
1015 2211 1284 2272 quandoque
1311 2214 1567 2259 Romanam
1590 2213 1768 2267 Sedem‚
1794 2212 2172 2274 quemadmodum

241 2297 285 2336 et
309 2297 522 2345 caeteras,
555 2304 583 2335 a
619 2289 795 2336 Christi
820 2289 909 2349 side
935 2288 1130 2348 deficere
1148 2289 1171 2334 ξ)
1204 2290 1263 2335 Et
1293 2290 1476 2348 faciant
1510 2291 1629 2337 satis
1653 2305 1667 2336 .·
1692 2290 2002 2350 Hieronymus
2023 2290 2172 2352 perju-

241 2368 370 2413 rium
394 2365 550 2413 dicens
575 2367 652 2427 qui
681 2368 897 2414 Romanae
922 2367 1054 2415 Sedis
1081 2366 1220 2424 fidem
1250 2379 1342 2412 non
1372 2367 1516 2426 fuerit
1553 2374 1735 2414 secutus
1766 2383 1780 2413 .·
1808 2367 2061 2429 Cyprianus
2095 2365 2170 2412 di-

240 2457 359 2498 cens,
387 2444 468 2496 Qui
493 2444 759 2489 cathedram
795 2445 940 2501 Petri,
971 2460 1113 2505 supra
1151 2458 1287 2505 quam
1313 2444 1500 2491 fundata
1534 2450 1602 2491 est
1642 2445 1856 2498 Ecclesia,
1896 2444 2084 2499 deserit,
2125 2442 2168 2490 in

240 2520 435 2567 Ecclesia
470 2535 570 2567 esse
603 2535 695 2567 non
723 2522 953 2568 confidat:
999 2522 1210 2584 Synodus
1252 2521 1632 2577 Constantiensis,
1675 2521 1942 2569 haereticum
1961 2521 2170 2582 judicans

240 2598 318 2657 qui
351 2597 405 2643 de
431 2596 541 2655 fidei
579 2599 795 2645 articulis
828 2599 971 2645 aliter
1008 2601 1150 2646 sentit
1180 2613 1318 2660 quam
1353 2604 1516 2645 sancta
1551 2599 1758 2646 Romana
1794 2600 1995 2646 Ecclesia
2033 2597 2166 2649 docet,

241 2674 366 2721 Illud
385 2681 612 2735 postremo
644 2676 832 2731 addam,
867 2691 969 2723 cum
998 2690 1057 2723 ex
1084 2675 1422 2723 traditionibus
1457 2677 1763 2738 apostolorum
1796 2676 1856 2722 ad
1879 2674 2168 2724 evincendam

242 2751 461 2799 haeresim
489 2759 821 2813 arqumentum
843 2761 1016 2800 certum
1043 2753 1277 2806 trahatur,
1298 2761 1477 2801 constat
1499 2761 1656 2801 autem
1681 2755 1910 2801 Romanos
1936 2754 2169 2814 Episcopos

243 2829 381 2875 Petro
408 2831 461 2875 in
484 2827 595 2888 fidei
621 2831 893 2891 maqisterio
931 2833 1200 2878 successisse
1233 2831 1290 2878 ab
1325 2832 1552 2892 apostolis
1580 2846 1676 2879 esse
1703 2833 1948 2885 traditum,
1978 2844 2060 2877 cur
2083 2841 2166 2876 non
2246 2814 2253 2982 ι

243 2902 515 2951 audebimus
541 2907 843 2953 assertionem
875 2905 1121 2952 adversam
1156 2914 1379 2966 tanquam
1410 2906 1679 2954 haereticam
1714 2906 2061 2955 condemnare?
2085 2901 2165 2951 Sed

243 2980 456 3027 nolumus
480 2982 690 3028 Ecclesiae
708 2982 938 3045 judicium
976 2989 1279 3030 antevertere.
1322 2983 1444 3030 Illud
1480 2998 1651 3041 assero,
1689 2991 1733 3031 et
1763 2983 1963 3043 fidenter
1992 2981 2163 3044 quidem
2247 2989 2253 3051 ξ

244 3072 423 3113 assero,
451 3074 605 3106 rasa-m
639 3074 710 3108 eos
743 3061 959 3108 Ecclesiae
991 3067 1036 3106 et
1072 3060 1332 3120 perniciem
1357 3062 1557 3120 afferre,
1595 3063 1675 3123 qui
1714 3068 1886 3123 neqant
1922 3062 2164 3108 Romanum
2246 3061 2254 3170 Ι

245 3134 522 3194 Pontificem
554 3138 707 3191 Petro,
740 3137 849 3196 fidei
880 3136 1190 3197 doctrinaeque
1221 3139 1495 3185 auctoritate
1525 3138 1786 3193 succedere,
1816 3143 1899 3184 aut
1932 3142 2052 3184 certe
2081 3133 2164 3180 ad·-

243 3215 432 3256 struunt
453 3224 690 3258 summum
721 3212 933 3259 Ecclesiae
970 3212 1235 3267 Pastorem,
1263 3214 1532 3274 quicumque
1564 3214 1646 3260 ille
1677 3215 1756 3267 sit,
1794 3226 1956 3262 errare
1980 3214 2029 3260 in
2063 3206 2166 3271 fidei
2239 3173 2254 3312 ζ

238 3286 420 3347 judicio
438 3302 582 3348 posse.
618 3289 868 3351 Utrumque
897 3289 1071 3338 scilicet
1101 3288 1307 3337 haeretici
1331 3291 1530 3351 faciunt.
1568 3291 1654 3349 Qui
1694 3306 1801 3340 vero
1829 3293 1925 3339 illis
1952 3292 2004 3339 in
2041 3296 2165 3337 utro·

249 3378 331 3422 que
355 3373 630 3426 repuqnant,
672 3368 721 3413 hi
747 3369 798 3414 in
826 3369 1031 3415 Ecclesia
1060 3368 1282 3416 catholici
1308 3367 1593 3415 hahentur...
1631 3367 1712 3415 J'ai
1748 3370 1960 3430 rapporte
1984 3382 2035 3415 ce
2064 3377 2167 3426 pas-¹

251 3453 356 3498 sage
378 3442 434 3487 de
461 3442 655 3489 Mechior
680 3443 801 3490 Cano
825 3445 916 3490 asin
941 3459 1030 3505 que
1054 3447 1234 3492 chacun
1254 3445 1354 3492 voie
1382 3445 1593 3492 combien
1617 3445 1649 3491 il
1673 3450 1741 3493 est
1765 3447 2023 3506 important
2042 3431 2177 3509 ροαῆ

251 3515 300 3558 la
326 3516 391 3572 foi
422 3517 464 3562 d'
468 3518 630 3564 etablir
651 3534 701 3565 ce
721 3520 851 3579 point
867 3521 923 3566 de
946 3521 1267 3568 l‘infaillibilite
1291 3523 1352 3568 du
1368 3522 1483 3581 Pape
1500 3522 1614 3568 dans
1637 3536 1709 3568 ses
1733 3522 2028 3568 definitions»
2047 3513 2176 3582 (OEuss
2258 3577 2262 3583 ⁴

250 3602 353 3634 vres
377 3595 623 3652 complete-s
655 3597 710 3642 de
731 3597 848 3643 saint
871 3597 1068 3658 Liguori,
1101 3603 1137 3644 t.
1160 3598 1266 3645 XVII
1299 3598 1386 3651 bis,
1416 3613 1463 3658 p.
1494 3597 1570 3653 99,
1599 3598 1738 3655 Paris,
1767 3598 1923 3659 1856).
1958 3597 2021 3643 lbi
2043 3571 2171 3656 patei

253 3665 398 3710 sancti
431 3668 646 3726 Alphonsi
679 3672 938 3719 doctrinam
969 3687 1080 3721 non.
1102 3673 1238 3722 aliam
1271 3674 1412 3721 fuisse
1451 3687 1590 3733 quam
1625 3674 1819 3721 Suaresii
1845 3677 1891 3719 et
1920 3663 2166 3718 Melchiorid·
2241 3727 2245 3743 ἦ
