2306 4010
738 248 740 250 *
793 222 917 268 PARS
948 222 1187 270 SECUNDA.
1555 235 1558 238 ⁴
1845 215 1932 264 515

61 345 150 399 tus
171 337 424 396 videlicet
459 328 597 408 Papa
630 326 949 400 GregoriuS‚
981 346 1159 403 usque
1189 329 1253 385 ad
1283 325 1647 403 prolationem
1687 327 1931 381 tantum-

60 437 220 495 modo
259 447 535 490 canonum
572 429 713 484 hanc
740 423 1155 499 suscipiendam
1191 426 1308 482 fore
1331 423 1588 499 signavit.
1618 422 1811 479 Beatus
1837 438 1933 477 au-

60 543 169 593 tem
215 550 365 607 teque
401 532 537 604 Papa
567 521 836 591 Gelasius,
879 522 940 577 in
971 528 1125 579 tomo
1162 524 1230 580 de
1272 522 1646 581 anathematis
1687 519 1927 590 vincula,

60 634 295 709 qualiter
339 627 523 687 eadem
564 620 805 696 synodus
839 621 1157 696 recipienda
1196 623 1366 693 sit...,
1403 622 1503 679 tali
1540 619 1934 678 deliberatione

62 727 338 786 concludit
362 720 533 792 illaec,
562 717 843 790 inquienS,
867 724 919 772 et
938 717 1259 790 hujusmodi
1286 720 1534 795 exempla
1558 738 1661 776 nos
1679 719 1930 786 edocent,

65 835 115 885 et
144 821 449 884 testimonia
477 815 660 872 divina
703 813 1054 882 confirmant,
1081 825 1213 870 ’non
1243 816 1431 871 omnia
1475 817 1686 891 passim
1723 834 1752 872 a
1794 835 1932 890 quo-

62 938 295 997 cumque
317 917 476 983 dicta‚
513 912 598 968 vel
626 911 967 984 ubicumque
999 912 1206 986 scripta
1240 911 1633 970 indifferenter
1663 914 1932 989 accipere,

65 1019 178 1088 sed,
199 1010 417 1088 retentis
438 1008 622 1079 bonis,
660 1025 783 1080 quae
809 1014 1043 1063 noceant
1082 1008 1349 1064 refutare.
1380 1009 1517 1063 Nam
1550 1016 1601 1064 et
1631 1011 1774 1066 hanc
1792 1028 1933 1082 quo-

57 1130 160 1191 que
194 1116 432 1167 sanctam
477 1106 751 1182 synodum
800 1107 1066 1162 canonica
1105 1107 1362 1179 quaedam
1413 1107 1655 1181 capitula
1687 1108 1934 1183 promul-

52 1223 224 1280 gasse,
250 1204 561 1260 Graecorum
582 1203 798 1277 scripta
824 1209 1101 1259 testantur
1126 1227 1135 1269 ;
1183 1221 1306 1277 quae
1332 1211 1518 1261 tamen
1547 1221 1689 1278 pene
1723 1204 1933 1273 omnia,

51 1304 177 1377 quia
213 1303 376 1359 Sedes
406 1301 703 1377 apostolica
732 1320 842 1357 non
869 1302 1140 1376 probavit,
1167 1307 1282 1357 tota
1318 1302 1566 1358 latinitas
1595 1302 1930 1377 reprobavit.

51 1402 152 1460 Sed
189 1402 320 1475 quid
359 1402 426 1456 dc
465 1393 568 1456 h'ac
607 1401 721 1456 sola
749 1400 1030 1457 dicimus?
1061 1419 1188 1456 cum
1218 1405 1270 1455 et
1311 1401 1621 1456 'secundam
1646 1400 1931 1457 universa-

49 1500 154 1557 lem
186 1499 480 1575 synodum,
514 1502 638 1572 quac
677 1499 858 1573 primo
894 1498 1365 1571 Constantinopoli
1409 1498 1683 1554 celebrata
1720 1505 1824 1567 est,
1876 1499 1930 1552 in

18 1617 208 1658 ‚causa
234 1600 505 1673 primatus
545 1598 937 1666 Ecclesiarum,
966 1597 1136 1653 Sedes
1179 1596 1477 1671 apostolica
1507 1615 1616 1651 non
1646 1597 1927 1652 admittat.

51 1694 190 1759 Quin
215 1702 267 1751 et
290 1714 480 1751 omnes
511 1695 748 1770 synodos
784 1694 863 1750 sic
898 1694 1243 1767 recipiendas
1278 1693 1557 1763 decernat,
1586 1699 1646 1748 ut
1671 1693 1932 1748 Chalchc-

55 1793 347 1849 (lonensem
374 1793 643 1868 synodum
669 1793 1067 1849 admittendam
1101 1793 1220 1848 fore
1247 1791 1544 1866 praedictus
1578 1797 1805 1846 sanctus
1837 1791 1933 1844 Ge-

54 1887 223 1945 lasius
250 1890 387 1964 Papa
413 1890 699 1959 describit,
722 1907 822 1964 pro
842 1889 967 1944 fidei
986 1888 1196 1945 scilicet
1219 1887 1613 1944 communione
1638 1893 1690 1943 et
1706 1887 1935 1943 veritate

54 1988 313 2044 catholica
340 1995 391 2044 et
423 1988 744 2063 apostolica,
769 2004 868 2061 pro
892 2005 1000 2059 qua
1022 1988 1162 2041 hanc
1190 1986 1310 2041 ficri
1334 1986 1499 2041 Sedes
1526 1985 1820 2060 apostolica
1849 1987 1938 2040 de-

61 2085 274 2159 legavit,
297 2087 609 2159 factamque
636 2086 876 2142 firmavit
894 2085 917 2141 ⁸?
934 2086 1134 2141 Verum
1162 2086 1205 2141 si
1229 2085 1416 2140 omnia
1437 2103 1765 2158 exaggerare
1788 2085 1939 2140 volu-

63 2202 185 2241 mus
203 2203 324 2259 quae
343 2187 399 2240 in
426 2185 652 2241 Honorii
689 2186 845 2259 Papae
880 2184 1292 2239 excusationem
1329 2183 1585 2256 colligere
1608 2201 1932 2258 possumus,

60 2279 263 2340 facilius
287 2286 476 2347 charta
505 2284 663 2339 nobis
708 2301 876 2356 quam
903 2299 1085 2339 sermo
1125 2281 1359 2338 deliciet.
1403 2303 1428 2332 »

61 2501 84 2553 S
107 2502 143 2543 5.
168 2526 218 2535 -
241 2505 369 2547 Prima
393 2506 590 2547 defensio.
621 2530 672 2536 —
699 2506 831 2546 Etiam
857 2499 1062 2546 concessa
1078 2503 1294 2555 hypothesi
1325 2502 1436 2555 quod
1460 2503 1620 2544 sincera
1646 2503 1782 2544 soi-ent
1807 2504 1937 2545 docu-

110 2575 242 2612 menta
263 2574 414 2625 quihus
446 2573 671 2614 adversarii
711 2574 919 2619 nituntur,
960 2583 1229 2624 nequaquam
1263 2570 1464 2622 probatur
1491 2571 1540 2611 ab
1568 2571 1745 2612 Honorio
1780 2571 1932 2612 editam

108 2636 230 2678 fuisse
253 2639 378 2680 ullam
399 2652 613 2680 erroneam
634 2640 727 2680 fidei
747 2639 1035 2679 definitionem
1060 2651 1067 2678 :
1097 2638 1195 2678 item
1221 2650 1303 2678 non
1322 2639 1525 2690 probatur
1549 2651 1646 2678 eum
1672 2639 1723 2679 ob
1749 2639 1932 2692 aliquam

105 2715 315 2746 erroneam
346 2707 438 2747 fidei
458 2707 740 2747 definitionem
766 2720 786 2746 a
813 2711 922 2747 sexta
948 2705 1132 2757 generali
1158 2705 1313 2757 synodo
1340 2704 1468 2746 fuisse
1492 2705 1747 2745 damnatum.

129 2860 188 2914 ln
218 2861 315 2916 hac
341 2867 510 2935 prima
532 2865 869 2933 defensione,
911 2863 1288 2919 abstrahimus
1329 2881 1357 2918 a
1385 2863 1755 2918 controversia
1791 2881 1925 2917 num

57 2954 289 3023 genuina
318 2957 425 3011 sint
454 2958 782 3015 documenta
799 2959 1004 3032 quibus
1034 2959 1338 3014 adversarii
1360 2958 1648 3019 nituntur;
1677 2964 1728 3012 et
1755 2959 1927 3012 ratio-

60 3046 311 3102 cinamur
341 3049 397 3103 in
424 3051 706 3124 hypothesi
740 3054 887 3125 quod
918 3055 1134 3108 sincera
1167 3054 1297 3109 sint.
1340 3054 1456 3115 Quo
1495 3058 1823 3125 praenotatO,
1860 3052 1927 3106 sit

133 3140 406 3196 Pnorosmo
433 3144 488 3197 1⁰.
506 3145 698 3202 —Non
723 3150 781 3202 ob
800 3148 941 3203 aliud
959 3151 1153 3204 erroris
1184 3158 1456 3204 accusatus
1484 3148 1744 3202 Honorius
1763 3148 1930 3219 Papa,
1962 3212 1965 3214 v

59 3256 209 3309 ιμιαηι
246 3240 303 3292 ob
329 3240 470 3294 binas
503 3259 622 3295 suas
655 3243 721 3296 ad
760 3243 998 3316 Seryium
1022 3248 1291 3318 epistolas.
1318 3245 1502 3299 —Est
1537 3244 1591 3298 id
1629 3251 1785 3300 extra
1820 3264 1934 3301 om-

61 3351 186 3389 nem
214 3334 440 3389 omnino
466 3338 920 3393 controversiam.
955 3339 1232 3394 Nimirum
1262 3342 1360 3395 has
1391 3340 1527 3394 duas
1556 3339 1701 3396 solas
1724 3342 1924 3415 episto·

60 3429 140 3484 las
161 3430 457 3485 adversarii
481 3431 768 3504 proferunt
792 3438 1052 3504 tanquam
1083 3435 1491 3490 monothelismi
1519 3437 1772 3494 haercsim
1795 3457 1923 3495 con-

59 3526 318 3594 tinentcs3
367 3534 419 3583 et
456 3528 660 3602 pariter
693 3535 839 3585 sexta
883 3530 1149 3601 generalis
1192 3532 1433 3606 synodus
1481 3553 1591 3591 non
1642 3536 1708 3592 ob
1765 3537 1916 3594 aliud

58 3639 223 3692 quam
251 3625 318 3680 ob
352 3623 568 3680 easdem
605 3625 760 3680 binas
785 3625 1041 3700 epistolas
1068 3626 1122 3682 in
1148 3628 1448 3686 Honorium
1481 3634 1773 3690 anathema
1794 3654 1918 3709 pro-
