2306 4010
832 192 962 240 PARS
991 190 1229 240 SECUNDA.
1890 188 1980 238 179

95 314 388 365 manenter
427 324 525 363 seu
576 305 783 378 absque
830 302 946 360 ulla
984 300 1252 376 temporis
1308 298 1738 375 interruptione.
1773 298 1973 356 Illuso-

96 403 244 461 rium
273 405 423 462 enim
452 404 594 459 foret
616 403 710 476 jus
740 398 1019 476 pascendi,
1043 398 1088 454 si
1117 414 1250 472 grex
1278 398 1484 473 pastori
1516 397 1737 456 obedire
1762 415 1872 454 non
1897 403 1978 456 te-

99 508 344 557 neretur.
378 500 512 572 Ergo
539 499 593 554 vi
626 497 795 571 hujus
820 501 1025 564 textuS‚
1051 494 1151 551 soli
1178 494 1424 551 Romano
1439 494 1687 552 Pontifici
1709 494 1978 570 competit

93 596 186 669 jus
218 604 270 652 et
312 595 557 652 officium
596 601 777 652 totum
818 608 1037 666 gregem
1077 591 1230 646 omni
1271 598 1551 648 momento
1591 593 1884 667 pascendi,
1925 598 1980 650 et

102 694 341 752 vicissim
370 700 588 751 tenetur
629 709 760 766 grex
797 690 951 746 omni
987 693 1268 746 momento
1299 689 1348 746 ei
1377 707 1592 766 parere.

175 792 450 846 Pnorosmo
474 789 556 845 11⁸.
580 818 648 829 —
668 787 750 843 Ex
773 785 996 859 praefato
1021 788 1141 858 jure
1166 793 1321 858 atque
1343 788 1517 858 officio
1531 790 1810 860 pascendi,
1835 797 1886 845 et
1914 806 1980 846 ex

103 887 329 963 praefata
353 887 659 958 obligatione
676 882 965 951 obediendi,
986 888 1164 955 aperte
1193 883 1341 954 sequi
1349 889 1433 937 tur
1463 883 1683 939 Romani
1710 885 1981 958 Pontificis

104 984 461 1058 infallibilitcw.
479 979 775 1036 —Etenim
795 978 915 1036 ideo
935 977 1184 1035 Christus
1199 979 1350 1051 gregi
1369 996 1494 1048 SUO,
1515 979 1571 1034 id
1588 986 1668 1037 est
1696 981 1975 1055 Ecclesiae,

104 1096 423 1154 supremum
457 1083 735 1151 pastorem
769 1076 1056 1134 constituit
1082 1077 1394 1133 Romanum
1420 1077 1762 1149 Pontificem,
1791 1087 1852 1135 ut
1884 1099 1984 1154 per

102 1175 267 1231 talem
302 1179 574 1249 pastorem
601 1190 733 1246 grex
757 1173 940 1230 salvus
963 1172 1358 1243 custodiretur,
1380 1190 1482 1228 nec
1503 1172 1766 1247 luporum
1797 1175 1986 1231 incur-

102 1270 255 1327 sibus
285 1270 632 1326 venenatisve
660 1268 880 1343 pascuis
915 1268 1305 1342 perimeretur.
1351 1269 1486 1343 Ergo
1519 1268 1612 1324 tali
1655 1270 1864 1342 pastori
1892 1289 1986 1327 ne-

103 1367 340 1424 cessaria
375 1366 610 1423 contulit
645 1371 707 1422 ut
739 1366 841 1421 hoc
867 1383 1034 1421 suum
1061 1365 1307 1421 officium
1332 1367 1550 1440 explere
1575 1374 1778 1440 posset.
1814 1368 1985 1424 Porro

107 1462 214 1518 nisi
247 1480 374 1517 eum
402 1461 814 1517 infallibilitatis
840 1462 1195 1535 praerogativa
1224 1461 1506 1533 donasset,
1536 1470 1684 1519 recte
1710 1465 1985 1538 explendo

110 1555 255 1611 dicto
278 1555 454 1611 officio
479 1556 748 1630 imparem
771 1556 1109 1628 reliquisset.
1147 1557 1283 1612 Nam
1322 1558 1502 1631 quoad
1528 1576 1750 1631 gregem
1785 1559 1849 1615 de
1876 1579 1987 1633 quo

116 1652 319 1724 agitur,
347 1653 399 1707 id
435 1659 535 1725 cst,
569 1654 747 1726 quoad
788 1653 1108 1723 Ecclesiam,
1142 1654 1373 1711 deficere
1411 1674 1440 1711 a
1471 1674 1596 1712 vera
1626 1657 1735 1711 fide
1759 1658 1988 1728 Christi,

115 1748 259 1804 idem
287 1757 367 1805 est
394 1767 455 1804 ac
494 1750 638 1824 lupis
666 1750 865 1824 perimi
889 1757 941 1806 et
971 1768 1180 1806 veneno
1212 1751 1412 1824 perire.
1449 1751 1588 1824 Ergo
1618 1758 1679 1807 ut
1703 1752 1990 1809 Romanus

111 1845 354 1900 Pontifex
381 1846 589 1902 dictum
630 1865 797 1903 suum
824 1847 1068 1902 officium
1104 1854 1251 1903 recte
1275 1849 1517 1923 expleat,
1540 1866 1766 1904 necesse
1800 1857 1884 1906 est
1923 1857 1992 1906 ut

110 1958 332 1998 omnem
372 1943 595 1999 omnino
628 1944 752 1999 fidei
783 1961 1027 2001 errorem
1068 1946 1135 2000 ab
1161 1945 1400 2002 Ecclesia
1449 1964 1671 2021 semper
1694 1955 1902 2022 arceat,
1936 1956 1992 2005 et

111 2037 189 2095 sic
210 2039 392 2112 gregis
441 2041 879 2114 peremptionem
932 2041 1233 2099 efficaciter
1259 2050 1580 2118 praecaveat.
1613 2045 1733 2100 Jam
1759 2063 1887 2101 vero
1938 2046 1985 2102 si

111 2135 283 2209 possit
329 2135 558 2210 ipsemet
589 2154 832 2193 errorem
865 2143 917 2194 et
949 2139 1204 2196 haeresim
1231 2140 1447 2211 docere,
1482 2159 1593 2196 non
1624 2148 1842 2198 tantum
1874 2161 1987 2199 non

112 2230 311 2285 valebit
340 2232 519 2303 gregis
544 2233 981 2306 peremptionem
1008 2234 1334 2307 praepedire,
1371 2237 1469 2291 sed
1503 2238 1621 2309 ipse
1646 2256 1869 2311 gregem
1896 2258 1988 2314 pe·

116 2322 301 2388 rimet3
335 2325 451 2397 ipse
477 2326 644 2398 lupus
688 2327 792 2383 erit
826 2327 1268 2385 immanissimus
1294 2336 1346 2386 et
1387 2331 1573 2386 ovium
1601 2350 1990 2406 agnorumque

114 2416 413 2490 jugulator.

192 2513 295 2569 Nee
322 2514 536 2571 dicatur
558 2534 589 2571 a
614 2517 828 2574 Christo
854 2520 1183 2577 constitutos
1214 2521 1351 2577 alios
1371 2528 1639 2596 pastoreS,
1664 2525 1782 2597 qui,
1805 2526 1990 2600 primo

115 2618 332 2684 pastore
352 2629 623 2668 venenum
647 2615 1055 2686 tradente,eum
1078 2619 1372 2675 cohibeant
1398 2638 1461 2676 ac
1491 2623 1794 2695 corrigant,
1828 2631 1880 2679 et
1903 2626 1984 2681 sic

115 2722 332 2779 gregem
379 2707 688 2766 immunem
734 2720 973 2769 servent.
1028 2715 1188 2786 Nam,
1235 2734 1301 2773 ex
1350 2719 1533 2791 prima
1583 2721 1986 2795 propositione,

115 2809 330 2861 tenetur
350 2813 496 2863 totus
519 2825 668 2882 greX,
699 2827 761 2865 ac
787 2811 1022 2885 proinde
1046 2819 1303 2871 tenentur
1344 2817 1447 2891 ipsi
1482 2818 1649 2874 etiam
1694 2819 1987 2877 inferiores

118 2910 378 2975 pastoreS,
416 2923 674 2981 supremo
707 2909 915 2982 pastori
962 2911 1207 2981 obedire3
1241 2920 1294 2970 et
1325 2915 1453 2989 ipsi,
1495 2936 1606 2973 non
1660 2919 1809 2989 aliis,
1838 2938 1988 2974 com-

119 2996 347 3055 missum
378 3007 538 3058 estut
565 3021 756 3060 omnes
802 3012 983 3079 pascat
1011 3025 1107 3063 seu
1137 3015 1308 3082 regat.
1345 3010 1486 3084 Ergo
1534 3014 1601 3068 ab
1636 3014 1754 3087 ipso
1782 3013 1988 3068 doctri-

119 3109 245 3149 nam
270 3112 456 3152 omnes
480 3099 720 3175 recipere
736 3107 1014 3160 tenentur.
1043 3105 1278 3163 Proinde
1303 3108 1414 3164 nisi
1440 3110 1642 3165 tradita
1669 3128 1771 3183 per
1802 3111 1985 3183 ipsum

119 3185 362 3246 doctrina
386 3208 602 3269 semper
627 3215 767 3271 pura
808 3199 883 3255 sit
925 3206 980 3256 et
1010 3200 1387 3259 infallibiliter
1412 3222 1564 3274 vera,
1594 3206 1715 3278 ipsa
1742 3206 1983 3263 Ecclesia

117 3286 313 3359 poterit
338 3305 367 3343 a
394 3292 632 3364 puritate
656 3295 782 3352 fidei
811 3296 1070 3365 deficere,
1113 3304 1173 3354 et
1204 3300 1283 3355 sic
1331 3306 1523 3356 contra
1550 3319 1671 3356 eam
1699 3308 1867 3377 portae
1902 3304 1985 3359 in-

115 3381 215 3438 feri
243 3388 631 3459 praevalebunt.
666 3393 821 3458 Quod
845 3412 974 3450 cum
1007 3412 1298 3467 nunquam
1329 3398 1651 3470 contingere
1675 3402 1870 3474 possit,
1900 3403 1985 3459 in-

117 3478 358 3538 fallibilis
386 3484 456 3540 sit
475 3486 755 3546 Romanus
780 3491 1026 3546 Pontifex
1060 3508 1285 3548 necesse
1314 3501 1417 3550 est.

190 3578 452 3637 Caeterum
480 3590 590 3641 tota
630 3588 744 3643 haec
787 3587 1136 3645 ratiocinatio
1166 3589 1247 3646 sic
1275 3591 1497 3650 brevius
1526 3596 1725 3670 exponi
1763 3603 1939 3672 potest
1967 3619 1979 3651 :
