2262 3990
264 137 353 184 404
945 122 1237 171 TRACTATUS
1268 121 1334 168 DE
1365 121 1512 168 PAPA.

262 259 495 319 prorsus
519 234 922 295 existimatam.
946 230 1199 297 Prorsu3‚
1228 228 1465 302 inquam
1487 250 1497 294 3
1530 243 1663 306 nam
1682 226 1731 283 si
1754 234 2036 302 repertam
2055 247 2178 290 eam

258 343 317 398 in
351 340 470 396 suis
487 333 800 400 codicibus,
834 329 922 387 vel
950 329 1121 385 dubiae
1139 325 1590 385 authenticitatis
1613 331 1955 401 reputasset,
1984 317 2206 405 aliqua*

251 437 455 493 saltem
487 429 852 488 adnotatione
878 427 936 484 id
962 426 1372 498 consignasset.
1402 424 1620 490 Quibus
1653 425 2009 500 praenotatiS,
2046 445 2214 485 con-⁷

258 537 446 592 fictam
465 549 496 588 a
519 527 822 587 Donatistis
842 525 1158 583 Firmiliani
1189 523 1488 601 epistolam
1510 523 1754 581 dicimus
1781 525 1851 581 ob
1875 531 2178 598 sequentes
2216 567 2218 569 >

259 633 511 690 rationes
542 650 552 682 :

336 733 389 788 1.
429 730 590 786 Illam
635 726 912 802 ignoravit
950 730 1179 783 sanctus
1209 722 1590 797 Augustinus,
1619 721 1757 778 Dum
1786 721 1938 778 enim
1966 721 2178 782 dealiis
2208 766 2214 802 5

254 828 512 906 Cypriani
539 827 795 904 epistolis
823 844 962 900 quas
991 824 1101 900 ipsi
1127 822 1470 897 objiciebant
1496 820 1796 877 Donatistae
1825 821 2170 880 mentionem
2211 882 2214 886 ,

254 931 413 1001 facit,
439 930 510 985 de
536 931 644 986 ista
669 945 905 1004 prorsus
938 925 1086 982 silet.
1119 924 1239 980 Non
1265 930 1454 979 autem
1499 922 1689 978 sileret
1720 923 1766 978 si
1801 940 1923 979 eam
1950 923 2185 997 objecis-

258 1036 383 1087 sent
407 1029 728 1086 Donatistae.
758 1027 903 1100 Ergo
938 1043 1062 1082 eam
1090 1040 1206 1079 non
1250 1020 1608 1094 objiciebant.
1637 1020 1807 1078 Porro
1835 1022 1879 1078 si
1898 1024 2017 1096 jam
2041 1029 2171 1080 nota

256 1129 461 1184 fuisset.
485 1146 549 1184 eo
574 1133 827 1201 tempore
846 1121 1162 1178 Firmiliani
1194 1120 1455 1196 epistola,
1485 1125 1540 1174 et
1565 1136 1691 1175 eam
1713 1119 1772 1175 in
1795 1121 2038 1178 latinum
2065 1139 2181 1178 ver·
2232 1127 2233 1130 ’

254 1227 416 1284 tisset
445 1245 507 1282 ac
534 1225 878 1300 publicasset
903 1221 956 1276 S.
987 1220 1320 1295 Cyprianus,
1343 1224 1447 1277 hoc
1463 1220 1827 1297 potissimum
1844 1219 2179 1275 documento

256 1327 372 1382 nixi
407 1344 567 1382 suam
596 1329 792 1380 contra
820 1328 1082 1379 sanctum
1111 1321 1491 1395 Augustinum
1528 1336 1760 1376 causam
1791 1317 2171 1375 defendissent

256 1423 577 1480 Donatistae.
1448 1491 1456 1500 ¹

330 1523 469 1579 Item
504 1521 571 1579 de
607 1523 711 1578 hac
742 1520 975 1597 epistola
1014 1520 1143 1578 silet
1182 1519 1479 1578 Eusebius,
1514 1519 1578 1575 Et
1615 1523 1805 1574 tamen
1833 1515 2016 1591 capite
2040 1533 2090 1569 111
2114 1513 2180 1570 li-

252 1623 343 1680 bri
393 1620 622 1696 septimi
667 1619 916 1677 historiae
962 1637 1077 1675 suae
1122 1618 1273 1693 (dato
1313 1635 1426 1673 non
1461 1623 1726 1672 concesso
1776 1612 1926 1688 quod
1969 1611 2181 1668 dictum

255 1724 423 1793 caput
448 1717 671 1774 Eusebii
717 1717 810 1786 sit,
845 1723 898 1773 et
932 1734 1045 1773 non
1070 1715 1397 1788 confictum)
1433 1732 1556 1770 eam
1584 1713 1826 1786 allegare
1857 1710 2172 1781 debuisset,
2206 1756 2222 1786 -.

252 1824 450 1893 utpote
477 1836 601 1890 quae
628 1817 942 1892 plurimum
970 1816 1193 1873 valebat
1221 1815 1289 1872 ad
1330 1812 1752 1890 comprobanda
1780 1829 1907 1885 quae
1941 1809 2019 1865 ibi
2055 1826 2181 1865 nar·
2216 1832 2218 1835 ’

255 1921 342 1972 rat
387 1916 453 1970 de
498 1916 862 1971 contentione
917 1914 1259 1993 Cyprianum
1310 1913 1459 1969 inter
1512 1917 1566 1967 et
1619 1906 1991 1986 Stephanum.
2052 1907 2180 1963 Eam

256 2032 388 2087 ergo
423 2013 700 2087 ignoravit
731 2012 1032 2068 Eusebius.

327 2113 465 2170 Item
500 2112 568 2168 de
593 2129 654 2167 ea
687 2111 812 2167 silet
846 2118 1355 2185 contemporaneus
1396 2108 1692 2183 Dionysius
1723 2105 2177 2174 AlexandrinuS,
2227 2176 2229 2185 τ

258 2213 318 2267 in
345 2212 567 2268 duabus
605 2209 861 2285 epistolis
888 2209 1099 2283 quibus
1126 2209 1275 2284 apud
1307 2209 1589 2264 Romanos
1619 2204 1912 2261 Pontifices
1939 2203 2146 2277 Stepba
2165 2234 2187 2244 ·

258 2329 398 2368 num
432 2318 485 2368 et
523 2310 742 2366 Sixtum
789 2309 924 2383 egit,
953 2327 1022 2366 ne
1050 2309 1301 2366 severius
1334 2313 1530 2364 contra
1563 2305 1957 2361 Firmilianum
1981 2319 2184 2378 proce-

258 2412 455 2469 derent
499 2413 569 2468 ob
603 2410 785 2487 ipsius
830 2410 897 2467 de
945 2407 1359 2485 rebaptizandis
1398 2406 1675 2463 haereticis
1717 2403 2062 2480 opinionem.
2109 2402 2176 2459 De

258 2528 369 2583 quo
395 2510 639 2586 Dionysii
668 2509 894 2567 silentio
930 2508 1118 2565 fusius
1145 2507 1294 2563 infra
1321 2505 1648 2563 disseritur.

333 2610 473 2666 Item
505 2611 564 2665 in
606 2610 834 2684 scriptis
881 2628 1005 2683 quae
1038 2613 1347 2685 supersunt
1381 2607 1562 2663 sancti
1601 2603 1861 2681 Cypriani
1898 2601 2058 2658 nulla
2096 2617 2183 2658 oc-

257 2708 435 2765 currit
476 2709 688 2764 mentio
721 2709 789 2764 de
822 2709 1137 2765 Firmiliani
1168 2708 1436 2784 epistola;
1477 2724 1601 2780 quae
1624 2711 1815 2763 tamen
1841 2704 2026 2762 tribus
2045 2706 2168 2760 ante
2209 2706 2214 2766 Ῐ

262 2805 521 2882 Cypriani
555 2805 894 2881 martyrium
932 2806 1094 2862 annis
1123 2806 1334 2882 scripta
1369 2805 1737 2881 supponitur.

338 2906 611 2964 Praeterea
645 2907 893 2983 epistolae
929 2906 1273 2963 Firmilianae
1298 2913 1489 2964 textus
1513 2924 1730 2981 graecus
1757 2904 1962 2962 nullibi
1990 2920 2174 2980 reper-

263 3014 356 3064 tus
386 3013 469 3064 est
494 3030 503 3074 ;
538 3013 591 3063 et
614 3006 761 3082 quod
786 3005 964 3063 latina
981 3006 1160 3063 versio
1184 3025 1309 3080 quae
1326 3007 1570 3063 habetur
1595 3005 1775 3063 sancti
1811 3002 2067 3080 Cypriani
2086 3001 2173 3070 sit,

266 3113 350 3163 est
379 3125 532 3163 mera
567 3106 910 3181 conjectura.
944 3106 1196 3164 Incertus
1223 3125 1426 3182 nempe
1456 3106 1628 3181 hujus
1655 3103 1932 3162 versionis
1963 3107 2176 3160 auctor.

343 3207 465 3263 Jam
507 3226 637 3264 vero
695 3207 933 3284 epistola
980 3208 1143 3282 cujus
1184 3214 1373 3266 textus
1412 3206 1795 3276 authenticus,
1841 3205 1898 3260 id
1929 3210 2034 3275 est,
2060 3216 2187 3276 grae-

268 3327 392 3381 cus,
448 3327 560 3365 non
598 3309 862 3381 habetur,
913 3309 1076 3384 cujus
1110 3309 1295 3367 versio
1345 3308 1545 3365 incerti
1596 3306 1846 3364 auctoris
1880 3311 1986 3375 est,
2031 3307 2084 3358 et
2120 3299 2185 3356 de

270 3424 380 3477 qua
407 3407 574 3464 silent
615 3412 873 3464 auctores
918 3406 1378 3482 contemporanei
1405 3424 1467 3462 ac
1496 3422 1767 3481 suppares
1798 3402 1898 3476 qui
1926 3402 1994 3458 de
2019 3416 2079 3455 ea
2106 3396 2183 3451 lo-

273 3502 371 3572 qui
411 3504 762 3577 debuissent,
812 3503 1017 3562 merito
1061 3509 1333 3578 tanquam
1376 3501 1609 3560 conficta
1659 3499 1965 3575 spuriaque
2007 3489 2180 3567 rejici-

277 3601 398 3652 tur.
1732 3591 1738 3595 ’
