2306 4010
245 157 302 204 66
910 135 1200 191 TRACTATUS
1231 134 1297 180 DE
1327 133 1474 180 PAPA.

248 263 367 320 suis
394 265 636 335 quatuor
663 246 925 312 articulis
947 240 1394 312 constringerent
1433 242 1488 295 et
1525 239 1594 296 ad
1635 237 1980 295 credendum
2009 237 2149 294 obli·
2294 267 2306 328 ἐ

316 379 345 416 r
380 378 416 415 n
451 404 462 414 .

246 366 598 512 gaPiossosmo
635 450 716 503 11².
735 439 962 499 -ss-Licet
986 438 1278 494 declaratio
1300 442 1528 509 quatuor
1555 434 1896 491 articulorum
1918 452 2024 490 non
2041 435 2156 508 fue-

245 560 315 613 rit
337 557 593 611 decretum
620 546 763 618 fidei,
793 541 895 612 fuit
919 547 1092 595 tamen
1112 556 1292 594 verum
1317 555 1375 592 ac
1402 537 1619 610 proprie
1640 536 1836 591 (lictum
1863 536 2150 591 decretum.

243 684 310 694 —-
330 650 431 714 Qui
462 645 594 702 facit
625 642 873 714 aliquam
893 637 1332 694 declarationem
1352 635 1746 707 doctrinalem,
1772 633 1902 690 licet
1932 651 2046 689 non
2074 633 2157 689 in-

238 747 425 804 tendat
459 743 599 799 alios
631 741 697 797 ad
727 737 1073 796 credendum
1112 736 1381 809 obligare,
1423 741 1603 809 potest
1644 740 1832 789 tamen
1875 731 1950 788 ita
1998 750 2157 788 suam

239 845 549 902 doctrinam
585 840 825 909 edicere,
870 844 934 896 ut
979 836 1151 894 simul
1181 836 1314 893 velit
1340 841 1393 892 et
1426 839 1688 911 procuret
1726 853 1849 891 eam
1889 833 2065 890 solam
2098 832 2155 888 in

237 943 442 1001 scholis
470 940 678 1011 doceri,
703 938 1044 996 contrariam
1068 954 1198 993 vero
1222 935 1523 992 efficaciter
1545 933 1853 1010 prohiberi.
1884 934 2052 990 Porro
2078 937 2157 988 ta-

240 1045 311 1100 lis
342 1040 639 1099 declaratio
682 1044 766 1095 est
806 1055 1003 1094 verum
1037 1054 1100 1092 ac
1130 1035 1359 1110 proprie
1390 1035 1606 1115 dictum
1638 1033 1952 1089 decretum.
1986 1032 2067 1089 Sit
2099 1032 2158 1087 in

238 1142 557 1217 exemplum
588 1158 686 1196 rex
714 1138 811 1212 qui
840 1138 919 1194 sic
938 1137 1249 1193 declararet
1277 1157 1287 1190 :
1312 1133 1602 1191 Sententia
1630 1152 1754 1190 mea
1779 1139 1884 1205 est,
1909 1133 2159 1189 Romano

235 1243 507 1318 Episcopo
532 1259 643 1297 non
664 1243 983 1314 competere
1001 1236 1309 1292 Primatum
1332 1233 1777 1309 jurisdictionis3
1807 1234 1952 1289 hanc
1979 1233 2157 1289 solam

235 1359 428 1396 omnes
455 1339 615 1413 regni
649 1338 760 1395 mei
794 1336 1142 1412 professores
1172 1334 1408 1390 doceant
1438 1350 1502 1388 ac
1528 1331 1796 1407 discipuli
1829 1331 2157 1399 defendant,

235 1438 338 1495 sub
368 1456 533 1512 poena
559 1436 822 1494 carceris.
857 1434 1001 1489 Sane
1034 1433 1164 1488 talis
1209 1430 1514 1488 declaratio
1539 1448 1735 1486 verum
1764 1430 2054 1485 decretum
2082 1429 2162 1483 fo-

234 1541 341 1604 ret,
371 1534 626 1609 quamvis
651 1552 748 1589 rex
791 1550 907 1588 non
949 1531 1058 1587 sibi
1106 1535 1437 1605 potestatem
1467 1533 1759 1601 arrogaret
1793 1526 2164 1583 conscientias

239 1631 521 1704 obligandi
552 1632 620 1687 ad
650 1631 994 1687 credendum
1024 1630 1263 1698 interne,
1285 1647 1468 1684 veram
1499 1646 1622 1684 esse
1654 1626 1964 1682 doctrinam
1991 1643 2159 1700 quam

241 1731 549 1787 docendam
579 1749 642 1786 ac
667 1729 1073 1786 defendendam
1107 1728 1381 1803 praecipit.
1411 1728 1563 1783 Unde
1589 1745 1780 1782 revera
1816 1726 1864 1781 si
1893 1725 2162 1781 Gallicani

242 1831 532 1906 praesuleS,
558 1848 670 1885 non
700 1834 923 1884 tantum
949 1846 1109 1884 suam
1151 1826 1486 1883 sententiam
1524 1824 1912 1900 exposuerint,
1951 1824 2047 1880 sed
2086 1825 2161 1880 si-
2302 1872 2306 1895 ,

242 1929 359 1984 mul
388 1928 666 1984 voluerint
691 1934 743 1983 et
770 1925 1200 2002 procuraverint
1218 1943 1340 1981 eam
1365 1924 1542 1980 solam
1571 1925 1642 1997 in>
1663 1923 1872 1980 scholis
1901 1941 1965 1979 ac
1993 1923 2161 1999 scrip-

242 2026 313 2082 tis
348 2025 532 2082 doceri
575 2044 637 2080 ac
673 2024 916 2095 defendi,
965 2022 1418 2095 contrariamque
1450 2020 1738 2095 prohiberi
1782 2039 1846 2076 ac
1873 2019 2159 2093 impediri,

240 2144 436 2181 verum
465 2144 526 2181 ac
549 2124 773 2198 proprie
796 2124 1010 2179 dictum
1037 2125 1303 2178 decretum
1333 2122 1655 2190 ediderunt,
1690 2139 1755 2176 ac
1790 2120 1956 2177 edere
1982 2119 2164 2175 inten-

243 2224 467 2280 derunt.
502 2223 622 2278 Jam
651 2241 781 2278 vero
812 2222 1195 2296 expendamus
1228 2221 1363 2294 quid
1396 2220 1731 2295 peregerint..

321 2322 374 2377 1⁰
413 2323 528 2377 Non
571 2320 834 2376 dixerunt
885 2319 1240 2375 solummodo
1285 2326 1530 2392 quatuor
1574 2319 1846 2376 articulos
1888 2325 2158 2392 tanquam

194 2463 196 2465 -
243 2420 527 2495 propriam
570 2419 892 2494 opinionem
935 2437 965 2474 a
1007 2437 1069 2474 se
1104 2419 1388 2488 declarari,
1433 2419 1527 2475 sed
1559 2419 1897 2475 addiderunt
1933 2419 2158 2474 eosdem

244 2519 513 2576 articulos
555 2536 584 2572 a
625 2535 683 2572 se
708 2521 926 2573 sanciri..
954 2519 1078 2573 Haec
1103 2537 1308 2592 nempe
1336 2521 1502 2575 verba
1540 2519 1717 2575 textui
1751 2525 1994 2592 quatuor
2028 2519 2161 2574 arti—

247 2617 506 2672 culorum
536 2614 933 2689 praemiserunt
963 2636 973 2667 :
1009 2615 1164 2671 «Nos
1202 2617 1615 2692 Archiepiscopi
1646 2613 1702 2672 ef
1725 2616 1984 2691 Episcopi
2014 2616 2163 2672 Pari-

250 2715 349 2771 siis
385 2714 648 2770 mandato
687 2713 839 2787 regio
867 2715 1212 2787 congregati,
1247 2716 1554 2773 Ecclesiam
1583 2717 1923 2773 Gallicanam
1958 2734 2163 2792 reprae-

251 2820 636 2883 sentanteS...,
684 2814 800 2867 haec
842 2813 1128 2868 sancienda
1171 2819 1222 2869 et
1265 2814 1598 2871 declaranda
1649 2834 1769 2872 esse
1814 2816 2161 2871 duximus.»

248 2911 388 2975 Quid
422 2917 579 2967 sonet
611 2929 716 2966 vox
738 2912 967 2978 sancire,
1000 2909 1077 2966 ita
1105 2911 1329 2985 exponit
1359 2912 1416 2966 in
1444 2913 1623 2968 lexico
1652 2933 1754 2969 suo
1778 2914 2125 2969 Forcellinus
2149 2936 2160 2968 ε

254 3004 513 3083 «sanem,
554 3018 802 3084 κυρόομαι,
833 3010 1116 3083 decerno,
1141 3016 1398 3068 statu0...
1445 3013 1736 3086 Proprium
1767 3019 1851 3070 est
1888 3014 2165 3088 legislato-

249 3128 377 3166 rum
406 3116 458 3166 et
491 3110 700 3182 legum.
730 3108 956 3183 Proprie
982 3108 1260 3181 significat
1301 3115 1557 3166 sanctum
1588 3111 1790 3181 facere,
1822 3111 1878 3168 id
1910 3119 2014 3182 est,
2043 3131 2159 3169 rem

251 3209 497 3280 aliquam
540 3214 603 3264 ut
646 3207 757 3264 Diis
789 3208 1081 3281 probatam
1114 3207 1355 3281 ideoque
1385 3210 1851 3283 perfectissimam
1878 3218 2048 3284 atque
2076 3212 2161 3267 in-

251 3306 566 3362 violabilem
588 3324 920 3382 proponere,
948 3307 1362 3364 constituere...
1393 3308 1531 3364 Hinc
1553 3311 1760 3364 sancire
1793 3310 2042 3365 solemne
2070 3328 2162 3365 vo-

251 3405 516 3460 cabulum
556 3406 622 3460 de
660 3405 900 3480 legibus,
934 3405 1263 3477 foederibus,
1298 3424 1423 3479 quae
1466 3407 1824 3477 sanciuntur,
1860 3406 1915 3461 id
1951 3412 2056 3478 est,
2104 3407 2163 3463 in
2301 3433 2306 3462 ι

252 3502 433 3578 ipsam
466 3503 706 3559 Deorum
746 3504 980 3560 tutelam
1013 3505 1412 3574 conferuntur,
1443 3513 1506 3562 ut
1540 3523 1664 3579 quae
1698 3505 1892 3560 laedere
1914 3508 2067 3579 nefas
2093 3509 2165 3561 sit

253 3606 484 3676 propter
531 3599 783 3675 ipsorum
815 3601 1272 3660 sanctimoniam:
1320 3603 1470 3661 Idem
1510 3604 1626 3660 fere
1662 3603 1812 3676 quod
1854 3612 2158 3662 statuere...
