2262 3990
245 149 332 198 502
925 139 1227 187 TRACTATUS
1255 140 1323 188 DE
1353 141 1498 190 PAPA.

245 253 588 331 respuerint.
614 246 768 304 Unde
796 245 1153 304 Gallicanum
1181 254 1428 323 systema
1458 250 1686 308 concilii
1710 255 2172 329 superioritatem
2207 301 2210 304 ι

246 347 513 420 intelligit
540 348 606 402 cle
630 345 866 403 Concilio
888 347 1125 418 generali
1150 345 1468 424 improprie
1493 348 1667 422 dicte,
1699 350 1756 408 id
1782 359 1888 423 est,
1919 355 2172 429 sejuncto

244 466 273 504 a
306 447 488 522 capite
516 465 619 503 suo
649 445 905 503 Romano
932 445 1218 518 Pontifice,
1258 447 1354 505 cui
1394 467 1603 527 nempe
1631 469 1745 509 non
1787 454 2046 526 assentit,
2089 458 2174 516 vel

241 543 412 601 etiam
440 537 774 602 adversatur
800 544 1092 602 Romanus
1125 545 1395 603 Pontifex.

317 642 606 699 Pnoposmo
634 644 741 702 ΙΨ.
780 677 850 685 -
877 642 1127 715 QuaestiO,
1166 663 1235 701 αη
1261 646 1541 703 concilium
1575 666 1691 705 cum
1722 650 1875 724 Papa
1917 652 1986 707 sit
2015 669 2175 728 supra

238 741 471 816 Papam,
519 750 596 799 est
642 745 814 799 vuinus
845 746 1145 818 praecipum
1195 745 1290 801 sed
1338 748 1585 819 quaestio,
1634 765 1706 803 αη
1747 750 2027 806 concilium
2064 753 2175 810 sine

240 842 395 916 Papa
426 845 496 899 sit
530 862 698 917 supra
732 844 962 918 Papam,
994 847 1185 901 summi
1213 849 1462 903 momenti
1499 854 1596 904 est.
1623 881 1694 889 —
1718 869 1746 902 «
1769 848 2014 914 Quaestio
2040 868 2204 925 prae-.

242 960 396 1014 senS,
448 942 526 1000 ait
574 943 955 1002 Bellarminus
1008 947 1105 1021 (cle
1156 945 1513 1004 Conciliorum
1557 951 1893 1020 auctoritate,
1948 951 2049 1008 lib.
2108 951 2173 1022 11,

242 1061 370 1120 cap.
422 1045 564 1118 xm),
610 1043 743 1101 licet
784 1044 1080 1102 nonnullis
1126 1044 1389 1103 videatur
1439 1048 1724 1124 praecipue
1769 1050 1982 1106 versari
2028 1051 2176 1110 circa

241 1143 490 1218 priorem
539 1142 1023 1220 Comparationem
1056 1144 1135 1217 (id
1173 1150 1279 1214 est,
1324 1146 1552 1202 concilii
1588 1165 1720 1204 cum
1763 1149 1910 1224 Papa
1955 1168 2020 1207 ex
2064 1169 2177 1208 una

242 1249 426 1318 parte,
454 1250 508 1301 et
554 1244 732 1300 solius
762 1244 922 1319 Papa>
961 1261 1028 1300 ex
1064 1250 1226 1319 parte
1264 1243 1490 1318 altera),
1538 1246 1749 1322 quippe
1790 1249 1944 1321 quod
1992 1249 2178 1307 existi-

241 1350 399 1400 mant
438 1343 748 1400 concilium
801 1344 922 1401 sine
971 1344 1117 1420 Papa
1160 1362 1274 1402 non
1318 1362 1444 1402 esse
1483 1363 1683 1403 verum
1734 1349 2072 1422 concilium,
2124 1357 2176 1409 et

242 1442 482 1517 proinde
509 1443 630 1499 sine
659 1443 829 1500 dubio
856 1445 1062 1520 Papam
1099 1462 1220 1501 esse
1257 1445 1530 1519 majorem
1564 1445 1661 1503 tali
1698 1447 1954 1516 concilim
1986 1455 2175 1507 tamen

243 1558 437 1598 revera
470 1543 708 1616 quaestio
736 1543 1021 1619 praecipua
1052 1549 1137 1600 est
1162 1543 1231 1600 de
1255 1544 1570 1620 posteriore
1601 1547 2045 1622 comparatione,
2069 1569 2096 1601 »
2121 1547 2176 1604 id
2259 1565 2262 1619 g

243 1646 349 1714 est,
375 1661 487 1717 qua
509 1643 906 1717 conferuntur,
935 1663 1000 1701 ex
1022 1663 1136 1701 una
1160 1651 1320 1720 parte
1347 1645 1502 1702 solus
1523 1645 1800 1718 Pontifex,
1829 1653 1881 1704 et
1911 1666 1976 1705 ex
2002 1647 2174 1705 altera
2260 1659 2262 1676 ³

243 1742 551 1799 concilium
584 1744 706 1801 sine
740 1763 965 1801 summo
996 1743 1263 1802 Pontifice

322 1842 364 1897 I.
396 1840 602 1904 Quanti
642 1844 916 1900 momenti
958 1843 1027 1900 sit
1069 1844 1328 1918 quaestiO,
1367 1863 1435 1901 an
1473 1846 1748 1902 concilium
1786 1849 1901 1902 sinc
1938 1846 2087 1920 Papa
2111 1849 2179 1903 sit
2260 1834 2262 1842 ⁴

247 1958 410 2015 supra
460 1941 697 2015 Papam,
759 1944 924 1999 facile
980 1945 1229 2000 advertet
1287 1945 1385 2017 qui
1441 1952 1739 2019 sequentes
1793 1945 2178 2004 adnotationes

249 2042 464 2094 attente
508 2039 886 2114 perpenderit.

327 2138 382 2194 1Ο
416 2138 660 2202 Quaestio
687 2138 807 2208 illa,
839 2157 966 2211 quae
989 2138 1243 2213 primum
1272 2139 1475 2212 agitari
1501 2139 1669 2213 coepit
1695 2139 1863 2215 paulo
1888 2147 2016 2197 ante
2043 2141 2182 2197 Con-

254 2237 627 2294 stantienscm
672 2236 975 2312 synodum,
1015 2255 1127 2293 non
1170 2243 1255 2294 est
1301 2238 1589 2294 subtilitas
1625 2256 1781 2295 mere
1815 2238 2179 2312 speculativa,

251 2335 348 2393 sed
380 2335 538 2392 ducit
579 2335 797 2405 statim,
837 2335 884 2391 si
924 2334 1260 2391 affirmative
1290 2334 1562 2405 solvatur,
1595 2334 1664 2390 ad
1704 2335 1847 2390 hanc
1873 2335 2182 2392 conclusio-

252 2453 384 2491 nem
428 2434 589 2491 valde
628 2433 939 2509 practicam
981 2454 991 2486 :
1056 2451 1224 2508 posse
1270 2451 1563 2489 summum
1613 2433 1961 2506 Pontificem,
2015 2434 2190 2491 etiam'

254 2533 518 2602 invitum,
554 2552 583 2588 a
614 2532 854 2589 concilio
879 2531 1152 2606 judicari,
1177 2531 1370 2607 puniri
1397 2549 1462 2588 ac
1487 2530 1715 2606 deponi.

332 2631 388 2685 2⁰
413 2631 565 2688 Hanc
590 2631 1016 2688 c‘onclusioncm
1035 2630 1354 2706 amplexata
1383 2634 1469 2686 est
1494 2635 1550 2686 et
1577 2628 1646 2685 ad
1674 2629 1891 2703 praxim
1913 2629 2182 2688 reducere

256 2729 491 2786 tentavit
517 2730 767 2805 synodus
794 2729 1152 2787 Basileensis.

334 2828 389 2884 5⁰
430 2827 706 2903 Legitime
733 2829 1030 2885 deducitur
1057 2831 1174 2884 haec
1205 2828 1405 2886 eadem
1438 2828 1727 2885 conclusio
1752 2847 1782 2886 e
1813 2828 2062 2886 secundo
2099 2843 2207 2894 are

256 2928 430 2986 ticulo
473 2929 895 2999 declarationiS,
944 2948 975 2986 a
1009 2935 1288 2987 conventu
1325 2928 1463 2986 cleri
1500 2929 1797 3002 Gallicani,
1835 2947 1985 2987 anno
2015 2927 2176 3001 1682,

255 3027 436 3084 editae.
480 3027 621 3084 Nam
671 3027 781 3100 ibi,
831 3033 895 3084 ut
943 3044 1115 3102 supra
1165 3025 1547 3097 ostendimUS,
1601 3031 1791 3102 aperte
1837 3026 2190 3098 admiserunt*

254 3128 524 3186 Gallicani
569 3128 867 3204 praesuleS,
911 3127 1042 3185 licet
1082 3127 1191 3184 sub
1240 3125 1366 3183 aliis
1410 3126 1694 3196 terminiS,
1748 3128 2025 3183 concilium
2073 3127 2181 3182 sine

253 3229 408 3303 Papa
441 3247 556 3286 esse
583 3247 750 3304 supra
774 3228 1002 3304 Papam
1053 3245 1120 3284 ex
1149 3245 1260 3301 quo
1289 3232 1480 3301 aperte
1503 3225 1765 3300 sequitur
1793 3244 1959 3302 posse
1980 3226 2179 3301 Papam

256 3329 428 3387 etia'm
456 3329 721 3402 invitum,
758 3348 788 3386 a
821 3329 922 3386 tali
952 3327 1191 3387 concilio
1215 3325 1485 3403 judicari,
1513 3326 1710 3402 puniri
1747 3333 1800 3384 et
1836 3326 2065 3402 deponi.
2141 3334 2145 3337 ’

334 3433 390 3487 4⁰
419 3431 558 3488 Item
582 3431 762 3506 logice
790 3430 1053 3505 sequitur
1086 3428 1362 3506 appellari
1387 3445 1553 3505 posse
1594 3445 1626 3485 a
1654 3428 1796 3503 Papa
1831 3427 1902 3484 ad
1928 3426 2179 3483 futurum
2247 3442 2251 3487 ἑ

258 3528 562 3586 concilium
605 3530 724 3588 sine
768 3531 938 3608 Papa,
981 3534 1103 3588 tum
1138 3528 1198 3586 in
1233 3527 1468 3586 materia
1508 3525 1660 3601 fidei,
1697 3533 1815 3585 tum
1854 3525 1915 3582 in
1945 3520 2179 3582 materia
2234 3594 2241 3612 ι

260 3623 591 3701 disciplinae.
