2262 3990
215 132 305 181 488
895 124 1187 172 TRACTATUS
1217 123 1284 170 DE
1313 123 1456 172 PAPA.

221 240 365 308 nita,
394 218 691 312 papalibus
715 230 1144 315 definitionibus
1173 231 1394 288 nullam
1435 231 1764 290 firmitatem
1802 232 2009 292 addere
2039 254 2137 312 po,

222 339 371 390 test.·
399 328 680 384 Nimirum
711 331 892 401 potest
937 328 1179 402 quisque
1216 327 1357 403 quin
1383 327 1603 385 desinat
1639 345 1766 385 esse
1800 329 2128 407 catholicus,

219 427 371 484 Sedis
397 425 719 500 apostolicae
752 425 991 500 judicia,
1033 426 1308 502 quamdiu
1342 427 1424 484 eis
1463 446 1585 507 non
1621 427 1857 484 accessit
1882 427 2161 491 Ecclesiae'
2190 441 2220 481 Ἀ

215 542 548 596 consensuS,
582 526 790 583 habere
818 532 1091 601 tanquam
1128 527 1306 585 errori
1340 527 1604 584 obnoxia.
1637 527 1709 584 De
1738 528 1884 585 facto
1911 528 1990 586 ita
2015 522 2164 605 pro?

219 623 563 681 nuntiarunt
598 624 818 682 Praelati
863 631 1166 683 conventus
1207 627 1342 683 anni
1378 625 1560 694 16823
1613 644 1716 684 nec
1756 626 1882 684 ideo
1928 627 2135 690 desiere

217 723 365 780 inter
401 722 707 780 catholicos
751 742 782 780 a
812 723 1082 782 Romanis
1117 723 1482 782 Pontificibus
1523 725 1822 782 recenseri.
1860 724 1937 781 Ne
1971 725 2138 799 igitur
2220 778 2221 781 ,

222 823 526 882 dicendum
560 825 633 882 sit
667 825 869 882 inutile
901 825 1039 898 quid
1076 824 1342 883 aChristo
1365 825 1696 884 institutum
1716 825 1916 898 fuisse,
1941 843 2138 901 negan-
2220 827 2221 830 ’

222 922 359 978 dum
387 929 470 980 est
495 922 709 980 dictum
738 922 1161 980 infallibilitatis
1187 923 1567 999 privilegium.
1601 946 1627 978 >›

297 1023 571 1081 Praenotet
602 1023 779 1080 lector
812 1023 1089 1098 ejusmodi
1123 1022 1576 1081 adversariorum
1603 1031 2003 1098 argumentum
2034 1043 2169 1083 me·-

215 1122 323 1178 rilo
370 1112 689 1198 retorqueri
735 1140 918 1197 posse.
969 1121 1172 1178 Dicunt
1213 1121 1517 1180 adversarii
1557 1144 1567 1177 :
1619 1124 1991 1197 Praeroqativa
2036 1125 2144 1181 haee

219 1223 420 1280 inutilis
474 1231 574 1293 est,
622 1242 744 1296 erqo
787 1241 904 1279 eam
954 1241 1061 1278 non
1098 1225 1353 1278 concessit
1397 1223 1657 1280 Christus.
1710 1225 1819 1280 Nos
1861 1224 2138 1281 dicimus:

214 1320 347 1377 Eam
404 1323 659 1381 concessit
710 1319 951 1377 Christus
1005 1320 1175 1395 (quod
1226 1322 1508 1377 immensa
1558 1321 1962 1396 probationum
2001 1322 2142 1380 mole

222 1419 786 1489 demonstravimus),
832 1437 958 1493 erqo
996 1418 1145 1475 utilis
1185 1427 1278 1475 est.
1318 1418 1423 1475 Sed
1457 1418 1730 1492 quoniam
1766 1420 2139 1476 memoratum

216 1518 507 1593 sophisma
552 1525 826 1594 perpetuo
873 1520 931 1574 in
976 1518 1169 1575 Galliis
1215 1518 1392 1576 retexi
1439 1519 1601 1587 solet,
1662 1537 1725 1575 ac
1777 1537 1891 1575 non
1938 1536 2141 1594 paucos
2179 1540 2181 1542 ·

217 1618 460 1689 irretire,
482 1618 666 1675 visum
694 1625 778 1675 est
802 1618 1014 1675 directe
1041 1637 1104 1675 ac
1131 1617 1296 1694 paulo
1322 1618 1506 1674 fusius
1535 1617 1679 1674 illud
1705 1617 1797 1672 hic
1827 1618 2136 1692 explodere.

214 1718 296 1775 Sit
331 1720 524 1793 igitur.

296 1819 578 1874 Pnoposmo
609 1820 668 1875 1³.
700 1854 770 1861 ——
793 1819 944 1888 Quod
971 1820 1198 1876 Romani
1228 1819 1505 1891 Pontificis
1537 1818 1892 1892 infallibilitas
1916 1818 2140 1873 nond-am

221 1919 292 1972 sit
322 1918 542 1988 definita
578 1926 626 1973 et
653 1919 717 1974 cle
745 1920 873 1990 fide,
906 1937 1085 1975 verum
1119 1928 1196 1974 est
1229 1919 1402 1991 quoad
1444 1919 1699 1990 quasdam
1735 1917 2016 1990 formulas,
2034 1917 2141 1989 pri-

222 2018 468 2092 vilegium
517 2019 658 2074 istud
705 2022 1082 2093 exprimentes,
1129 2037 1235 2074 non
1282 2019 1457 2091 quoad
1493 2019 1824 2073 alias.—-Id
1859 2021 1974 2091 jam
2023 2033 2148 2092 pro-

232 2116 490 2174 bavimus
532 2136 705 2192 supra
767 2122 919 2190 (sect.
955 2119 1010 2188 Ι,
1067 2137 1190 2194 cap.
1234 2119 1366 2191 xm),
1431 2125 1483 2174 et
1527 2118 1620 2174 hic
1671 2118 1878 2174 iterum
1936 2133 2148 2172 memo-

221 2232 439 2284 ramus,
498 2233 568 2270 ne
611 2215 721 2271 sibi
762 2215 1102 2290 persuadeat
1147 2215 1324 2271 lector
1367 2215 1627 2271 absolute
1672 2233 1735 2270 ac
1778 2213 1932 2270 omni
1979 2230 2146 2269 sensu

224 2332 416 2370 veram
459 2332 582 2370 esse
621 2314 1068 2390 propositionem
1102 2313 1245 2371 hanc
1279 2335 1289 2367 z
1334 2314 1561 2371 Romani
1600 2314 1874 2386 Pontificis
1905 2313 2147 2386 infallibi-

223 2415 347 2471 litas
382 2434 651 2489 nunquam
694 2417 915 2488 definita
956 2422 1035 2471 est
1075 2433 1168 2470 nec
1212 2422 1290 2470 est
1334 2416 1398 2471 de
1438 2416 1564 2487 fide.
1603 2413 1877 2488 Equidem
1921 2412 2143 2470 definita

222 2532 334 2570 non
369 2515 499 2585 fuit,
535 2515 693 2572 verbi
720 2516 924 2589 gratia,
974 2516 1080 2572 sub
1114 2515 1201 2571 his
1230 2514 1514 2580 terminiS‚
1546 2515 1698 2589 Papa
1733 2515 1948 2587 loquens
1973 2530 2036 2569 ea:
2062 2530 2144 2568 ea-

231 2614 417 2669 thedra
444 2614 739 2687 infallibilis
777 2622 876 2680 est;
914 2633 1015 2671 nec
1052 2615 1159 2672 sub
1198 2614 1343 2684 istis,
1382 2614 1804 2687 Irreformabilia
1845 2622 1967 2669 sant
2000 2612 2142 2669 Sedis

226 2711 537 2786 apostolicae
592 2715 803 2770 decreta
851 2715 1009 2787 fidem
1055 2717 1353 2788 spectantia
1403 2722 1686 2787 antequam
1742 2712 1990 2770 Ecclesiae
2035 2729 2143 2768 con-

226 2831 411 2868 sensus
441 2816 742 2869 accesserit.
777 2814 845 2870 At
887 2832 1148 2889 expresse
1189 2814 1453 2870 damnata
1493 2821 1575 2871 est
1621 2820 1685 2871 ut
1719 2814 1982 2871 haeretica
2021 2829 2140 2888 pro·

226 2910 432 2985 positio
459 2911 576 2967 haec
603 2931 613 2964 ε
645 2911 884 2968 Ecclesia
903 2914 1049 2968 urbis
1074 2912 1256 2969 Romae
1291 2930 1475 2969 errare
1497 2921 1697 2987 potest.
1722 2914 1859 2970 Item
1890 2925 2140 2987 expresse

225 3008 524 3066 definitum
564 3014 646 3066 est
690 3011 987 3084 Pontificiis
1030 3012 1425 3084 definitionibus
1467 3013 1644 3068 deberi
1682 3013 2050 3079 obedientiam,
2093 3013 2141 3063 et

214 3111 436 3189 >quidem
475 3114 822 3168 internamet
858 3130 923 3168 ex
951 3114 1148 3168 animo.
1191 3112 1407 3177 Quibus
1439 3130 1575 3169 sane
1604 3112 1865 3169 formulis
1908 3109 2138 3184 aequiva-

222 3209 403 3268 lenter
443 3218 499 3269 et
537 3213 893 3289 apertissime
931 3212 1244 3270 adstruitur
1282 3213 1520 3269 Romani
1561 3213 1843 3271 Pontificis
1885 3207 2142 3268 infallibi-

230 3310 381 3370 litas.
414 3313 574 3371 Salva
601 3333 731 3388 ergo
759 3315 856 3372 illa
885 3315 1270 3385 distinctione,
1289 3315 1658 3372 concedimus
1686 3313 2138 3372 infallibilitatem

223 3410 462 3470 Romani
494 3415 800 3487 pontificis,
835 3421 1114 3490 quatenus
1148 3416 1313 3473 certis
1342 3415 1604 3472 formulis
1637 3428 1979 3490 expressam‚
2003 3424 2140 3465 non-

2156 2144 2169 2159 ·

2221 2666 2228 2806 ⁴

2220 3122 2227 3315 1

222 3506 362 3564 dum
403 3512 692 3571 definitam
738 3514 935 3587 fuisse,
971 3515 1050 3572 ita
1094 3521 1158 3572 ut
1194 3515 1267 3572 sit
1305 3515 1374 3571 de
1414 3513 1543 3571 fide.
1582 3514 1647 3570 Et
1700 3513 1832 3569 hinc
1871 3516 1954 3569 est
1994 3505 2138 3582 quod
2212 3519 2213 3523 ’

227 3599 384 3659 illam
411 3615 680 3680 negantes
710 3629 741 3667 a
793 3610 930 3668 Sede
957 3611 1264 3687 apostolica
1301 3611 1488 3668 adhuc
1521 3610 1849 3674 tolerentur,
1889 3613 1943 3662 et
1976 3603 2147 3680 ipsiS‚.
