2262 3990
257 142 344 189 624
925 130 1224 179 TRACTATUS
1255 132 1322 179 DE
1353 131 1497 179 PAPA.

259 240 634 322 praecessisset
687 235 1048 294 auctoritas»
1101 238 1367 314 (Concilia
1413 237 1609 311 Coleti,
1646 243 1691 296 t.
1733 239 1799 312 X,
1850 241 1959 298 col.
2009 241 2191 319 597).·3

333 342 397 396 Et
432 339 490 394 in
523 335 719 393 eadem
757 334 974 394 actione
990 337 1054 410 X,
1077 356 1296 396 canone
1330 338 1425 410 55,
1455 337 1537 395 sic
1560 337 1751 412 legere
1784 344 1869 397 est
1898 360 1911 394 z
1945 339 2167 416 «Siqua

257 458 384 497 vcro
419 436 765 494 oecumenica
804 437 1016 514 synodo
1043 439 1300 511 collecta,
1342 439 1411 496 de
1447 438 1700 496 Romana
1733 437 1902 496 etiam
1930 439 2168 503 Ecclesia

256 537 637 598 controversia
660 537 928 611 extiterit,
963 538 1156 598 licebit
1181 559 1314 597 cum
1351 539 1570 597 decenti
1605 539 1917 598 reverentia
1949 540 2016 598 de
2048 560 2169 616 pro-

259 638 441 714 posita
477 637 788 712 quaestione
820 645 1158 697 veneranter
1184 639 1570 724 percunctari,
1600 657 2054 716 responsumque
2081 642 2171 700 ad-

263 739 509 812 mittere,
555 744 609 796 et
647 738 763 797 sive
787 739 973 815 juvari
1005 740 1121 799 sive
1151 740 1383 816 juvare3
1420 760 1533 799 non
1582 746 1775 799 tamen
1817 740 2170 817 impudenter.

260 847 455 898 contra
497 840 738 897 senioris
775 841 964 899 Romae
1002 841 1298 900 Pontifices
1342 841 1686 900 sententiam
1730 841 1916 900 dicere
1961 864 1989 898 »
2020 843 2173 919 (Con-

265 941 393 999 cilia
420 941 662 1013 Coleti,t.
696 941 756 1009 X,
780 941 890 999 col.
917 942 1072 1014 879).

341 1043 417 1099 Ex
450 1042 520 1099 iis
552 1042 731 1100 octavi
759 1022 984 1100 corscilii
1019 1043 1353 1102 oecumenici
1380 1044 1565 1102 verbis
1597 1043 1716 1102 haec
1746 1042 2060 1118 colligenda
2092 1061 2175 1103 ve-

268 1143 433 1201 niunt
462 1165 471 1199 :
500 1144 705 1216 Primo,
737 1163 846 1200 non
871 1145 992 1200 licet
1012 1143 1373 1202 oecumenicae
1396 1144 1609 1221 synodo
1639 1143 1976 1202 sententiam
2004 1143 2178 1203 dicere

269 1246 466 1298 contra
496 1239 737 1297 senioris
777 1240 966 1296 Romae
1012 1240 1328 1298 Pontifices·
1359 1274 1431 1283 -
1462 1241 1723 1311 Secundo,
1758 1239 1929 1297 talem
1968 1245 2177 1298 senten-

271 1340 405 1397 tiam
427 1341 702 1415 proferre,
738 1357 851 1395 non
883 1344 1108 1397 tantum
1161 1340 1522 1415 illegitimum
1550 1341 1715 1408 foret,
1747 1340 1843 1398 sed
1890 1339 2176 1414 impudens.

273 1472 342 1481 —-
381 1439 576 1510 Tertio,
607 1438 817 1513 legitur
858 1439 1088 1513 quidem
1129 1440 1449 1497 Romanum
1474 1440 1803 1498 Pontificem
1833 1439 1901 1497 de
1935 1437 2180 1496 omnium

272 1538 651 1596 Ecclesiarum
684 1538 1051 1596 Pontificibus
1088 1539 1408 1614 judicasse3
1456 1547 1510 1598 at
1550 1539 1618 1597 de
1656 1539 1779 1616 ipso
1831 1556 2171 1613 quemquam

272 1638 576 1714 judicasse,
613 1658 719 1696 non
739 1640 952 1714 leyilur.
979 1674 1049 1683 ——
1073 1641 1292 1714 Quarto,
1317 1641 1392 1698 ita
1427 1646 1580 1699 tenet
1603 1647 1861 1698 octavum
1893 1637 2184 1697 concilium

272 1741 710 1812 oeemnonicum,
754 1742 1156 1799 nonobstante
1184 1743 1540 1799 anathemate
1591 1739 1758 1815 (quod
1802 1739 1910 1797 sibi
1956 1736 2185 1814 objicit),

272 1846 466 1896 contra
501 1839 811 1896 lionorium
847 1840 1074 1916 Papam,
1121 1841 1179 1897 in
1228 1847 1381 1898 sexta
1431 1841 1642 1917 synodo
1671 1838 2036 1912 oecumenica,
2070 1854 2189 1913 pro·

274 1939 556 1995 nuntiato.
604 1940 743 1994 Tum
784 1942 915 2012 quia
964 1941 1117 1997 istud
1159 1944 1455 1999 anathema
1489 1941 1923 2017 pronuntiatum
1961 1945 2045 1997 est
2081 1945 2192 2013 post

276 2045 499 2094 mortem
530 2036 780 2107 Honorii‚
820 2057 882 2094 ac
922 2038 1160 2114 proinde
1180 2040 1414 2113 quando
1445 2039 1563 2114 jam
1588 2059 1700 2096 non
1725 2045 1840 2097 erat
1863 2040 2027 2115 Papa.
2059 2038 2193 2094 Tum

270 2134 401 2208 quia
428 2136 861 2210 pronuntiatum
887 2142 995 2207 est,
1019 2139 1079 2193 ab
1101 2137 1490 2205 Orientalz‘ba35
1518 2158 1638 2212 quae
1667 2158 1771 2196 vox
1794 2136 1983 2194 innuit
2005 2155 2033 2192 a
2060 2135 2193 2193 Sede

271 2234 575 2309 apostolica
602 2241 740 2291 tunc
759 2240 1044 2311 receptam
1068 2254 1182 2293 non
1211 2236 1387 2294 fuisse
1411 2237 1691 2311 ejusmodi
1721 2236 2046 2315 synodalem
2072 2252 2190 2292 sen-

271 2333 532 2406 tentiam,
571 2352 670 2391 seu
700 2334 885 2409 quoad
921 2334 1074 2392 istud
1108 2338 1408 2393 anathema
1437 2336 1849 2394 oecumenicum
1883 2353 1996 2392 non
2019 2333 2190 2392 fuisse

273 2442 492 2493 sextum
525 2436 783 2510 generale
807 2436 1136 2494 concilium.
1167 2437 1276 2495 Nec
1302 2437 1603 2514 objiciatur
1625 2437 1979 2495 contrarium
2006 2433 2186 2509 colligi

277 2555 341 2593 ex
379 2537 504 2594 istis
534 2537 722 2595 verbis
759 2539 863 2593 nisi
903 2539 1135 2612 ejusdem
1155 2541 1349 2614 primae
1370 2538 1520 2596 Sedis
1553 2524 1832 2596 consensus
1852 2538 2192 2613 praecessisset

279 2641 589 2695 auctoritas
643 2639 760 2695 Non
816 2639 952 2696 dicit
999 2638 1247 2716 synodus
1295 2642 1456 2697 istum
1490 2657 1803 2697 consensum
1836 2638 2185 2714 praecessisse.

278 2737 382 2794 Sed
405 2737 717 2807 dumtaxat,
755 2756 867 2795 non
895 2739 1149 2816 potuisse
1187 2740 1488 2798 anathema
1520 2738 1772 2813 legitime
1801 2736 2039 2814 proferri
2071 2753 2190 2793 con-

278 2842 366 2893 tra
405 2835 571 2893 illum
607 2842 923 2910 mortuum,
962 2837 1074 2894 nisi
1115 2837 1175 2893 in
1206 2856 1341 2895 casu
1373 2857 1483 2913 quo
1513 2838 1697 2895 dictus
1724 2844 2032 2895 consensus
2060 2851 2190 2911 prae-

279 2934 563 2993 cessisset.
633 2936 725 3011 (De
766 2953 877 3010 quo
930 2934 1055 2991 vide
1105 2941 1264 3011 parte
1307 2936 1591 3007 secunda,
1645 2927 1792 2994 sect.
1828 2935 1886 3002 V,
1944 2954 2066 3011 cap.
2097 2930 2188 3006 111.)

276 3037 417 3093 Tum
459 3035 707 3110 denique
744 3035 879 3110 quia
925 3035 1204 3092 Honorius
1259 3042 1558 3093 accusatus
1609 3035 1794 3092 fuerat
1861 3034 1928 3091 de
1981 3029 2192 3111 haeresi,

280 3142 334 3191 et
365 3141 596 3213 propter
621 3138 791 3193 solum
826 3134 978 3192 istud
1008 3134 1224 3192 crimen
1251 3135 1473 3193 licitum
1506 3141 1588 3193 est
1630 3133 1994 3192 inferioribus
2034 3148 2195 3207 supe-

278 3234 415 3292 riori
463 3254 565 3294 suo
615 3235 901 3293 resistere.
951 3234 1156 3312 Papam
1213 3241 1402 3293 autem
1450 3234 1774 3293 haereticum
1816 3234 1933 3309 jam
1990 3234 2192 3310 papatu

279 3334 555 3393 excidisse
612 3335 747 3392 olim
807 3341 1107 3394 senserunt
1161 3335 1327 3392 multi
1393 3335 1644 3393 doctores
1703 3332 1986 3392 catholici.
2049 3328 2215 3413 Unde·

283 3434 754 3493 anathematizare
789 3435 992 3510 Papam
1037 3432 1263 3512 publice
1310 3433 1638 3492 haereticum
1683 3431 2001 3511 (supposito
2045 3425 2191 3506 quod

285 3550 446 3591 casus
495 3534 781 3611 possibilis
821 3536 918 3609 sit,
957 3535 1109 3612 quod
1153 3554 1268 3595 non
1298 3536 1500 3596 asserit
1536 3534 1863 3609 concilium)
1898 3549 2011 3591 non
2053 3531 2192 3589 esset

277 3628 539 3706 judicare
596 3651 791 3694 verum
845 3635 1084 3712 Papam,
1141 3633 1238 3694 sed
1307 3652 1413 3692 ex·
1433 3633 1658 3712 Papam.
1715 3631 1794 3690 Ob
1855 3649 1948 3690 eas
2005 3642 2190 3687 omnes
