2306 4010
206 147 266 196 28
879 140 1164 194 TRACTATUS
1194 139 1257 185 DE
1288 137 1432 184 PAPA.

207 236 377 314 Deum
418 257 787 330 hominesque
813 250 1071 324 redargui
1105 247 1210 303 rite
1237 243 1500 321 possetis,
1543 243 1664 300 loco
1710 249 1877 318 atque
1911 244 2111 300 honori

204 363 387 413 vestro
416 363 465 414 et
493 355 791 431 pastoralis
823 349 988 409 officii
1012 345 1199 402 debito
1233 344 1497 402 defuisse.
1535 344 1799 402 Memoria
1837 345 1995 402 vobis
2030 363 2113 401 re-

201 456 437 530 petenda
482 462 639 511 erant
674 470 794 527 quae
837 446 1056 520 antiqui
1098 446 1181 502 illi
1227 443 1573 502 sanctissimi
1621 445 1912 519 praesules,
1967 463 2109 519 quos

197 553 602 630 quamplurimi
633 555 822 625 postea
850 547 1100 621 qualibet
1130 552 1289 603 aetate
1326 550 1458 601 sunt
1485 543 1715 614 imitati,
1745 543 2104 619 episcopaliS‚

195 654 521 710 constantiae
548 668 611 705 ac
654 646 1003 704 fortitudinis
1030 646 1282 721 exempla
1322 645 1379 700 in
1411 629 1740 717 hujusmodi
1779 643 2006 699 casibus
2048 643 2117 699 ad

193 757 431 808 vestram
472 748 847 806 eruditionem
887 747 1204 804 ediderunt.
1255 745 1546 802 Intuendae
1585 743 1861 818 imagines
1905 744 2118 818 praede-

195 869 484 907 cessorum
514 856 855 918 vestrorum,
893 867 1006 906 non
1048 847 1229 904 solum
1255 846 1353 919 qui
1384 850 1631 921 patrum,
1662 844 1760 900 sed
1793 844 1892 918 qui
1918 851 2114 901 nostra

198 969 420 1024 quoque
458 950 731 1007 memoria
765 950 1110 1015 floruerunt3
1144 954 1195 1003 et
1234 946 1330 1020 qui
1362 944 1542 1001 lvonis
1577 944 1932 1001 Carnotensis
1966 944 2112 1001 dicta

197 1050 751 1119 laudatiS,debuistis
778 1049 945 1105 eliam
966 1049 1128 1115 facta,
1159 1065 1286 1103 cum
1312 1063 1400 1101 res
1429 1051 1706 1120 posceret,
1727 1044 1962 1101 imitari.
1980 1045 2113 1100 Nos-

198 1150 271 1206 tis
296 1156 570 1223 quantum
598 1150 645 1205 is
671 1149 863 1206 fecerit
887 1166 1203 1224 passusque
1229 1146 1298 1203 sit
1324 1147 1379 1202 in
1408 1145 1735 1202 turbulenta
1764 1145 1861 1201 illa
1885 1149 1938 1201 et
1962 1144 2111 1219 peri-

197 1249 384 1306 culosa
425 1249 777 1305 contentione
816 1249 963 1305 inter
1005 1248 1291 1304 Urbanum
1334 1245 1657 1302 Ponti-ficem
1698 1251 1750 1300 et
1789 1243 2110 1318 Philippum

195 1365 411 1420 rege1n3
457 1348 710 1404 muneris
747 1348 835 1404 sui
867 1366 989 1404 esse
1022 1347 1330 1403 arbitratus
1365 1352 1559 1401 contra
1590 1344 1804 1418 regiam
1850 1343 2111 1417 indigna-

203 1447 410 1503 tionem
457 1455 624 1518 stare‚
673 1449 837 1504 honis
880 1448 1127 1523 spoliari,
1169 1465 1420 1504 carceres
1447 1453 1497 1503 et
1531 1446 1694 1502 exilia
1722 1445 1988 1521 perferre,
2019 1445 2111 1501 dc-

203 1546 521 1602 screntibus
565 1547 690 1603 aliis
732 1565 959 1615 cau-sam
1003 1546 1314 1602 meliorem.
1361 1546 1538 1602 Officii
1578 1546 1743 1603 vestri
1792 1550 1910 1600 crat
1955 1543 2112 1599 Sedis

204 1645 527 1718 Apostolicae
571 1647 893 1701 authoritati
935 1665 1031 1701 vos
1074 1647 1401 1719 adjungere,
1449 1653 1499 1702 ct
1543 1646 1812 1719 pastorali
1858 1650 2106 1719 pectore,

204 1739 520 1797 humilitate
552 1741 906 1812 sacerdotali,
935 1760 1163 1797 causam
1195 1742 1574 1797 Ecclesiarum
1609 1748 1925 1796 vestrarum
1958 1742 2107 1814 apud

200 1856 383 1910 regem
414 1856 594 1911 agere,
620 1840 741 1912 ejus
772 1839 1174 1895 conscientiam
1212 1839 1280 1895 de
1302 1844 1417 1895 tota
1457 1858 1517 1896 re
1547 1839 1901 1911 instruendo,
1942 1838 2106 1895 etiam
2140 1874 2165 1897 .-

198 1952 327 1990 cum
354 1935 603 2009 periculo
630 1936 842 2009 regium
874 1936 930 1991 in
959 1955 1053 1992 vos
1082 1936 1335 1991 animum
1364 1936 1646 2007 irritandi,
1686 1942 1747 1992 ut
1780 1937 2017 2011 possetis
2051 1936 2109 1991 in

195 2041 483 2108 posterum
527 2036 650 2091 sine
682 2036 888 2091 rubore
930 2036 986 2090 in
1028 2035 1356 2110 quotidiana
1401 2036 1713 2110 psalmodia
1753 2037 1929 2091 Deum
1975 2036 2109 2092 allo-

195 2140 432 2206 quentes
455 2134 708 2190 Davidica
736 2135 899 2191 verba
931 2136 1181 2210 proferre
1209 2155 1221 2190 2
1248 2135 1521 2208 Loquebar
1562 2137 1626 2191 (Ie
1662 2137 1965 2191 testimoniis
2006 2137 2108 2190 tuis

193 2236 539 2306 ‘Inoonspectu
562 2253 763 2306 reqwn,
797 2243 846 2289 et
872 2252 979 2289 non
997 2236 1376 2307 confundebar.
1399 2235 1614 2299 Quanto
1645 2235 1822 2307 magis
1858 2232 1913 2289 id
1949 2234 2107 2289 vobis

191 2332 513 2387 faciendum
549 2332 678 2402 fuit,
720 2339 835 2388 tam
871 2339 1161 2407 perspecta
1194 2339 1248 2388 et
1286 2334 1568 2407 explorata
1599 2334 1799 2408 optimi
1828 2332 2105 2408 Principis

183 2430 402 2503 justitia
445 2436 496 2486 et
540 2430 766 2505 pietate,
811 2449 977 2503 quem
1022 2431 1299 2505 singulari
1327 2431 1534 2505 pietate
1557 2431 1860 2506 Episcopos
1883 2431 2102 2501 audire,

189 2529 449 2584 Ecclesiis
468 2530 672 2599 favere,
700 2536 753 2584 et
775 2529 1148 2603 episcopalem
1169 2536 1503 2603 potestatem
1531 2529 1922 2586 intemeratam
1941 2530 2099 2601 velle,

188 2645 283 2681 vos
307 2626 415 2700 ipsi
444 2626 713 2698 scribitiS,
737 2633 789 2683 et
815 2644 918 2682 nos
949 2645 1149 2700 magna
1180 2645 1310 2683 cum
1333 2627 1620 2702 voluptate
1641 2628 1882 2701 legimus
1909 2630 1967 2686 in
1990 2617 2114 2688 ves-⁴

188 2724 291 2780 tris
342 2724 566 2781 litteris,
619 2725 738 2780 Non
773 2724 1122 2798 dubitamuS‚
1173 2726 1219 2781 si
1260 2727 1558 2784 stetissetis
1602 2746 1790 2784 coram
1831 2748 1961 2803 rege
1999 2749 2101 2806 pro

188 2841 369 2878 causae
394 2829 510 2878 tam
543 2822 710 2896 justae
733 2822 1078 2894 defensione,
1108 2842 1291 2896 neque
1313 2824 1577 2881 defutura
1608 2827 1763 2883 vobis
1786 2829 1952 2884 verba
1975 2848 2100 2902 quae

187 2921 583 2993 loqueremini,
611 2939 796 2994 neque
822 2922 939 2995 regi
969 2941 1064 2978 cor
1093 2923 1274 2979 docile
1295 2942 1404 2996 quo
1431 2925 1631 2981 vestris
1667 2933 1938 2982 annueret
1969 2946 2097 3002 pos·

185 3021 396 3077 tulatiS.
436 3023 593 3078 Nunc
617 3041 747 3078 cum
779 3022 1035 3078 muneris
1062 3023 1229 3080 vestri
1251 3029 1303 3078 et
1330 3023 1495 3096 regiae
1521 3025 1805 3097 aequitatis
1829 3026 2098 3099 quodam-

186 3121 352 3175 modo
386 3121 545 3177 obliti
582 3121 640 3176 in
669 3122 807 3178 tanti
850 3122 1123 3178 momenti
1170 3122 1391 3194 negotio
1436 3123 1725 3179 silentium
1774 3125 2094 3198 tenueritis,

184 3237 296 3274 non
317 3220 572 3278 videmus
595 3240 705 3294 quo
723 3221 996 3296 probabili
1025 3221 1393 3278 fundamento
1422 3222 1769 3295 significetiS,
1789 3242 1886 3281 vos
1914 3225 1982 3280 ad
2018 3226 2093 3282 ita

186 3318 462 3391 agendum
511 3320 805 3391 adductOS,
853 3320 1003 3393 quod
1048 3320 1106 3375 in
1155 3321 1533 3377 controversia
1576 3321 1706 3378 victi
1752 3322 1895 3391 sitis,
1942 3323 2092 3395 quod

184 3435 352 3473 causa
370 3417 668 3475 cecidistis
696 3418 982 3483 Quomodo
1008 3419 1230 3490 cecidit,
1255 3420 1352 3493 qui
1378 3439 1490 3476 non
1521 3420 1708 3477 stetit?
1733 3419 1933 3492 Ecquis
1976 3440 2093 3478 ves-

184 3521 338 3570 trum
378 3522 495 3571 tam
535 3534 779 3588 gravem,
811 3523 925 3574 tam
962 3519 1174 3592 justam
1214 3537 1469 3590 causam,
1515 3525 1630 3576 tam
1673 3527 2088 3577 sacrosanctam

183 3613 397 3670 curavit
430 3614 580 3688 apud
606 3618 827 3688 regem?
861 3616 997 3673 Cum
1029 3622 1219 3675 tamen
1249 3617 1684 3693 praedecessores
1716 3616 1885 3673 vestri
1918 3616 1974 3673 in
2013 3618 2087 3673 si-
