2306 4010
804 209 931 255 PARS
960 209 1199 256 SECUNDA.
1851 205 1941 252 279

74 322 342 403 penderit,
399 318 678 393 simulque
712 313 1143 372 consideraverit
1180 332 1348 389 quam
1383 313 1560 370 multa
1597 312 1792 370 alienis
1838 329 1938 367 no-

72 420 316 478 minibus
341 438 370 475 a
397 409 890 473 calumniatoribus
913 411 1122 470 fuerint
1148 412 1366 486 vulgata
1398 434 1426 466 »
1453 410 1783 486 (StiltinguS,
1811 410 1942 469 Acta

77 510 403 589 Sai'ictornm,
454 522 599 573 tomo
642 514 791 567 sexto
823 506 1188 584 Septembris,
1234 530 1289 586 p.
1336 510 1469 581 585,
1509 509 1570 580 B,
1601 509 1938 585 Antuerpiae,

77 618 266 691 1757)

154 717 206 772 5⁰
245 714 427 770 Textus
459 707 621 767 sancti
648 703 922 762 Athanasii
950 706 1036 777 qui
1079 705 1300 778 alleqari
1328 709 1496 765 solent
1521 710 1589 767 ad
1618 708 1943 784 probandum

78 813 136 869 S.
165 812 349 868 Liberii
384 808 599 882 lapsum,
633 819 737 858 non
763 808 882 856 sunt
906 803 1069 856 sancti
1087 802 1385 874 Athanasii,
1413 808 1507 861 sed
1550 809 1654 880 ejus
1691 807 1943 882 Operibus

80 910 259 965 assuti.
277 905 416 960 -In
440 898 676 978 opercvS.
705 897 990 953 Athanasii
1019 898 1166 971 quod
1191 899 1519 958 inscribitur
1541 902 1773 960 Historia
1791 904 1946 960 Aria·

78 1026 258 1064 norum
276 1005 345 1062 ad
366 998 656 1065 monachae,
687 996 765 1051 sic
783 995 1024 1052 occurrit
1050 1013 1284 1052 numero
1312 998 1377 1054 41
1407 1018 1418 1050 :
1455 998 1669 1055 «Porro
1695 1002 1944 1058 Liberius

79 1101 303 1164 extorris
323 1099 514 1166 factm,
554 1099 674 1168 post
699 1093 986 1150 biennium
1015 1093 1255 1167 denique
1282 1095 1488 1152 fractus
1525 1102 1629 1165 est,
1660 1098 1944 1172 minisque

75 1198 261 1262 mortis
282 1192 602 1271 perterritus
629 1192 981 1267 subscripsit.
1006 1193 1209 1249 Verum
1237 1211 1299 1249 ea
1323 1194 1441 1269 ipsa
1466 1212 1524 1251 re
1546 1196 1945 1270 comprobatur

69 1313 237 1372 quum
268 1291 520 1349 violentia
547 1309 763 1360 eorum,
799 1298 919 1347 tuni
939 1291 1137 1347 Liberii
1168 1291 1225 1346 in
1258 1291 1511 1348 haeresim
1531 1293 1687 1350 illam
1724 1294 1940 1366 odium,

0 1437 1 1471 3
70 1394 292 1468 ejusque
335 1407 429 1465 pro
459 1388 752 1444 Athanasio
780 1388 1160 1462 suffragium,
1208 1389 1475 1462 quamdiu
1518 1391 1726 1449 scilicet
1767 1393 1945 1451 libere

76 1491 399 1564 arbitrioque
422 1505 520 1544 suo
547 1505 707 1560 agere
724 1487 903 1543 licuit.
934 1485 1069 1543 Nam
1094 1506 1216 1561 quae
1238 1494 1648 1546 tormentorum
1672 1490 1723 1546 vi
1745 1497 1944 1566 praeter

77 1590 307 1666 priorem
333 1586 658 1643 sententiam
695 1586 1021 1655 eliciuntur,
1054 1604 1116 1642 ea
1150 1605 1260 1642 non
1301 1588 1812 1660 reformidantium,
1847 1591 1943 1648 sed

77 1686 369 1746 vexantium
397 1692 523 1742 sunt
550 1685 770 1760 placita.
799 1708 824 1737 »
855 1686 916 1742 Et
947 1685 1004 1739 in
1034 1686 1281 1759 ejusdem
1302 1686 1357 1742 S.
1377 1688 1666 1744 Athanasii
1686 1691 1939 1762 Apologia

75 1794 246 1844 contra
264 1786 506 1855 Arianos,
536 1803 769 1841 numero
795 1786 888 1856 89,
917 1786 1031 1842 haec
1060 1786 1324 1858 leguntur
1353 1807 1364 1840 z
1399 1808 1425 1838 «
1450 1787 1582 1842 Cum
1609 1793 1796 1844 autem
1828 1807 1939 1846 non

69 1883 238 1940 solum
284 1883 461 1939 verbis
518 1883 658 1938 mihi
703 1882 1034 1958 patrocinati
1081 1884 1312 1954 fuerint,
1360 1884 1455 1940 sed
1502 1884 1666 1940 etiam
1710 1885 1938 1942 exilium

66 1980 441 2054 sustinuerint,
479 1999 542 2037 ex
571 1999 879 2054 eorumque
908 1999 1144 2037 numero
1179 1982 1250 2037 sit
1277 1981 1529 2038 Liberius
1560 1982 1744 2039 Romae
1784 1984 1938 2059 Epis-

66 2097 261 2155 copus:
299 2098 424 2136 nam
462 2081 562 2137 elsi
597 2080 747 2136 exilii
780 2099 1060 2137 aerumnas
1088 2081 1155 2136 ad
1187 2081 1355 2138 finem
1382 2100 1563 2156 usque
1598 2099 1710 2138 non
1737 2082 1938 2139 tolera-

59 2179 210 2250 verit,
247 2186 487 2237 attamen
519 2180 666 2253 quod
711 2181 1007 2236 conflatam
1044 2181 1102 2236 in
1132 2200 1233 2237 005
1267 2182 1737 2257 conspirationem
1767 2184 1937 2258 probe

64 2283 256 2349 nosset,
283 2278 501 2335 biennio
528 2279 585 2334 in
619 2279 768 2334 exilii
796 2279 916 2334 1000
939 2259 1029 2335 'est
1061 2286 1463 2335 commoratus.
1490 2302 1515 2332 »

135 2373 424 2449 Utrumque
450 2395 586 2451 opus
623 2395 651 2431 a
682 2382 872 2431 sancto
897 2376 1195 2431 Athanasio
1239 2377 1616 2451 conscriptum
1661 2378 1764 2433 fuit
1809 2385 1935 2436 ante

68 2477 271 2546 tempus
299 2492 405 2547 quo
435 2476 654 2549 lapsum
683 2492 803 2530 0550
833 2474 1113 2530 Liberium
1143 2475 1523 2532 contenditur.
1562 2476 1736 2550 Igitur
1768 2477 1935 2535 citata

66 2570 218 2627 verba
246 2590 361 2646 quae
395 2580 560 2648 agunt
597 2574 886 2629 de1.iberii
923 2574 1082 2647 lapsu
1127 2592 1235 2628 000
1282 2575 1509 2631 suerunt
1546 2576 1614 2631 ab
1638 2576 1934 2634 Athanasio

63 2667 274 2743 scripta,
312 2672 405 2728 sed
448 2673 626 2728 aliena
666 2690 836 2728 manu
871 2671 1228 2745 postmodum
1266 2671 1473 2729 addita.
1505 2673 1562 2728 Id
1589 2674 1710 2730 fuse
1737 2676 1934 2749 probat

59 2762 341 2842 Stiltingu's
383 2771 531 2844 (Aeta
565 2771 897 2840 Scmctorum,
948 2775 1097 2826 tomo
1141 2776 1294 2826 sexto
1337 2770 1700 2844 SeptembriS,
1730 2792 1785 2847 p.
1824 2773 1931 2830 598

60 2868 111 2918 et
134 2867 293 2939 seq.);
323 2875 375 2924 et
399 2869 545 2940 quod
571 2887 682 2923 000
704 2886 802 2923 sua
821 2869 1003 2924 solum
1036 2869 1310 2924 sententia
1330 2871 1444 2925 haec
1469 2869 1562 2937 sit,
1583 2871 1809 2926 adnotat
1830 2873 1934 2927 hoc

61 2960 217 3017 modo
247 2984 258 3016 z
297 2986 322 3014 «
351 2963 458 3018 Hoc
492 2964 586 3018 alii
625 2964 838 3019 dudum
868 2964 1124 3020 viderunt
1161 2971 1212 3021 et
1245 2971 1610 3037 agnoverunt,
1640 2968 1844 3021 etiamsi
1872 2968 1935 3021 (Ie

59 3057 208 3129 lapsu
250 3060 433 3113 Liberti.
476 3079 577 3114 mm
615 3062 965 3117 dubitarent»
1005 3063 1191 3132 (ibid.,
1234 3082 1290 3117 0.
1342 3064 1490 3135 118).
1535 3063 1681 3118 Ideni
1726 3063 1936 3135 colligit

60 3168 125 3204 ex
163 3151 410 3223 ipsismet
435 3154 693 3209 textibus.
727 3156 790 3210 Et
821 3157 1044 3212 tandem
1084 3177 1148 3213 cx
1190 3176 1251 3213 00
1279 3158 1429 3229 quod
1458 3158 1740 3213 subsecuti
1770 3158 1934 3214 histo-

61 3245 161 3300 rici
196 3246 384 3311 Graeci,
429 3247 696 3318 Socrates,
721 3251 1051 3307 Sozomenus
1090 3260 1141 3308 et
1175 3253 1551 3308 Theodoretus
1586 3253 1787 3309 Liberii
1816 3254 1932 3330 lap-

61 3361 181 3397 sum
238 3342 627 3414 ignoraverint.
674 3344 788 3398 Non
835 3346 1179 3417 ignorassent
1231 3366 1361 3402 sanc
1415 3348 1460 3402 si
1506 3355 1782 3406 assertum
1836 3353 1931 3409 ha-

62 3438 306 3495 buissent
371 3440 425 3494 in
459 3439 763 3496 notissimis
802 3440 1038 3514 Operum
1085 3443 1261 3498 sancti
1297 3443 1582 3501 Athanasii
1621 3446 1924 3508 codicibus·

59 3517 164 3591 Nec
190 3554 219 3591 a
245 3536 580 3591 Theodoreto
606 3543 829 3592 vocatus
855 3536 1101 3592 Liberius
1127 3537 1343 3609 fuisset,
1369 3543 1668 3600 victoriosus
1693 3549 1926 3605 veritatis

59 3633 275 3703 athleta,
315 3641 551 3706 νικεςιὲρες
582 3645 663 3703 τῆς
700 3639 930 3702 ἀληθεῖας
954 3639 1228 3706 ἀγωνιστὴς.
1257 3637 1389 3693 Item
1435 3641 1810 3716 Theophanes,
1854 3647 1920 3703 ad
