2306 4010
835 188 963 234 PARS
993 186 1234 234 SECUNDA.
1655 221 1660 226 .
1896 189 1983 237 175

90 297 395 356 Ecclesiam.
428 295 705 358 Quatenus
744 292 941 349 referri
979 291 1198 348 deberet
1236 290 1305 347 ad
1344 291 1651 365 Ecclesiam,
1688 291 1964 365 sequitur,

89 393 390 451 fatentibus
417 390 702 459 omnibuS‚
734 387 1031 446 Ecclesiam
1059 404 1180 444 esse
1206 386 1262 442 in
1283 387 1389 444 fide
1418 387 1795 444 infallibilem.
1823 389 1968 462 Ergo

92 489 139 546 si
180 489 442 563 probetur
471 485 538 542 ad
573 494 779 560 petram
815 483 999 559 potius
1031 500 1150 540 esse
1178 483 1549 554 referendam,
1587 483 1902 557 colligendu
1931 503 1988 541 m

91 589 195 645 erit
230 594 443 661 petram
478 585 631 640 illam
672 599 771 640 seu
801 582 1114 638 Romanum
1150 581 1467 637 Pontificem
1504 599 1622 638 esse
1653 599 1843 639 revera
1886 583 1970 638 in-

92 686 407 742 fallibilem.
433 685 599 740 Porro
616 681 683 738 ad
698 689 906 753 petram
926 678 1112 752 potius
1133 679 1423 735 referenda
1450 685 1557 752 est,
1581 681 1728 753 quod
1757 681 1835 737 sic
1855 699 1981 755 pro-

91 783 257 839 batur
291 804 302 837 ε
352 778 571 854 quando
606 776 753 850 quis,
786 775 854 830 de
893 773 1110 830 duabus
1144 774 1311 830 rebus
1352 781 1512 832 antea
1552 778 1796 848 locutuS‚
1842 779 1974 835 sub-

84 880 269 953 jungit
295 894 478 935 vocem
517 874 682 942 illam,
715 871 958 946 priorem
991 871 1244 943 designat
1275 891 1286 923 2
1319 871 1366 926 si
1404 872 1551 927 dicat
1582 875 1736 945 hanc,
1766 876 1879 948 agit
1913 877 1981 933 de

92 976 429 1052 posteriore:
459 970 682 1028 tandem
717 968 765 1024 si
790 968 938 1024 dicat
975 986 1111 1037 eam,
1144 968 1196 1023 vi
1222 967 1397 1023 solius
1430 969 1599 1041 hujus
1627 973 1978 1043 pronominis

91 1075 357 1131 incertum
394 1074 475 1124 est
516 1072 704 1122 utrum
736 1065 803 1121 de
843 1065 1027 1140 priore
1062 1069 1208 1137 agat,
1242 1082 1313 1121 an
1367 1064 1435 1120 de
1472 1066 1806 1138 posteriore3
1849 1069 1979 1142 quia

85 1167 250 1239 hujus
269 1162 526 1220 dictionis
551 1161 841 1236 proprium
875 1169 955 1218 est
981 1166 1042 1216 ut
1060 1180 1157 1234 per
1181 1179 1238 1217 se
1262 1178 1372 1217 non
1397 1161 1575 1234 magis
1599 1161 1847 1236 priorem
1887 1165 1978 1219 de·
2055 1205 2057 1207 .

84 1263 256 1335 signet
288 1282 456 1336 quam
493 1261 879 1336 posteriorem.
912 1261 1014 1317 Sed
1050 1267 1185 1316 tunc
1216 1267 1429 1333 recepta
1455 1262 1647 1334 regula
1679 1250 1973 1319 est'vocem

83 1379 195 1417 eam
229 1360 576 1417 referendam
610 1378 733 1416 esse
761 1361 828 1416 ad
851 1367 1065 1434 partem
1096 1377 1219 1432 quae
1253 1359 1584 1434 principalis
1620 1366 1701 1415 est
1728 1379 1825 1416 seu
1858 1379 1975 1417 ma-

77 1456 212 1529 j0ris
252 1458 544 1526 momenti,
580 1464 636 1513 et·
674 1457 818 1513 circa
845 1474 1012 1529 quam
1051 1473 1234 1511 sermo
1265 1455 1474 1512 directe
1503 1461 1553 1511 et
1586 1456 1969 1531 principaliter

82 1560 346 1611 versatur.
385 1556 553 1611 Porro
591 1555 650 1610 in
690 1554 952 1629 praesenti
995 1572 1126 1610 casu
1162 1553 1471 1628 principale
1516 1554 1686 1610 totius
1725 1555 1972 1629 proposi-

71 1652 248 1708 'tionis
293 1654 598 1728 subjectum
654 1659 741 1709 cst
781 1658 962 1726 petra,
1010 1670 1120 1707 non
1170 1656 1359 1707 autem
1403 1651 1662 1707 Ecclesia.
1706 1652 1840 1707 Nam
1891 1653 1970 1708 ibi

82 1748 323 1805 Christus
364 1767 676 1805 sermonem
715 1748 782 1804 ad
824 1749 1050 1804 Petrum
1093 1746 1326 1819 dirigit:
1369 1747 1565 1802 Beatus
1615 1765 1668 1802 es
1713 1746 1963 1803 Simon...

0 1838 1 1871 ³
81 1854 130 1900 et
154 1864 243 1918 eqo
284 1847 395 1901 dico
443 1848 555 1916 tibi,
597 1849 716 1918 qaia
752 1854 806 1901 τιι
842 1864 895 1900 es
934 1845 1122 1900 Petras
1147 1853 1194 1900 et
1217 1862 1374 1917 saper
1403 1845 1537 1898 hanc
1574 1851 1786 1916 petram
1812 1845 1963 1914 edisi-

81 1945 220 2013 cab0,
264 1951 364 2001 etc.
401 1944 459 1999 Ei
497 1961 696 2018 nempe
737 1943 986 1998 Christus
1025 1941 1297 2015 promittit
1341 1941 1853 1997 remunerationem
1899 1941 1966 1996 ob

79 2041 335 2096 emissam
361 2043 427 2097 ab
462 2042 581 2116 ipso
621 2041 1047 2107 confessionem;
1089 2058 1212 2113 quae
1248 2040 1625 2096 remuneratio
1661 2040 1740 2095 sic
1780 2039 1964 2113 expri-

81 2136 289 2191 mitur:
337 2138 502 2211 Saper
537 2140 667 2192 hanc
708 2146 906 2210 petram
946 2138 1211 2207 aedificabo
1251 2137 1539 2191 Ecclesiam
1588 2155 1778 2191 meam.
1816 2136 1966 2192 Unde

83 2231 258 2298 Petra,
297 2251 462 2304 quam
498 2234 573 2288 ibi
610 2234 859 2288 Christus
894 2233 1227 2303 alloquitur,
1272 2241 1352 2288 est
1397 2240 1449 2288 et
1486 2234 1873 2306 promissionis
1913 2241 1965 2290 et

84 2329 542 2383 remunerationis
578 2330 875 2401 objectum.
917 2329 1115 2383 Haberi
1147 2346 1274 2401 ergo
1317 2330 1477 2384 debet
1516 2348 1617 2384 vox
1653 2339 1806 2401 petra
1841 2337 1962 2386 tan-

84 2442 246 2495 quam
287 2427 592 2496 primariam
638 2426 901 2499 phraseos
953 2425 1291 2498 subjectum,
1339 2432 1391 2480 ct
1436 2445 1536 2481 vox
1572 2426 1802 2482 Ecclesia
1842 2433 1960 2482 tan-

82 2538 245 2591 quam
290 2522 600 2592 subjectum
647 2522 1064 2578 secundarium.
1114 2522 1348 2578 Proinde
1384 2540 1689 2596 pronomen
1732 2541 1844 2577 eam
1890 2525 1957 2579 ad

75 2622 278 2687 petram
319 2616 670 2671 referendum
710 2624 812 2672 est.
850 2619 979 2681 Quae
1012 2626 1167 2689 petra
1205 2636 1334 2673 cum
1380 2618 1452 2672 sit
1482 2636 1594 2672 non
1635 2624 1855 2674 tantum
1891 2619 1958 2676 de

77 2719 262 2767 sancto
296 2713 475 2782 Petr0,
517 2714 612 2768 sed
651 2721 703 2769 et
742 2713 808 2769 de
839 2714 1084 2768 Romano
1113 2713 1368 2768 Pontifice
1410 2713 1792 2786 intelligenda,
1821 2716 1955 2771 dum

77 2808 279 2864 dicitur
306 2827 332 2863 a
356 2810 566 2866 Christo
592 2831 601 2862 :
632 2810 905 2866 Adversus
939 2829 1051 2865 eam
1077 2818 1280 2882 petram
1307 2810 1614 2866 inferorum
1641 2819 1811 2886 portae
1841 2831 1951 2868 non

77 2906 466 2978 praevalebunt,
493 2907 882 2979 aequivalenter
921 2907 1240 2964 decernitur
1270 2907 1503 2964 Romani
1545 2909 1829 2965 Pontificis
1871 2911 1953 2964 in-

78 3000 400 3058 sallibilitas.

152 3095 467 3154 Confirmari
487 3107 666 3173 posset
691 3101 1074 3174 interpretatio
1095 3102 1202 3157 ista
1234 3102 1382 3157 baud
1405 3102 1597 3175 paucis
1625 3110 1948 3158 sanctorum

74 3193 293 3250 Patrum
332 3196 591 3254 textibus.
636 3198 795 3254 Verbi
826 3199 1023 3271 gratia,
1071 3199 1209 3255 dicit
1251 3199 1303 3253 S.
1337 3198 1721 3273 Epiphanius:
1764 3198 1949 3256 Solidae

71 3289 150 3345 illi
178 3294 454 3363 petraessui
475 3300 645 3366 ρον-εκ
672 3295 830 3366 inseri
856 3313 960 3350 non
986 3296 1356 3367 praevalebant.
1396 3293 1457 3348 Et
1489 3300 1715 3350 sanctus
1749 3295 1939 3368 Augu-

70 3385 285 3444 stinus:
340 3387 461 3461 Ipsa
490 3399 567 3446 est
604 3398 760 3464 petra
791 3409 944 3463 qaam
992 3409 1095 3446 non
1134 3394 1345 3446 vincant
1387 3392 1624 3463 superbae
1654 3392 1942 3463 inferorum

65 3493 254 3556 portae.
