2262 3990
360 215 491 266 NOTA
521 213 587 262 DE
620 204 1019 262 Ancnmrlscoro
1048 201 1321 254 PAmsmNsl
1351 203 1417 252 DE
1444 202 1655 252 RARLAY.
1855 199 1938 248 '107

75 342 195 402 quod
223 341 395 388 adesset
419 339 566 388 Sancti
589 336 766 399 Sulpitii
789 333 1039 396 presbyter,
1064 334 1297 392 sperantes
1317 342 1392 375 me
1413 328 1524 389 ipsis
1549 326 1941 378 collaboraturum,

83 429 140 462 ne
164 415 484 477 ,archiepiscopi
517 412 770 466 auctoritaS,
795 422 879 470 pro
917 412 1013 454 tam
1049 404 1237 452 minima
1258 416 1308 450 re
1349 402 1604 450 laederetur.
1630 399 1715 447 Eos
1752 400 1801 446 in
1822 396 1944 445 aliud

82 492 247 538 atrium
285 490 460 545 deduxi,
490 489 641 549 ibique
679 487 842 533 factam
880 483 966 530 sibi
1006 480 1257 543 jussionem
1291 482 1576 533 enarrarunt,
1617 480 1663 523 et
1693 473 1948 534 Archiepis-

87 566 187 626 copi
212 579 316 624 erga
337 564 616 612 Tiennettam
637 558 993 608 benevolentiam
1023 556 1220 603 multum
1239 554 1552 601 extulerunt...
1593 551 1798 612 Ipsorum
1819 547 1951 596 dictis

85 655 307 694 annuenS,
344 639 551 700 respondi
582 653 607 686 a
639 650 714 684 me
747 633 999 682 necessario
1035 636 1079 679 et
1114 630 1224 677 alios
1248 629 1492 675 audiendos
1531 640 1648 682 esse,
1687 630 1738 672 ut
1772 623 1951 685 aliquod

81 729 261 777 possem
289 718 696 775 temperamentum
713 710 929 771 reperire,
947 720 1038 768 quo
1062 706 1168 753 satis
1187 703 1532 764 Archiepiscopo
1550 701 1651 749 fieri
1673 704 1839 768 posset.
1865 699 1953 746 Nec

76 790 170 851 jam
194 791 250 837 de
274 791 361 836 alio
384 795 534 836 actum
556 801 692 849 quam
707 792 758 833 ut
779 786 844 832 illi
865 785 956 831 duo
978 782 1104 829 missi
1126 795 1150 827 e
1171 779 1373 840 periculo
1393 778 1690 838 eriperentur.
1714 775 1804 822 Nisi
1827 774 1952 821 enim

83 864 345 918 adfuissem,
381 878 456 911 eos
486 865 671 910 domurn
716 860 1000 909 circumdans
1045 857 1178 903 turba
1209 855 1461 901 occidisset.
1502 854 1646 914 Igitur
1678 853 1798 912 ipsos
1821 863 1954 910 egre-

82 939 254 986 dientes
280 939 522 993 deducens,
549 938 642 984 dixi
665 937 772 983 huic
792 933 975 995 populo,
999 933 1044 977 id
1068 931 1283 977 accidisse
1306 943 1360 975 ex
1383 942 1435 974 eo
1454 928 1573 989 quod
1595 940 1739 974 unum
1763 939 1844 986 pro
1865 925 1952 971 alio

84 1016 361 1062 intellectum
383 1016 553 1061 fuisset.
577 1014 659 1060 Eos
678 1011 839 1070 reliqui
857 1009 952 1068 jam
974 1021 1176 1061 securos,
1198 1006 1243 1053 in
1271 1005 1342 1051 via
1367 1005 1571 1051 Taranne
1591 1019 1603 1060 ;
1626 1008 1765 1064 atque
1786 1003 1955 1048 iterum

82 1089 197 1136 redii
224 1089 280 1134 ad
307 1089 506 1135 dominas
531 1086 686 1147 Toupi.
709 1085 771 1130 Ab
796 1084 905 1144 ipsis
926 1083 1099 1130 obtinui
1123 1096 1181 1128 ne
1196 1080 1471 1142 judicialiter
1489 1083 1701 1138 agerent;
1728 1077 1821 1122 imo
1851 1090 1953 1122 con-

85 1163 197 1210 siliis
225 1164 336 1209 meis
365 1163 614 1208 deferentes
639 1159 947 1221 promiserunt
984 1171 1031 1203 se
1051 1168 1283 1216 nunquam
1321 1154 1439 1215 apud
1469 1154 1672 1213 reginam
1706 1153 1790 1198 hac
1812 1151 1868 1197 de
1901 1164 1951 1198 re

85 1238 314 1298 querelam
344 1238 484 1283 ullam
516 1236 772 1282 emissuras.
813 1233 1004 1294 (Blache,
1032 1231 1277 1285 Memoires,
1306 1234 1341 1276 t.
1365 1229 1398 1284 1,
1422 1243 1468 1289 p.
1494 1229 1619 1287 169.)

152 1329 171 1355 ι
207 1313 386 1358 Comme
417 1312 462 1370 je
501 1311 701 1357 revenais
739 1309 966 1355 d‘assister
1003 1321 1067 1353 un
1098 1306 1271 1352 malade
1294 1305 1387 1350 ala
1422 1308 1586 1357 mort¹,
1616 1317 1697 1350 sur
1735 1303 1801 1348 les
1837 1302 1955 1348 deux

90 1391 253 1436 heures
275 1387 402 1446 apres
419 1386 597 1439 minuit,
619 1386 665 1445 je
683 1386 737 1431 fis
759 1388 1001 1430 rencontre
1026 1382 1081 1428 de
1097 1381 1195 1427 huit
1212 1385 1421 1440 porteurs
1450 1379 1505 1425 de
1518 1379 1767 1424 ssambeaux
1783 1377 1840 1423 de
1865 1377 1958 1423 cire

92 1464 295 1515 blanche,
322 1462 468 1508 armes
490 1462 680 1522 d’epees‚
705 1462 760 1508 de
782 1460 998 1520 pistolets,
1026 1459 1082 1503 de
1119 1462 1458 1516 meusquetons,
1499 1454 1575 1515 qui
1599 1454 1804 1500 s'etaient
1827 1453 1913 1498 mis
1936 1454 1962 1499 a

92 1545 271 1585 couvert
295 1539 429 1585 d'une
452 1538 575 1597 pluic
598 1551 717 1583 assez
747 1538 858 1582 sorte
881 1550 985 1582 sous
1007 1549 1071 1581 un
1090 1535 1191 1580 etau
1217 1534 1272 1579 de
1291 1534 1490 1579 boucher
1509 1545 1565 1577 au
1588 1531 1820 1576 carresour
1841 1530 1895 1575 de
1919 1529 1963 1574 la
2020 1581 2025 1584 ,

92 1612 412 1672 Croix-Rouge.
437 1612 614 1659 Comme
627 1612 674 1671 je
697 1612 861 1672 passais
884 1625 988 1658 avec
1008 1625 1099 1657 une
1121 1611 1324 1656 lanterne
1349 1611 1373 1655 a
1397 1609 1438 1654 la
1463 1608 1604 1662 main,
1630 1621 1693 1653 un
1714 1607 1845 1652 d’eux
1874 1606 1962 1651 s’e-

93 1688 184 1733 cria
211 1706 219 1732 :
241 1689 359 1734 Voilii
383 1702 447 1734 un
473 1690 625 1748 pretre
649 1688 705 1733 de
725 1685 1051 1746 Saint-Sulpice
1075 1686 1152 1746 qui
1173 1686 1302 1732 serait
1329 1684 1480 1730 mieux
1505 1684 1559 1729 de
1579 1697 1627 1729 50
1651 1687 1815 1728 mettre
1837 1683 1861 1727 a
1886 1682 1966 1727 l'a-

94 1763 162 1809 bri
192 1778 294 1809 avec
319 1777 449 1810 nous.
469 1762 519 1810 Je
543 1765 641 1809 leur
665 1763 734 1808 dis
755 1776 812 1808 en
835 1763 898 1808 les
919 1763 1196 1821 approchant
1219 1761 1638 1821 qu’apparemment
1664 1759 1719 1803 ils
1741 1757 1964 1804 voulaient

94 1839 203 1886 faire
227 1839 419 1900 quelque
453 1840 600 1884 bonne
623 1852 790 1892 oeuvre,
818 1838 1054 1898 puisqu'ils
1075 1836 1387 1897 m'appelaient
1411 1837 1435 1881 a
1460 1835 1560 1881 leur
1596 1848 1795 1880 secours.

154 1915 230 1960 Vix
251 1929 324 1961 eos
350 1915 625 1961 allocuturus
648 1927 697 1958 os
720 1925 999 1972 aperueram,
1035 1925 1140 1957 cum
1168 1924 1270 1956 ecce
1303 1924 1420 1956 unus
1444 1923 1497 1955 ex
1521 1909 1603 1963 eis,
1630 1922 1703 1953 me
1726 1909 1971 1954 interrum-

94 2004 220 2051 pens,
243 1990 418 2035 edocuit
439 2002 528 2049 qua
549 1989 604 2033 de
630 2001 762 2034 causa
790 1988 908 2046 ipsos
945 1986 1148 2044 singulos
1170 1985 1368 2030 viderem
1391 1983 1577 2030 candela
1596 1984 1811 2028 munitos.
1839 1984 1972 2042 EJ'us-

95 2066 214 2111 modi
239 2065 408 2110 scilicet
431 2068 695 2124 apparatum
718 2062 1013 2120 excogitatum
1042 2060 1182 2106 fuisse
1215 2059 1270 2104 ad
1296 2059 1605 2104 comitandum
1628 2059 1864 2104 dominum
1888 2059 1973 2104 Ar-

97 2141 442 2199 cbiepiscopum.
466 2138 518 2183 Se
549 2139 679 2184 ivisse
711 2139 764 2183 ad
790 2137 1009 2195 angulum
1030 2137 1110 2181 viae
1135 2135 1196 2180 du
1211 2135 1402 2191 Regard,
1426 2140 1559 2193 atque
1574 2133 1636 2179 ibi
1660 2135 1921 2192 praesulem.
1947 2150 1972 2181 e

100 2216 141 2261 la
157 2215 371 2259 Varennae
402 2215 551 2266 dome,
575 2214 622 2258 in
647 2213 754 2258 sede
772 2211 1011 2270 gestatoria
1036 2225 1141 2255 curn
1166 2210 1344 2255 duobus
1369 2209 1462 2254 suis
1490 2209 1679 2263 facibuS,
1704 2210 1973 2257 redeuntem

102 2294 372 2348 expectasse.
392 2287 504 2332 Tum
521 2301 568 2332 se
592 2288 680 2346 ipsi
705 2287 908 2341 comites,
938 2286 1134 2331 accensis
1157 2285 1370 2338 candeliS,
1397 2298 1543 2344 usque
1570 2284 1626 2329 ad
1647 2285 1814 2330 atrium
1828 2284 1975 2332 Notre·

102 2361 234 2405 Darne
257 2358 527 2418 adJunxisse.
552 2357 598 2402 ld
633 2363 782 2403 autem
806 2358 854 2402 in
881 2358 967 2402 hoc
987 2357 1201 2402 comitatu
1225 2355 1508 2415 praecipuum
1532 2368 1543 2402 :
1572 2355 1846 2415 Unoquoque
1869 2371 1976 2403 cen-

105 2440 199 2479 tum
235 2447 447 2494 passuum
483 2433 734 2487 intervallo,
757 2433 922 2479 coactis
953 2431 1249 2489 gestatoribus
1281 2431 1435 2477 sedem
1460 2430 1687 2491 deponere
1718 2445 1769 2476 ac
1793 2431 1890 2491 ejus
1903 2431 1976 2490 Ja-

104 2522 240 2554 nuam
275 2509 464 2568 aperire,
504 2508 689 2566 praelato
731 2508 778 2553 in
812 2507 973 2553 faciem
1010 2507 1281 2566 flagitiosam
1304 2507 1440 2553 vitam
1473 2507 1815 2568 exprobrabant.
1842 2507 1891 2553 Et
1912 2506 1977 2552 sic

103 2584 346 2643 probrosus
370 2583 446 2629 ille
471 2582 706 2629 comitatus
727 2582 899 2628 duabus
922 2582 1063 2628 ferme
1086 2582 1211 2628 horis
1241 2582 1518 2642 perduravit.
1559 2582 1701 2627 Simul
1724 2587 1875 2628 autem
1901 2582 1979 2628 in—

104 2658 223 2715 genti
248 2672 329 2717 per
347 2659 440 2703 vias
464 2658 652 2718 strepitu
676 2658 792 2703 cives
819 2658 1117 2717 provocabant
1140 2663 1191 2703 ut
1215 2672 1239 2704 e
1260 2657 1468 2703 fenestris
1492 2658 1744 2717 aspicerent
1759 2675 1770 2715 ;
1787 2672 1980 2718 cumque

105 2733 298 2792 aliquem
337 2739 554 2780 astantem
593 2733 809 2788 viderent,
839 2734 1207 2779 extraordinaria*
1231 2733 1352 2779 illius
1390 2746 1567 2793 pompas
1606 2747 1783 2779 causam
1807 2734 1980 2793 pande—

104 2810 230 2861 bant,
265 2810 537 2867 ingeminato
576 2824 656 2870 per
687 2822 791 2855 aera
823 2809 1019 2855 clamore
1055 2809 1172 2854 isto:
1198 2809 1267 2854 En
1302 2808 1511 2855 dominus
1559 2809 1930 2870 Archiepiscopus
1955 2824 1978 2857 e

107 2885 237 2931 domo
262 2896 405 2929 suae...
432 2883 494 2931 La
519 2884 736 2932 Varennes
766 2886 904 2938 redit,
941 2891 991 2932 ut
1023 2883 1079 2930 ab
1107 2884 1360 2945 apostolicis
1391 2898 1436 2931 se
1467 2885 1696 2932 laboribus
1724 2894 1918 2934 recreet.

166 2958 247 3011 Qui
278 2972 350 3003 1110
375 2957 698 3017 alloquebatur,
724 2959 895 3018 duplici
919 2973 972 3005 ex
1001 2972 1135 3005 causa
1160 2959 1274 3005 dixit
1297 2960 1536 3005 invitatum
1556 2975 1629 3006 1ne
1652 2967 1703 3007 ut
1726 2963 1846 3021 ipsos
1869 2975 1982 3008 con-

109 3035 307 3083 venirem
334 3051 341 3078 :
368 3032 412 3077 1ο
433 3038 482 3079 ut
503 3038 654 3079 notam
670 3034 783 3079 mihi
810 3034 975 3080 faceret
997 3035 1113 3080 lianc
1134 3039 1305 3080 tantam
1327 3035 1576 3091 infamiam,
1604 3051 1740 3097 quam
1762 3037 1845 3082 sibi
1861 3051 1983 3097 prae-

113 3113 185 3159 sul
218 3111 476 3158 scandalosa
498 3110 585 3156 vita
609 3123 689 3156 sua
727 3110 980 3165 indiderat3
1010 3111 1057 3156 2⁰
1077 3117 1126 3158 ut
1149 3112 1513 3159 ardentissimam
1537 3127 1694 3159 eorum
1718 3114 1984 3161 charitatem

114 3190 332 3240 imitatus,
369 3187 549 3232 lucerna
574 3199 673 3231 mea
704 3199 778 3232 eos
799 3186 1004 3245 Juvarem
1032 3186 1087 3231 ad
1118 3186 1393 3245 affigendum
1426 3187 1556 3232 dictae
1578 3187 1620 3232 la
1644 3186 1870 3234 Varennes
1889 3191 1986 3236 val-

116 3265 180 3309 vis
204 3263 376 3316 folium,
411 3275 500 3321 quo
530 3261 691 3307 domus
727 3262 825 3306 haec
846 3261 972 3307 locus
1006 3262 1332 3321 prostitutionis
1353 3263 1616 3310 Parisiensis
1654 3264 1983 3326 Archiepiscopi

118 3337 458 3383 inscribebatur.
483 3336 578 3381 Prae
610 3335 817 3381 manibus
841 3336 1027 3395 insuper
1046 3337 1266 3383 habebant
1287 3338 1497 3383 foliorum
1516 3339 1731 3397 rotulum,
1751 3341 1828 3388 ubi
1851 3341 1984 3389 modo

122 3413 286 3472 peracti
313 3412 545 3458 comitatus
568 3411 832 3457 relationem
855 3411 902 3457 in
919 3416 1199 3458 antecessum
1222 3411 1571 3471 descripserant.

164 3587 215 3631 (1)
239 3584 349 3622 Sexto
376 3585 527 3621 circiter
554 3594 683 3622 mense
711 3587 799 3632 post
825 3584 1086 3633 supradictam
1110 3586 1265 3623 ramulae
1283 3586 1485 3626 Tiennette
1501 3597 1522 3625 e
1543 3588 1658 3627 domo
1684 3591 1805 3628 scorti
1827 3590 1875 3628 La
1893 3589 1984 3628 Var-

122 3651 263 3679 rennes
287 3641 585 3687 discessionem3
606 3640 645 3677 id
669 3644 726 3678 est
748 3651 881 3679 mense
904 3641 1102 3680 februario
1120 3642 1212 3679 anni
1231 3640 1339 3681 1681.
