2262 3990
632 178 784 226 INDEX
813 175 972 225 mm
1000 172 1327 223 mmmmm
1354 171 1594 222 onumen.
1965 171 2045 221 Ἰ111

340 289 465 341 Prop
494 285 561 330 ..Y·
597 305 652 316 —
678 281 914 325 Doctrinam
947 283 1132 334 quatuor
1170 275 1362 320 articulis
1393 280 1635 320 contentam
1674 274 1915 328 reprobavit

395 352 492 395 Pius
512 352 619 404 Papa
642 349 708 399 vt,
728 347 885 391 celebri
903 346 1022 390 bulla
1044 345 1264 388 Auctorem
1284 342 1401 399 fidei,
1422 341 1475 384 28
1505 340 1672 396 augusti
1692 338 2053 383 1704.152

346 422 473 474 Prop.
497 419 584 461 ΧΡ.
600 440 653 451 -
671 415 925 459 Gallicanum
956 417 1136 467 systema
1168 411 1407 466 reprobavit
1424 410 1522 453 Pius
1547 410 1657 464 Papa
1682 409 1734 451 lx
1759 407 1924 452 allocu-

394 486 508 527 tione
527 482 803 526 consistoriali
831 482 916 525 diei
943 481 994 522 17
1021 480 1256 523 decembris
1285 478 1388 521 1847
1394 508 1923 523 ...........
1981 475 2059 516 155

343 554 469 606 Prop.
504 552 614 593 X11·.
637 574 691 583 —
715 549 982 592 infallibilem
1012 550 1240 591 Romanum
1274 547 1515 591 Pontificem
1546 546 1791 589 solemniter
1824 542 1929 599 pro'-

397 618 604 662 nuntiavit
633 618 730 660 Pius
754 617 805 659 lx
833 617 878 659 in
896 617 1048 659 litteris
1072 617 1293 670 encyclicis
1315 615 1342 655 9
1370 614 1606 658 novembris
1630 611 1750 663 1836,
1773 615 1828 655 ac·
1845 612 1924 654 hoc

395 689 483 741 ipso
502 687 760 731 contrariam
786 685 1017 728 doctrinam
1041 684 1278 737 reprobavit
1284 711 1920 729 .............
1978 680 2055 722 ¹154

287 763 312 815 ἓ
334 762 372 805 2.
392 784 445 792 -
459 761 573 808 Quod
597 760 740 802 dixere
764 758 957 800 nonnulli
982 758 1171 799 doctores
1210 756 1416 808 catholici,
1449 756 1647 799 videlicet
1682 755 1923 809 opinionem

339 828 392 870 de
413 827 708 869 infallibilitate
730 827 852 879 Papae
882 835 1099 877 nunquam
1117 835 1141 864 a
1162 824 1267 866 Sede
1289 824 1511 877 apostolica
1537 823 1776 865 damnatam
1793 823 1921 865 ruisse

337 905 435 935 cum
451 893 558 935 notis
584 891 846 943 theologicis,
868 901 952 931 non
971 896 1032 932 est
1054 901 1201 931 verum
1217 890 1354 943 quoad
1384 902 1528 934 omnes
1553 890 1681 944 huius
1703 890 1915 944 opinionis

341 961 556 1011 formulas,
597 960 669 1002 sed
703 960 922 1001 dumtaxat
951 960 1085 1011 quoad
1123 959 1286 1012 aliquas
1290 990 1927 1006 .............
1986 956 2064 1001 155

343 1028 468 1082 Prop.
497 1028 619 1069 1⁸.—
636 1026 784 1080 Opinio
806 1026 858 1066 de
885 1026 1053 1067 Romani
1073 1025 1288 1069 Pontificis
1313 1024 1578 1077 sallibilitate,
1610 1030 1819 1079 quatenus
1848 1036 1925 1066 ex-

342 1095 346 1098 *
390 1093 587 1147 primitur
602 1105 678 1147 per
699 1093 806 1134 hanc
830 1094 1068 1143 formulam,
1098 1093 1286 1136 Ecclesia
1306 1094 1424 1135 urbis
1443 1095 1581 1135 Romae
1602 1106 1748 1134 errare
1765 1098 1923 1147 potest,

391 1160 586 1203 damnata
609 1166 673 1203 est
699 1165 896 1214 tanquam
927 1162 1121 1202 haeretica
1128 1194 1923 1207 ................
1983 1159 2060 1200 155

341 1230 466 1282 Prop.
498 1229 569 1270 11·.
593 1251 647 1260 —
669 1228 859 1281 Opinioni
907 1229 958 1269 de
994 1228 1243 1270 fallibilitate
1286 1229 1399 1281 Papae
1435 1232 1642 1281 quatenus
1672 1226 1928 1280 exprimitur

390 1309 466 1349 per
481 1296 702 1338 formulam
732 1310 812 1350 qua
832 1309 933 1339 usus
957 1302 1021 1338 est
1040 1298 1176 1339 clerus
1201 1296 1428 1339 Gallicanus
1454 1307 1563 1337 anno
1585 1293 1703 1345 1682,
1726 1295 1911 1336 nondum

391 1364 518 1405 ullam
542 1370 685 1404 notam
704 1364 979 1416 theologicam
998 1364 1150 1405 inussit
1176 1364 1301 1405 Sedes
1319 1363 1541 1416 apostolica
1548 1395 1925 1408 ........
1986 1360 2063 1402 156

235 1438 325 1488 Cap.
347 1436 444 1477 xlv.
471 1458 523 1465 —
545 1436 808 1477 concluditur
835 1447 1012 1488 praesens
1031 1435 1159 1477 sectio
1176 1447 1252 1477 seu
1276 1434 1470 1477 hiseovica
1498 1434 1741 1486 disceptatio
1768 1434 1820 1476 de
1843 1435 1913 1475 in-

287 1502 536 1544 sallibilitate
576 1503 749 1543 Romani
806 1503 1015 1543 Pontificis
1021 1532 1922 1547 ..................
1982 1500 2059 1540 158

183 1577 345 1618 SECTIO
375 1578 447 1618 111.
474 1601 526 1608 —
551 1578 804 1630 Expenditur
832 1578 1004 1629 quaestio
1042 1577 1276 1629 theologice
1283 1606 1867 1621 ............
1895 1577 1919 1616 ’.
1979 1576 2058 1617 160

237 1654 320 1693 ΟΜ».
353 1655 384 1694 1.
401 1676 454 1684 —
475 1654 704 1695 Intallibilis
722 1654 766 1694 in
785 1653 1051 1695 decernenda
1074 1653 1154 1694 fide
1177 1654 1379 1695 Romanus
1394 1652 1579 1694 Pontifex
1598 1653 1919 1694 demonstratur

290 1734 338 1762 ex
361 1722 575 1774 Scriptura
604 1735 736 1764 sacra.
759 1707 775 1764 .”
812 1751 1922 1767 ......................
1982 1718 2060 1760 160

289 1797 312 1847 g
339 1797 375 1836 1.
392 1798 602 1839 —Textus
624 1797 798 1839 Matthaei
817 1813 824 1839 :
849 1798 904 1838 Τιι
922 1810 964 1838 es
978 1789 1127 1839 Petrus
1133 1827 1918 1841 ................
1978 1794 2057 1836 160

340 1864 465 1916 Prop.
499 1865 550 1906 1·.
573 1888 626 1895 —
654 1866 731 1906 Per
756 1865 841 1906 hacc
870 1866 995 1905 verba
1024 1864 1274 1905 constitutus
1296 1869 1358 1905 est
1381 1864 1540 1913 PetruS‚
1566 1876 1640 1906 seu
1668 1864 1780 1916 quod
1806 1864 1925 1904 idem

389 1937 452 1971 est
477 1932 702 1973 constituta
719 1932 796 1973 fuit
816 1931 919 1973 fides
941 1932 1051 1972 Petri
1068 1931 1389 1983 [laudamentum
1406 1931 1592 1972 Ecclesiae
1598 1960 1922 1974 .......
1982 1930 2059 1971 160

337 1999 464 2051 Prop.
484 2000 553 2041 11·.
573 2023 625 2031 —
642 1999 717 2047 Qui
740 2000 815 2040 sub
835 2004 1037 2052 praetextu
1061 1999 1172 2050 quod
1199 2000 1330 2039 sancti
1353 2000 1494 2039 Patres
1512 1999 1639 2039 verba
1654 2009 1782 2051 super
1810 1997 1921 2038 hanc

382 2069 551 2117 petram
570 2065 850 2107 intellexerint
871 2065 999 2106 etiam
1023 2065 1073 2105 de
1093 2064 1175 2106 fide
1201 2064 1330 2115 Petri,
1367 2070 1538 2116 negaret
1567 2076 1636 2105 eas
1667 2065 1845 2117 proprie
1870 2064 1924 2105 de

388 2133 507 2174 Petro
538 2133 626 2185 ipso
657 2145 747 2174 esse
768 2133 1076 2183 intelligendas,
1113 2132 1158 2171 in
1194 2142 1382 2172 errorem
1423 2131 1677 2183 impingeret
1704 2143 1727 2170 a
1766 2130 1836 2172 Pio
1871 2131 1920 2171 vl

387 2200 648 2240 damnatum.
689 2198 712 2243 .‘
742 2227 1918 2243 .......................
1976 2199 2054 2239 166

334 2267 461 2319 Prop.
490 2268 581 2308 111².
605 2289 658 2298 —
679 2267 795 2307 Fides
823 2268 932 2308 Petri
957 2280 1081 2319 super
1111 2278 1236 2319 quam
1263 2279 1286 2306 a
1317 2266 1475 2307 Christo
1511 2266 1687 2306 Ecclesia
1711 2266 1910 2307 aedificata

387 2339 449 2375 est
491 2345 573 2375 non
600 2334 679 2376 fuit
710 2335 779 2376 illa
801 2335 1068 2386 particularis
1099 2337 1199 2376 fides
1231 2347 1312 2387 qua
1339 2336 1485 2376 Petrus
1520 2335 1654 2376 solum
1689 2335 1915 2375 articulum

388 2402 439 2443 de
464 2399 683 2443 divinitate
706 2397 859 2444 Christi
885 2403 1098 2444 consessus
1120 2407 1222 2446 erat.
1251 2402 1323 2443 sed
1343 2406 1428 2443 tota
1459 2406 1501 2442 et
1524 2402 1687 2453 integra
1713 2402 1919 2443 catholica

387 2469 503 2519 fides,
529 2482 655 2522 quam
682 2475 772 2512 erat
802 2476 941 2522 postea
963 2471 1263 2523 praedicaturus
1291 2476 1332 2510 ct
1362 2469 1413 2510 de
1435 2470 1540 2510 facto
1564 2470 1816 2522 praedicavit.
1857 2502 1865 2511 .
1906 2500 1920 2511 .
1978 2469 2053 2510 167

336 2538 461 2589 Prop.
491 2538 512 2578 1
518 2538 574 2578 V2.
596 2561 649 2567 —
668 2538 786 2580 Petra
822 2549 948 2590 super
978 2550 1106 2590 quam
1137 2538 1320 2579 Christus
1343 2538 1565 2579 Ecclesiam
1590 2549 1706 2578 suam
1730 2548 1775 2578 se
1797 2537 1920 2577 aediti-

385 2605 578 2642 caturum
598 2601 713 2651 dixit,
740 2612 824 2643 non
847 2607 912 2643 est
941 2602 1053 2643 solus
1087 2602 1246 2652 Petrus,
1272 2602 1344 2643 sed
1370 2607 1410 2641 et
1435 2612 1693 2642 successores
1712 2601 1815 2652 ejuS.
1850 2632 1862 2642 .
1903 2635 1914 2645 .
1974 2600 2051 2641 168

333 2667 459 2719 Prop.
487 2667 543 2709 V·.
564 2689 616 2697 --
634 2667 758 2708 Citata
779 2668 903 2708 verba
923 2667 980 2708 Tu
991 2681 1034 2708 es
1053 2669 1252 2711 Petrus...
1273 2668 1460 2720 rigorose
1479 2668 1661 2721 probant
1679 2668 1913 2708 Romanum

385 2733 627 2775 Pontificem
655 2746 745 2776 esse
767 2734 812 2775 in
835 2734 1094 2776 decernenda
1118 2735 1198 2775 fide
1218 2734 1505 2775 infallibilem¹
1515 2763 1916 2775 .........
1977 2732 2054 2774 168

281 2810 305 2860 5
326 2808 366 2849 2.
387 2832 439 2839 —
461 2810 606 2851 Textus
630 2810 803 2852 lllatthaei
829 2803 937 2863 (caps
958 2808 1037 2862 xvi)
1054 2810 1108 2850 Et
1132 2809 1209 2851 tibi
1226 2810 1334 2851 (labo
1358 2810 1542 2852 claves...
1571 2813 1609 2849 et
1629 2810 1918 2863 quodcumque

334 2875 529 2927 liyaveris
535 2906 1641 2924 ......................
1739 2910 1750 2919 .
1793 2913 1801 2920 .
1845 2907 1855 2918 .
1897 2911 1908 2920 .
1969 2876 2045 2917 174

281 2953 305 3004 5
331 2953 370 2992 5.
393 2953 608 2995 ——Textus
640 2955 755 2997 Lucae
787 2955 868 3010 (22,
896 2954 960 3009 52)
983 2955 1140 3006 Simon,
1166 2954 1323 3003 Simon,
1348 2968 1440 2995 ecce
1462 2953 1694 2996 Satanas...
1713 2955 1800 3006 Eoo
1831 2967 1912 2994 au-

334 3027 416 3063 tem
442 3021 586 3071 royavae'
608 3034 689 3073 pro
721 3027 761 3063 te
783 3027 831 3062 ut
856 3035 939 3062 non
962 3021 1131 3076 deficiat
1160 3022 1263 3075 fides
1292 3026 1393 3072 tua,
1388 3033 1399 3043 ·
1420 3028 1459 3064 et
1481 3025 1525 3063 tu
1552 3021 1782 3075 aliquando
1808 3035 1911 3062 con--

332 3100 490 3135 versus,
533 3087 734 3141 confirma
771 3090 931 3142 fratres
962 3093 1056 3130 tuos
1062 3119 1912 3133 .................
1970 3088 2049 3128 176

334 3156 458 3217 P1op.
479 3155 530 3195 1.
550 3175 605 3184 —
623 3155 700 3196 Per
719 3155 803 3214 haec
823 3156 948 3196 verba
974 3155 1150 3197 contulit
1172 3155 1339 3197 Chistus
1361 3156 1478 3198 Petro
1497 3161 1740 3208 potestatem
1764 3162 1806 3196 et
1827 3155 1918 3196 offi-

384 3222 497 3263 cium
517 3211 668 3264 fratres
699 3233 796 3264 suos
829 3222 1110 3264 confirmandi
1115 3253 1916 3267 ................
1974 3222 2051 3264 176

224 3370 236 3391 ¹
262 3370 446 3406 Adductis
463 3368 763 3406 auctoritatibus
785 3370 1047 3416 evangelicam
1062 3374 1207 3416 petram
1226 3372 1272 3409 de
1286 3372 1455 3408 Romano
1479 3371 1662 3414 l‘ontitice
1681 3369 2052 3417 interpretantibus,

177 3423 314 3459 addere
341 3422 447 3466 juvat
469 3426 694 3468 sequentem
719 3426 866 3459 textum
889 3424 1009 3459 sancti
1037 3423 1257 3462 Braulionis
1277 3425 1606 3470 Caesar-augustani
1630 3424 1814 3471 episcopi,
1847 3426 1886 3460 et
1913 3426 2046 3459 sancto

178 3474 321 3510 lsidoro
349 3474 563 3521 uis-palensi
591 3474 762 3512 amicitia
795 3475 1108 3521 conjunctissimi
1132 3489 1142 3512 z
1173 3491 1190 3510 ι
1211 3477 1450 3524 Figmentum
1479 3477 1634 3514 colubri
1658 3487 1734 3514 non
1757 3475 1953 3513 credimus
1988 3476 2049 3511 t'e-

177 3525 273 3562 cisse
310 3526 516 3571 vestigium
545 3526 585 3563 in
609 3531 720 3571 petra
742 3527 856 3571 Petri,
882 3536 1001 3572 quam
1020 3527 1223 3564 fundatam
1243 3538 1330 3566 esse
1354 3529 1530 3565 novimus
1553 3528 1764 3566 stabilitate
1782 3527 1931 3564 Domini
1953 3527 2043 3563 Jesu

175 3578 327 3614 Christi.
344 3594 359 3609 ι
383 3579 433 3624 (S.
452 3578 663 3616 Braulionis
686 3579 806 3626 Epist.
820 3578 907 3624 xxi,
933 3580 1080 3625 &spania
1100 3581 1271 3626 sammaa,
1293 3585 1322 3618 t.
1345 3579 1441 3624 XXX.
1464 3592 1503 3628 p.
1517 3581 1616 3628 6⁴8.)
