2306 4010
315 158 405 205 184
507 186 519 196 .
986 122 1292 210 {TRACTATUS
1321 145 1387 191 DE
1418 144 1563 192 PAPA.

311 264 702 340 scripserunt:
735 257 891 331 atqui
933 272 1045 310 non
1092 257 1398 327 potuerunt
1438 251 1609 308 talem
1654 252 2080 326 praerogativam
2127 255 2235 315 sihi

313 377 610 436 usurpare,
644 355 754 411 nisi
783 368 976 409 revera
1011 367 1135 406 eam
1163 366 1194 405 a
1217 348 1434 407 Christo
1467 349 1786 426 receperint
1809 371 1820 404 :
1847 367 1978 425 ergo
2003 368 2126 408 eam
2152 370 2236 412 re-
2296 374 2306 439 3

314 459 605 532 ceperunt.
2197 536 2203 541 ·
2288 446 2306 532 j

387 552 653 608 Probatur
676 547 869 620 major.
887 544 1219 602 —Romani
1245 544 1562 619 PontificeS,
1591 545 1651 602 in
1674 545 1942 604 omnibus
1968 546 2088 603 suis
2105 564 2234 604 con·
2290 542 2306 555 ⁴

307 646 693 708 stltutionibus
723 663 823 702 seu
863 644 1367 721 decretiS,Jquil)us
1392 647 1636 703 haereses
1668 645 2036 718 damnarunt,
2062 645 2237 703 simul

305 746 735 802 declaraverunt
783 743 928 818 exigi
979 762 1010 801 a
1045 762 1105 801 se
1135 743 1535 818 obedientiam,
1587 750 1642 802 et
1692 744 1926 818 quidem
1965 745 2088 802 sine
2115 745 2235 802 ulla
2286 818 2287 823 η

304 860 498 909 mora3
533 841 887 916 refragantes
916 841 1125 918 quippe
1157 842 1282 918 ipso
1314 841 1461 899 facto
1501 842 2024 900 excommunicatos
2047 843 2236 900 decer·
2301 887 2306 912 2

303 948 470 1017 nunt,
510 947 564 1000 et
603 942 714 998 nisi
755 942 1001 1000 definitis
1054 961 1084 999 a
1129 942 1268 1000 Sede
1314 943 1622 1019 apostolica
1655 942 1875 1000 sincere
1920 942 2152 1000 credant
2182 948 2236 1000 et

303 1042 645 1112 adhaereant,
689 1035 1244 1118 eis'indignationem
1281 1042 1458 1100 sancti
1490 1042 1637 1100 Petri
1677 1050 1731 1100 et
1755 1043 1849 1100 Dei
1880 1043 2235 1100 comminan-

301 1149 416 1200 tur.
442 1144 611 1200 Porro
652 1143 752 1216 qui
785 1143 866 1199 sic
906 1149 1079 1218 agunt
1115 1143 1474 1219 apertissime
1502 1143 1609 1199 sibi
1645 1142 2110 1207 infallibilitatem
2135 1141 2234 1198 ad·
2302 1125 2306 1133 ¹

301 1242 561 1299 scribunt
605 1249 657 1299 et
694 1259 819 1298 cam
865 1242 1249 1299 certissimam
1297 1247 1647 1318 supponunt.
1703 1240 2003 1298 Enimvero
2036 1239 2133 1314 qui
2177 1257 2234 1295 se

302 1337 600 1396 fallibilem
654 1338 888 1411 fatetur,
941 1357 1058 1396 non
1105 1343 1294 1414 potest
1336 1338 1459 1395 sine
1503 1338 1864 1413 apertissima
1912 1337 2231 1395 contradic-

300 1437 473 1509 tione,
527 1437 654 1494 aliis
696 1437 1004 1513 praecipere
1048 1438 1154 1493 sub
1197 1438 1582 1506 anathemate,
1630 1439 1712 1493 ut'
1740 1437 1848 1494 sibi
1891 1436 2230 1511 quaestiones

299 1536 425 1592 fidei
475 1536 766 1594 definienti
820 1538 1053 1594 credant
1103 1555 1169 1593 cx
1219 1536 1410 1592 animo
1470 1541 1523 1592 et
1575 1534 1917 1591 adhaereant.
1968 1535 2105 1590 Nam
2152 1534 2235 1590 di-

303 1635 505 1697 cendo,
540 1654 657 1690 snm
694 1635 966 1707 sallibilz'a,
998 1636 1102 1692 hoc
1141 1635 1264 1710 ipso
1291 1634 1689 1710 pronuntiaret
1719 1651 1842 1690 rem
1875 1651 1905 1689 a
1940 1651 1999 1690 se
2032 1631 2230 1689 defini-

299 1738 441 1802 tam,
495 1734 548 1788 vi
588 1734 759 1807 hujus
793 1735 1143 1792 definitionis
1182 1753 1297 1791 non
1346 1734 1690 1791 credendam
1736 1751 1858 1791 esse
1897 1738 1960 1789 ut
1995 1738 2230 1789 certam.

301 1831 365 1887 Et
396 1830 838 1910 aliunde—simul,
867 1834 1113 1908 exigeret
1156 1852 1281 1890 eam
1326 1840 1538 1891 certam
1585 1833 1761 1890 credi.
1800 1833 1973 1905 Igitur
2008 1830 2234 1887 Summi

300 1930 594 1987 Pontifices
619 1931 724 1987 hoc
751 1932 873 2006 ipso
894 1933 1044 2005 quod
1071 1933 1450 2008 praestandam
1470 1931 1901 1988 definitionibus
1922 1930 2040 1987 suis
2067 1930 2235 1986 fidem
2303 1908 2306 1974 ἶ

303 2028 452 2084 (11οῐ0
486 2029 652 2086 modo
681 2029 1060 2104 injunxerint,
1084 2031 1507 2087 infallibilitatis
1535 2028 1963 2106 praerogativam
1990 2029 2100 2086 sibi
2131 2029 2228 2085 ad-

304 2127 675 2203 scripserunt.
707 2129 900 2184 Omnis
942 2129 1161 2186 scilicet
1196 2129 1509 2186 auctoritas
1542 2147 1668 2202 quae
1706 2128 1873 2186 fidem
1912 2129 2156 2203 imperat
2179 2135 2228 2186 et

301 2222 495 2303 exigit,
536 2224 641 2280 hoc
669 2223 791 2298 ipso
826 2242 948 2281 sese
998 2225 1357 2282 infallibilem
1388 2225 1681 2281 contendit
1717 2231 1772 2281 et
1803 2226 2156 2298 pronuntiat.

380 2320 647 2375 Probatur
676 2323 870 2378 minor.
895 2354 966 2361 —
993 2321 1282 2391 Videlicet,
1310 2340 1422 2378 non
1451 2328 1760 2397 potuerunt
1793 2322 2030 2379 Romani
2057 2322 2238 2379 Ponti·
2287 2354 2293 2360 ·

306 2418 437 2474 vlices
465 2419 574 2475 sibi
609 2418 1075 2476 infallibilitatem
1105 2419 1186 2476 sic
1221 2420 1496 2490 tribuere,
1527 2421 1640 2477 nisi
1670 2439 1798 2478 vere
1823 2439 1947 2477 eam
1967 2439 1998 2477 a
2020 2420 2236 2478 Christo

304 2517 645 2590 receperint.
701 2518 837 2572 Nam
878 2518 987 2575 ista
1015 2519 1316 2593 usurpatio
1360 2518 1791 2575 infallibilitatis
1818 2538 1848 2575 a
1874 2517 2092 2574 Christo
2128 2536 2240 2575 non

306 2621 571 2690 acceptae,
615 2633 808 2672 secum
835 2601 1102 2674 traxisset
1134 2636 1428 2674 summum
1477 2635 1729 2674 errorem
1768 2617 1942 2673 totius
1973 2619 2235 2674 Ecclesiae

306 2713 455 2768 circa
482 2712 676 2784 fidem,
714 2714 889 2770 immo
927 2716 1075 2772 circa
1124 2716 1437 2791 ipsummet
1478 2715 1610 2772 fidei
1654 2715 2114 2773 fundamentum.
2144 2718 2240 2774 Ec·
2273 2696 2276 2698 v

311 2811 481 2868 clesia
510 2812 724 2869 scilicet
758 2832 1053 2889 nunquam
1080 2820 1276 2873 contra
1294 2817 1465 2873 talem
1488 2815 1877 2872 Romanorum
1902 2816 2232 2873 Pontificum

310 2911 738 2986 usurpationem
773 2913 1137 2982 reclamavit3
1178 2933 1281 2972 nec
1317 2914 1504 2984 ullibi,
1535 2933 1637 2989 per
1677 2920 1855 2972 totam
1906 2915 2245 2972 saeculorum

310 3008 539 3082 seriem,
568 3009 887 3084 reperietur
932 3013 1213 3088 ejusmodi
1259 3012 1683 3069 reclamationis
1720 3012 2043 3087 vestigium.
2102 3013 2241 3088 Ergo

311 3108 559 3167 Ecclesia
578 3109 711 3167 huic
737 3113 1107 3188 usurpationi
1151 3132 1215 3170 ac
1255 3112 1675 3169 fundamentali
1702 3112 1881 3170 errori
1921 3113 2121 3169 saltem
2143 3130 2244 3187 per

312 3207 607 3266 silentium
640 3211 1043 3269 consensisset.
1076 3212 1247 3269 Porro
1290 3211 1620 3286 contingere
1664 3211 1862 3285 nequit
1893 3217 1956 3267 ut
1997 3210 2243 3267 Ecclesia
2279 3228 2281 3230 ·

314 3326 414 3380 per
444 3309 738 3366 silentium
772 3311 1060 3370 adhaerere
1093 3330 1193 3369 seu
1225 3312 1548 3370 consentire
1593 3311 1851 3368 videatur
1873 3309 2054 3368 errori
2093 3309 2240 3366 circa
2288 3371 2290 3373 ‚

313 3404 483 3461 fidem
510 3414 564 3463 et
589 3410 903 3483 praesertim
923 3411 1072 3468 circa
1100 3411 1409 3488 ipsummet
1436 3410 1570 3466 fidei
1597 3409 2035 3466 fundamentum
2060 3431 2070 3475 ;
2105 3406 2238 3480 quia
2264 3443 2271 3452 -
2305 3424 2306 3449 ³

313 3502 418 3558 hoc
443 3504 564 3579 ipso
585 3510 821 3583 populos
840 3510 899 3568 in
927 3511 1104 3568 istum
1129 3529 1386 3589 errorem
1416 3509 1727 3580 induceret,
1759 3514 1811 3565 et
1848 3507 1931 3564 sic
1959 3504 2239 3563 desineret
2296 3533 2298 3538 =

312 3619 434 3659 esse
461 3621 593 3660 vera
631 3606 835 3666 Christi
881 3611 1151 3682 Ecclesia,
1185 3618 1240 3670 et
1264 3618 1459 3668 contra
1494 3610 1679 3686 ipsam
1705 3607 1871 3665 inseri
1899 3611 2072 3682 portae
2097 3620 2238 3680 prae-
