2262 3990
896 190 1154 238 armum.
1868 187 1954 235 697

95 317 227 364 cavit.
245 332 265 360 ι
293 316 351 363 Ex
381 316 518 363 altera
541 319 667 376 parte
695 318 813 361 stant
840 313 899 361 54
916 312 1085 373 praelati
1105 312 1184 373 qui
1204 312 1251 359 in
1276 310 1469 360 comitiis
1491 309 1597 358 anni
1632 308 1746 356 1682
1769 312 1962 369 quatuor

99 390 279 437 famosis
295 390 495 437 articulis
519 388 905 448 subscripserunt,
930 400 1124 448 quorum
1146 400 1330 447 praeses,
1363 378 1725 446 Archepiscopus'
1748 381 1967 430 Parisien-

99 466 160 512 sis
187 465 241 511 de
280 464 433 525 Harlay
457 465 541 511 fuit
574 463 807 510 infandum
841 461 1131 522 impudicitia}
1160 476 1210 508 ac
1236 461 1483 523 hypocrisis
1521 465 1799 515 monstrum,
1834 462 1968 518 prout

98 539 247 586 videre
263 544 331 585 est
354 539 400 584 in
424 544 526 586 nota
549 539 603 585 ad
622 539 791 585 calcem
821 537 956 597 hujus
977 536 1212 583 voluminis
1233 535 1423 596 rejecta;
1454 535 1528 582 cui
1556 534 1773 582 vilissimo
1809 531 1970 578 volun-

96 618 240 660 tatum
263 612 380 671 regis
402 617 444 658 et
485 612 796 659 ministrorum
829 610 1050 671 mancipio
1077 610 1228 656 caeteri
1256 610 1478 657 serviliter
1509 609 1748 670 palpabant
1772 613 1817 654 et
1845 606 1969 653 obse·
2023 630 2028 635 =

99 687 379 748 quebantur3
417 686 475 732 ita
503 692 553 733 ut
580 700 687 733 eum
721 685 1040 745 ‹liqui-ssimum
1069 685 1308 745 praesidem
1340 698 1476 731 suum
1507 683 1770 737 vocaverint,
1797 687 1844 728 et
1866 681 1973 727 Bos-

99 760 268 807 suetius
291 762 502 808 eumdem
525 762 728 808 laudibus
750 774 1024 822 prosequens
1050 774 1155 806 cum
1179 773 1341 819 magno
1365 758 1465 805 Osio
1482 758 1747 813 contulerit;
1773 770 1967 818 quorum

100 838 388 899 praelatorum
407 837 610 897 plerique
641 840 832 896 quatuor
868 833 1066 880 articulis
1097 833 1414 879 subscribendo
1441 834 1618 892 egregie
1638 832 1814 879 mentiti
1838 836 1967 886 sunt;

101 913 336 972 siquidem,
361 917 472 959 teste
488 915 775 971 procuratore
796 908 992 969 generali
1012 908 1066 954 de
1090 907 1263 966 Harlay,
1286 908 1560 954 contrarium
1578 909 1739 955 statim
1761 921 1814 954 ac
1831 906 1967 954 liben-

102 988 278 1034 tissime
303 987 618 1041 declarassent,
643 985 684 1030 si
706 983 755 1030 id
767 996 853 1043 per
870 995 1020 1042 reyem
1048 983 1268 1033 licuisset:
1289 995 1483 1041 quorum
1505 982 1794 1042 praelatorum
1816 984 1971 1042 plures

105 1075 283 1108 morum
310 1059 587 1119 turpitudine
613 1057 846 1104 sacerdotii
881 1058 1098 1116 probrum
1132 1057 1331 1103 extitere.
1358 1057 1560 1103 Doctrina
1582 1058 1838 1116 praecipuus
1862 1057 1971 1103 Bos-

104 1142 220 1188 suet,
259 1136 313 1181 ad
357 1133 692 1180 Jansenisticam
731 1137 928 1178 sectam¹
969 1132 1205 1192 aliquando
1246 1132 1453 1189 inflexus,
1491 1134 1658 1178 librum
1696 1132 1973 1190 Defensionis

103 1210 367 1269 composuit,
396 1222 531 1269 quem
569 1207 847 1253 damnatione
869 1207 1122 1267 praeprimis
1146 1207 1332 1264 dignum
1351 1207 1562 1267 judicavit
1588 1207 1850 1252 Benedictus
1871 1205 1971 1259 xlv,

104 1287 179 1346 qui
203 1285 428 1331 erroribus
458 1289 610 1337 scatet,
638 1296 774 1343 quem
795 1296 876 1327 nec
905 1288 1061 1328 auctor
1083 1283 1217 1328 edere
1240 1297 1374 1328 ausus
1399 1288 1474 1328 aut
1501 1282 1748 1341 permissus
1773 1286 1857 1335 est,
1891 1294 1975 1326 nec

105 1360 396 1406 subsecutum
429 1359 623 1418 (mortuo
643 1356 860 1402 Ludovico
880 1356 982 1415 xlv)
1012 1357 1211 1415 regimen
1242 1357 1311 1403 edi
1337 1357 1384 1402 in
1411 1356 1548 1402 Gallia
1573 1356 1808 1415 permisit;
1845 1361 1976 1415 atque

110 1434 231 1480 idem
258 1433 510 1479 Bossuetius
546 1432 742 1478 moriens
767 1431 1019 1491 episcopatu
1052 1432 1207 1478 donari
1234 1433 1400 1491 rogavit
1427 1437 1636 1490 nepotem
1663 1445 1813 1485 suum,
1841 1444 1977 1489 quem

109 1509 314 1568 apprime
348 1512 526 1553 noverat
566 1506 765 1552 moribus
801 1506 1029 1565 perditum
1066 1512 1111 1551 et
1143 1506 1443 1552 lansenisticae
1476 1511 1609 1551 sectae
1652 1505 1893 1558 deditum;
1932 1510 1977 1550 et

109 1580 288 1629 tandem
313 1582 429 1628 idem
452 1582 633 1627 Bossuet
652 1581 768 1626 sicut
785 1579 934 1625 caeteri
964 1581 1031 1637 (ut
1054 1580 1138 1625 alia
1165 1581 1220 1626 de
1240 1581 1336 1640 ipso
1362 1581 1408 1625 in
1433 1579 1774 1639 praesentiarum
1793 1579 1979 1639 taceam)

109 1669 189 1715 per
217 1656 452 1714 ipsammet
482 1653 588 1699 anni
626 1652 740 1698 1682
772 1651 1117 1698 declarationem
1152 1658 1195 1698 et
1223 1653 1337 1698 circa
1370 1653 1584 1711 regaliam
1620 1651 1974 1710 dispositionem,

110 1729 352 1775 enormiter
382 1727 695 1786 praevaricatus
728 1732 811 1779 est,
841 1732 971 1785 prout
1001 1726 1099 1772 fuse
1127 1741 1264 1786 supra
1290 1728 1434 1788 (parte
1466 1727 1516 1781 11,
1544 1732 1653 1773 sect.
1687 1726 1741 1785 11)
1773 1727 1978 1786 probavi-

111 1819 227 1850 mus.
259 1805 394 1861 Igitur
424 1803 646 1862 praedictis
680 1803 1021 1848 seminariorum
1056 1802 1202 1848 Galliae
1246 1803 1571 1862 professoribus
1600 1803 1744 1848 dicam
1774 1820 1783 1846 :
1810 1802 1979 1862 Usque·

108 1893 196 1938 quo
228 1880 265 1924 is
295 1879 558 1930 aulicorum,
593 1892 644 1923 ac
670 1877 856 1937 (magna
887 1892 941 1923 ex
984 1879 1140 1936 parte)
1173 1878 1454 1935 perditorum
1484 1878 1685 1922 virorum
1721 1877 1977 1934 manipulus

108 1953 325 2012 maj0rem
347 1954 463 2012 apud
487 1966 562 1998 vos
593 1951 901 1997 auctoritatem
923 1956 1238 2010 consequetur,
1263 1965 1397 2010 quam
1429 1951 1736 1996 sanctissimus
1764 1963 1892 2008 aeque
1926 1964 1977 1996 ae

109 2027 391 2073 doctissimus
417 2026 650 2085 Episcopus
683 2026 934 2085 Alphonsus
966 2025 1022 2070 de
1054 2026 1273 2084 Liguorio,
1303 2027 1379 2085 qui
1404 2040 1494 2072 non
1527 2040 1581 2071 ex
1613 2026 1699 2071 alio
1722 2040 1860 2086 quam
1887 2040 1977 2085 pu-

108 2090 284 2144 rissimo
307 2099 531 2146 catholicae
558 2099 752 2146 veritatis
784 2100 878 2145 zelo
903 2100 1097 2160 scripsit,
1125 2107 1169 2147 et
1186 2102 1313 2160 cujus
1340 2102 1591 2147 doctrinam
1622 2101 1860 2159 diligenter
1878 2115 1975 2147 exa-

112 2174 320 2219 minatam
341 2174 475 2219 Sedes
491 2174 726 2231 apostolica
743 2173 1101 2220 commendavit?

174 2247 386 2305 5⁶1ngens
404 2249 446 2293 S.
473 2249 681 2305 Alphonsi
707 2248 944 2293 auctoritas
976 2249 1143 2293 ratione
1167 2248 1341 2306 judicii,
1364 2264 1387 2293 a
1410 2250 1519 2295 Sede
1550 2251 1786 2309 apostolica
1821 2251 1981 2309 prolati

114 2335 230 2367 ctrca
266 2321 339 2366 illa
375 2322 463 2381 ipsa
487 2322 647 2380 scripta
677 2322 732 2367 de
763 2322 925 2380 quibus
960 2323 1156 2381 agimus,
1200 2324 1360 2383 quibus
1389 2338 1550 2383 nempe
1586 2339 1827 2372 erroneum
1858 2326 1980 2383 galli·

115 2409 276 2442 canum
306 2402 496 2454 systema
528 2397 780 2442 confutavit.
820 2395 887 2442 Sic
918 2398 1065 2456 legere
1097 2404 1163 2444 est
1194 2399 1241 2444 in
1273 2399 1392 2444 bulla
1426 2400 1804 2446 canonizationis:
1838 2420 1858 2440 α
1882 2401 1983 2446 Plu-

116 2471 225 2516 rima
249 2471 426 2529 scripsit
457 2471 510 2515 ad
542 2471 774 2517 asserenda
808 2471 942 2531 hujus
979 2478 1143 2518 sanctae
1172 2472 1296 2519 Sedis
1324 2474 1575 2531 apostolica}
1600 2473 1716 2531 jura,
1745 2475 1788 2520 in
1821 2476 1983 2535 quibus

117 2545 368 2590 inusitatam
397 2545 501 2597 vim,
537 2546 708 2604 copiam
724 2580 734 2598 ,
764 2547 1109 2606 varietatemque
1134 2547 1345 2593 doctrinae
1364 2585 1374 2602 ,
1409 2549 1652 2607 singularia
1674 2550 1982 2596 ecclesiasticae

117 2619 428 2665 sollicitudinis
459 2620 751 2674 documenta,
793 2626 838 2667 et
873 2622 1144 2681 exquisitum
1173 2623 1398 2679 religionis
1437 2624 1652 2677 studium,
1691 2625 1898 2670 admirari
1931 2626 1983 2671 li-

117 2699 200 2740 cet.
223 2710 241 2735 n

153 2835 203 2878 (t)
228 2834 267 2869 ld
290 2835 535 2870 documentis
552 2836 757 2881 probatum
774 2838 859 2875 vide
875 2838 915 2874 in
930 2838 1191 2885 publicatione
1209 2841 1402 2886 periodica
1418 2842 1538 2879 Revue
1554 2843 1618 2878 des
1638 2843 1800 2880 scientes
1822 2844 1971 2889 eccm„

111 2891 199 2926 aout
222 2889 322 2934 1865,
343 2894 449 2927 tomo
469 2891 526 2936 xl,
547 2903 583 2938 p.
600 2892 679 2930 120.
