2306 4010
866 207 990 254 PARS
1021 205 1260 253 SECUNDA.
1430 202 1436 209 '
1534 252 1539 258 ,
1917 201 2003 248 527
2042 215 2060 226 ·

127 313 324 371 Christi
364 314 732 389 operationeS,
777 314 907 387 quia
940 321 1071 371 sunt
1118 313 1296 370 multo
1334 313 1545 387 plureS,
1576 310 1706 384 quia
1741 308 2002 382 multifor-

125 413 274 468 miter
312 418 570 486 operatur
605 418 658 469 et
698 397 950 469 Christus
988 418 1038 469 et
1078 411 1316 486 Spiritus
1346 416 1588 468 sanctuS.
1631 407 1799 475 Quod·
1821 407 2003 466 adhuc

127 510 303 583 magis
354 511 532 584 liquet
581 529 641 568 ex
681 511 993 584 subjunctis
1032 510 1331 585 Scripturae
1376 510 1640 580 textibus,
1687 507 1941 564 videlicet
1983 528 1995 560 ι

128 630 155 662 «
186 609 484 666 Divisiones
516 611 822 683 gratiarum
860 616 1014 679 sunt,
1053 609 1200 666 idem
1238 615 1426 667 autem
1458 608 1736 684 Spiritus:
1773 613 1826 665 et
1864 606 2000 663 divi-

124 706 308 762 siones
339 705 810 762 ministrationum
842 711 997 775 sunt,
1037 705 1184 761 idem
1223 711 1411 762 autem
1451 705 1753 762 Dominus:
1785 709 1839 760 et
1867 703 2003 760 divi-

124 801 303 858 siones
327 803 691 873 operationum
716 806 872 870 sunt,
903 799 1050 855 idem
1077 819 1207 857 vero
1238 802 1374 858 Deus
1397 802 1493 874 qui
1527 807 1790 875 operatur
1813 801 1999 857 omnia

126 897 184 954 in
206 894 480 952 omnibus,
506 915 533 946 »
562 895 599 948 E
626 895 831 966 quibus
857 894 1103 951 textibus
1125 895 1206 950 sic
1230 895 1398 952 infert
1423 897 1686 969 praefatus
1710 896 1956 953 Pontifex
1987 917 1996 949 :

133 1015 160 1048 α
187 994 242 1050 Si
264 991 403 1067 enim
435 991 492 1046 in
526 991 674 1060 aliis,
711 991 768 1046 id
801 996 903 1063 est,
933 990 992 1047 in
1025 991 1294 1047 membris
1336 992 1477 1062 suis,
1521 993 1761 1067 Spiritus
1800 993 1998 1050 Christi

129 1090 511 1163 multiformiter
553 1093 838 1162 operatur,
873 1092 1079 1162 quanto
1122 1088 1299 1160 magis
1336 1107 1434 1164 per
1470 1091 1836 1165 semetipsum
1888 1109 1999 1148 me-

124 1189 382 1246 diatorem
406 1189 491 1244 Dei
520 1194 572 1245 et
611 1188 927 1259 hominum,
959 1188 1122 1262 plene
1152 1207 1212 1244 ac
1239 1189 1501 1263 perfecte,
1534 1190 2000 1262 multisque-modis

114 1293 170 1345 'et
192 1287 569 1343 ineffabilibus
609 1287 857 1343 confiteri
895 1305 994 1343 nos
1021 1287 1416 1344 communione
1453 1287 1747 1361 utriusque
1786 1293 1999 1343 naturae

117 1367 372 1441 condecet
411 1387 737 1459 operatum?
762 1406 789 1437 »
819 1386 954 1440 Cum
996 1385 1074 1440 ihi
1102 1385 1294 1441 eodem
1336 1404 1503 1442 sensu
1531 1386 1801 1458 intelligat
1828 1386 1999 1442 Hono-

116 1482 230 1538 rius
258 1485 586 1555 operationes
612 1501 751 1554 quas
776 1486 830 1538 in
853 1485 999 1538 nobis
1032 1484 1285 1557 producit
1320 1483 1560 1557 Spiritus
1592 1484 1705 1555 Dei,
1743 1492 1794 1541 et
1807 1486 1999 1558 'ope-ra-

116 1580 274 1634 tiones
297 1595 434 1650 quas
463 1595 562 1651 per
597 1578 960 1652 semetipsum
987 1578 1242 1652 producit
1269 1579 1542 1650 Christus,
1576 1579 1735 1635 fateri
1773 1597 1997 1637 necesse

111 1682 190 1732 est
211 1692 338 1731 eum
365 1666 463 1749 per
491 1675 762 1749 ejusmodi
798 1680 1129 1749 operationes
1167 1677 1476 1751 intelligere
1506 1678 1684 1733 varios
1715 1687 1857 1734 actus
1895 1697 1991 1735 seu

113 1773 332 1845 effectas
373 1790 402 1827 a
435 1772 647 1828 Christo
689 1781 961 1848 operatOS,
1006 1792 1115 1830 non
1158 1782 1343 1830 autem
1388 1775 1686 1848 ipsammet
1726 1776 1991 1848 operandi

109 1870 428 1941 facultatem.
459 1870 624 1925 Porro
649 1870 727 1926 sic
753 1871 819 1926 dc
844 1873 1036 1927 actibus
1062 1871 1342 1928 intellecta
1367 1874 1685 1945 operationis
1706 1891 1854 1943 voce,
1881 1891 1994 1929 me-

110 1967 212 2023 rito
247 1968 490 2043 ineptam
518 1969 729 2025 vocavit
754 1970 1027 2026 llonorius
1061 1971 1174 2027 sive
1198 1971 1365 2027 unius
1393 1972 1507 2027 sive
1533 1971 1774 2027 duarum
1807 1990 1993 2047 opera-

110 2062 319 2120 tionum
348 2065 725 2122 assertionem.
753 2066 973 2122 Falsum
996 2068 1145 2124 enim
1174 2075 1256 2125 est
1279 2069 1500 2125 nonnisi
1520 2088 1699 2125 unum
1733 2076 1828 2128 aut
1849 2070 1988 2127 duos

111 2166 262 2217 actus
288 2181 317 2217 a
344 2163 554 2219 Christo
589 2163 801 2220 elicitos
829 2166 1016 2221 fuisse.

189 2258 411 2330 Objicies.
447 2294 514 2302 —
553 2263 720 2319 Hodie
760 2264 1213 2338 reprehensibilis
1253 2266 1395 2322 foret
1438 2266 1534 2338 qui
1586 2276 1808 2340 negaret
1854 2271 1984 2325 duas

117 2351 314 2410 Christi
345 2362 681 2430 operationes,
711 2362 815 2417 sub
855 2367 1123 2435 praetextu
1166 2363 1310 2435 quod
1347 2364 1694 2437 operationes
1721 2349 2027 2439 intelligi(

117 2446 184 2504 dc
210 2452 421 2522 actibus,
446 2472 553 2510 non
582 2457 647 2512 de
674 2458 935 2514 facultate
962 2477 1058 2514 seu
1080 2459 1386 2516 voluntate.

186 2547 518 2622 Respondeo:
562 2554 637 2610 lta
675 2557 899 2629 quidem
942 2557 1128 2628 hodie,
1168 2559 1296 2631 quia
1339 2566 1462 2633 post
1498 2560 1975 2617 Monothelitarum

109 2643 371 2702 evolutam
399 2666 461 2704 ac
486 2650 800 2709 damnatam
826 2655 1102 2724 haeresim,
1133 2655 1341 2712 locutio
1374 2659 1595 2713 duarum
1626 2658 1828 2715 Christi
1856 2679 1978 2734 ope-

104 2743 380 2814 rationum,
403 2745 573 2804 fixum
595 2768 820 2807 sensum
847 2754 1078 2827 accepit,
1108 2754 1184 2809 ita
1206 2762 1266 2810 ut
1294 2754 1438 2811 idem
1470 2764 1623 2813 sonet
1649 2775 1711 2812 ac
1737 2758 1974 2814 duarum

107 2834 304 2893 Christi
327 2842 664 2909 voluntatum·
697 2866 795 2904 nec
819 2850 981 2905 liceat
1012 2869 1041 2906 a
1070 2859 1288 2925 recepto
1309 2853 1423 2925 jam
1453 2853 1510 2908 in
1537 2854 1778 2909 Ecclesia
1808 2874 1972 2912 sensu

106 2926 404 2987 locutiones
436 2935 778 3012 detorquere.
806 2946 869 3000 At
906 2964 1033 3001 vero
1071 2947 1295 3003 Honorii
1326 2956 1571 3023 tempore
1613 2951 1859 3004 nondum
1901 2952 1973 3006 ita

106 3021 244 3077 fixus
269 3031 385 3079 erat
423 3028 578 3085 dictae
602 3033 892 3094 locutionis
927 3058 1141 3097 sensus.
1171 3045 1419 3118 insuper,
1456 3063 1636 3117 neque
1676 3046 1838 3099 hodie
1867 3047 1976 3099 hae-

106 3134 286 3173 reseos
312 3127 404 3175 aut
439 3126 639 3180 erroris
671 3135 1011 3191 accusandus
1047 3146 1190 3194 esset
1221 3141 1507 3210 theologus
1541 3139 1638 3211 qui
1676 3139 1754 3193 sic
1781 3140 1972 3212 loque-

105 3220 258 3270 retur
289 3237 298 3269 :
341 3216 663 3290 operationis
697 3231 901 3284 nomine
933 3234 1287 3305 intelliqencIO,
1319 3256 1422 3292 non
1459 3239 1707 3309 operandi
1738 3257 1972 3294 racema-

102 3329 217 3383 τεῇ,
246 3315 336 3368 sed
368 3316 597 3383 ejusdem
638 3321 901 3390 facultatis
926 3338 1115 3399 actum,
1152 3333 1380 3402 ineptam
1405 3343 1479 3389 est
1508 3335 1680 3389 dicere
1703 3353 1857 3392 unam
1881 3347 1971 3394 aut

101 3408 233 3464 duas
257 3410 445 3466 Christi
476 3418 824 3485 operationes;
848 3423 968 3490 qaia
989 3424 1147 3478 multo
1169 3426 1346 3496 plures
1377 3436 1518 3483 actus
1547 3431 1721 3488 elicuit
1741 3452 1830 3491 seu
1856 3454 1970 3511 ope-

99 3513 243 3560 ratus
281 3514 357 3560 est
393 3508 640 3565 Christus.

171 3604 227 3655 6⁰
251 3604 506 3679 Expensis
526 3626 655 3677 ergo
683 3613 1000 3685 phi-asilum,
1025 3634 1162 3689 quas
1182 3621 1446 3694 objiciunt
1466 3625 1784 3702 adversarii,
1806 3635 1959 3690 nulla
