2306 4010
296 151 353 196 80
971 129 1260 185 TRACTATUS
1290 128 1356 175 DE
1386 128 1534 175 ΡΑΡΑ.

299 263 406 311 tum
430 253 500 308 ad
525 249 949 324 yubernationem
970 223 1363 312 provinciarum
1389 231 1579 291 Galliae
1600 235 1847 308 petitum,
1876 249 2012 288 anim
2035 232 2204 290 1689.

297 351 470 409 Divisi
510 353 642 405 sunt
679 338 1037 402 commentarii
1061 335 1119 390 in
1151 333 1291 389 duas
1324 338 1535 408 partes.
1570 331 1636 388 Et
1671 333 1742 388 ad
1783 332 1994 388 calcem
2032 329 2210 406 partis

299 449 493 524 primae
518 446 632 500 haec
666 440 870 512 legitur
909 430 1192 489 attestatio
1220 452 1231 484 :
1254 431 1436 487 Lectis
1462 438 1514 486 et
1557 432 1877 486 eoeaminatis
1903 430 2045 486 hisce
2071 448 2210 486 com-

300 545 588 610 mentariis,
622 538 822 594 nullam
847 551 878 588 a
906 534 1130 588 veritate
1159 533 1550 587 aberrationem
1586 532 1879 604 comperire
1907 532 2082 605 potui.
2108 530 2215 586 Da-

300 653 409 699 tum
432 643 613 697 Romae
643 635 712 689 25
731 633 852 706 julii
882 631 1051 688 1689.
1075 628 1316 704 AEyidiiis
1342 631 1549 697 Est-rix,
1574 633 1892 687 secretarius
1916 630 2211 686 Societatis.

299 742 433 796 Item
467 735 534 791 ad
563 733 777 790 calcem
810 730 990 806 partis
1034 731 1294 788 secundae
1325 752 1335 784 :
1384 731 1511 804 Le9i
1549 739 1599 786 et
1639 732 1940 787 examinavi
1978 731 2111 786 hano
2137 747 2219 786 se-

300 839 523 894 candam
575 842 787 908 partem
834 832 1347 889 Commentariorum
1392 833 1456 887 sle
1515 833 1669 888 rebus
1722 834 1885 905 (sestis,
1922 833 1975 886 in
2012 832 2221 905 neyotio

301 919 712 1010 aqyregjationis,
768 938 901 998 etc.;
959 939 1009 987 et
1042 930 1245 987 nullam
1287 933 1341 987 in
1390 950 1453 986 ea
1497 933 1726 1005 comperi
1766 932 2146 986 aberrationem
2194 948 2225 984 a

303 1037 544 1092 veritate.
586 1033 775 1088 Datum
808 1031 992 1086 Romae
1038 1031 1108 1086 28
1137 1032 1375 1104 januarii
1409 1030 1576 1087 1690.
1613 1030 1866 1103 AEyidias
1905 1030 2111 1102 Estrioe,
2143 1047 2224 1083 se-

306 1137 562 1192 cretarius
608 1132 910 1188 SocietatiS.
967 1130 1182 1187 Pariter
1214 1136 1334 1205 post
1381 1130 1767 1186 Annotationes
1814 1129 1883 1184 ad
1928 1128 2223 1203 epistolam

305 1233 477 1309 patris
511 1229 766 1300 Fontani,
802 1229 1139 1303 subjicitur:
1176 1229 1284 1285 Has
1316 1231 1686 1284 annotationes
1720 1229 1928 1301 scripsi,
1966 1233 2226 1282 annuente

306 1331 592 1387 reverendo
632 1336 787 1402 patre
834 1336 1016 1384 nostro
1063 1327 1326 1400 yenerali,
1369 1335 1419 1382 et
1460 1325 1525 1382 esi·
1565 1327 1766 1399 judicio
1806 1333 2021 1399 patrum
2065 1327 2224 1380 assis-

307 1434 524 1486 tentiam
562 1430 748 1498 Italiae,
792 1427 1114 1498 Germaniae,
1160 1426 1443 1501 Hispaniae,
1474 1427 1783 1482 Lusitaniae.
1813 1425 2010 1480 Datum
2045 1425 2228 1480 Romae

309 1531 340 1585 4
382 1529 641 1600 februarii
669 1527 837 1584 1690.
869 1526 1114 1599 AEyidias
1140 1526 1348 1595 Estrioe,
1386 1525 1706 1580 secretarius
1725 1523 2026 1580 Societatis.

381 1626 582 1699 Nequit
620 1644 748 1699 ergo
793 1625 1105 1698 quidquam
1155 1624 1319 1679 citari
1364 1622 1543 1696 magis
1588 1621 2004 1693 authenticum,
2059 1637 2228 1692 quam

312 1725 461 1798 quod
492 1724 734 1780 occurrit
780 1724 838 1777 in
874 1724 982 1778 isto
1023 1724 1191 1793 libro,
1227 1724 1323 1795 qui
1356 1723 1656 1797 ipsiusmet
1697 1720 1974 1793 generalis
2017 1737 2230 1794 praepo·

313 1823 407 1879 siti
439 1828 492 1878 et
537 1821 778 1877 aliorum
813 1821 1059 1893 generali
1092 1819 1380 1897 Societatis
1416 1819 1679 1892 regimini
1716 1818 2068 1874 addictorum
2101 1835 2230 1872 auc-

314 1922 536 1979 toritate
577 1921 884 1996 exscriptus
921 1921 1048 1988 fuit,
1080 1921 1424 1994 recognitUS,
1453 1939 1514 1976 ac
1549 1938 1649 1995 pro
1684 1919 1901 1975 sincero
1925 1918 2153 1974 habitus
2178 1923 2232 1973 ct

316 2021 651 2077 declaratus.

316 2244 340 2295 g
364 2241 401 2282 2.
432 2266 483 2272 -
511 2243 681 2284 Jesuitae
712 2242 851 2283 Gallia:
883 2242 1124 2284 deliberant
1149 2242 1199 2283 dc
1228 2242 1370 2294 aliquo
1407 2242 1485 2282 sibi
1511 2243 1702 2294 eligendo
1735 2241 1996 2294 vicario‘qui
2026 2252 2093 2282 eos
2118 2246 2235 2293 rogat

370 2311 702 2362 independenter
725 2324 748 2350 a
781 2311 971 2362 generali
1001 2310 1244 2362 Praeposito.
1281 2309 1413 2349 Simul
1438 2310 1644 2363 impedire
1675 2316 1880 2352 conantur
1900 2323 1952 2350 ne
1973 2315 2089 2363 pater
2112 2321 2237 2361 gene-

370 2378 470 2419 ralis
493 2379 646 2431 Tyrsus
671 2379 866 2420 Gonzalez
892 2390 1016 2419 suum
1042 2378 1201 2418 librum
1224 2378 1317 2418 edat
1341 2378 1391 2418 de
1417 2378 1661 2419 auctortiate
1680 2379 1838 2420 Summi
1866 2378 2078 2420 Pontificis
2101 2378 2237 2430 quoad

370 2448 673 2489 decernendam
699 2447 826 2488 fidem
852 2446 1077 2497 infallibili,
1103 2452 1145 2487 et
1164 2446 1353 2488 conciliis
1370 2448 1638 2496 generalibus
1655 2448 1889 2499 superiore.

404 2628 430 2658 «
460 2605 773 2661 Adfuerunt
814 2624 843 2661 e
865 2602 1043 2660 ‘Gallia
1082 2605 1282 2662 litterae
1332 2626 1361 2661 3
1399 2608 1518 2661 viro
1550 2624 1579 2661 e
1605 2607 1810 2662 nostris
1834 2606 2104 2682 primario
2134 2609 2235 2682 (in-

267 2720 270 2725 '
324 2703 500 2776 telliqe
534 2711 743 2776 patrem
778 2704 840 2758 (le
875 2705 927 2759 Ia
956 2703 1166 2774 Chaise)
1197 2703 1341 2759 datae
1366 2703 1454 2759 die
1483 2704 1515 2759 9
1553 2705 1797 2760 octobris
1831 2705 2000 2778 1688,
2027 2706 2237 2779 quibus

325 2802 752 2877 explicabantur
795 2821 980 2859 causae
1021 2803 1422 2862 offensionis...
1458 2804 1706 2860 Addebat
1741 2811 1932 2861 auctor
1966 2806 2236 2880 epistolae,

326 2902 436 2958 nisi
465 2902 816 2960 obtineretur
848 2921 876 2958 a
905 2908 1065 2978 patre
1092 2908 1286 2960 nostro
1313 2903 1567 2960 Vicarius
1594 2905 1869 2976 generalis
1896 2923 2026 2961 cum
2051 2906 2238 2979 ampla

326 3005 599 3075 potestate
626 3019 715 3057 res
743 3020 963 3073 omnes,
994 3002 1155 3075 quasi
1198 3002 1319 3077 ipse
1359 3002 1598 3072 adesset,
1635 3002 1955 3072 ordinandi,
1987 3021 2241 3059 necessa-

328 3098 477 3154 rium
505 3099 791 3172 futurum,
814 3106 873 3156 ut
903 3101 1101 3156 saltem
1127 3101 1520 3176 provinciales,
1551 3119 1680 3157 cum
1717 3101 1929 3174 aliquot
1961 3101 2242 3177 deputatis

330 3197 770 3271 provinciarum,
801 3218 982 3255 unum
1020 3199 1079 3254 in
1117 3199 1305 3256 locum
1349 3200 1731 3270 convenirent,
1769 3202 2033 3275 regimini
2070 3201 2242 3257 socie-

331 3293 462 3349 tatis
489 3295 547 3349 in
570 3296 744 3352 Gallia
771 3297 1172 3372 prospecturi»
1213 3297 1294 3368 (in
1330 3297 1479 3354 dicto
1506 3298 1671 3369 libre,
1707 3318 1833 3374 pag.
1873 3299 1986 3371 15).

415 3394 556 3450 «His
589 3397 739 3452 curis
781 3397 998 3453 intento
1038 3397 1183 3472 patri
1225 3398 1471 3472 generali
1514 3398 1640 3455 novi
1679 3417 1746 3454 ex
1785 3396 1956 3453 Gallia
2000 3403 2242 3455 terrores

338 3491 745 3549 nuntiantur...
790 3496 976 3552 Patres
1027 3495 1328 3570 provinciae
1372 3495 1688 3553 Franciae...
1740 3494 1944 3567 singuli
1989 3513 2242 3552 seorsum

338 3589 553 3645 litteras
580 3589 851 3649 dederunt
897 3594 966 3650 ad
989 3595 1219 3651 Patrem.
1243 3601 1503 3652 nostrum
1541 3594 1736 3652 eodem
1771 3592 1887 3649 fere
1919 3593 2010 3650 die
2048 3594 2118 3650 22
2158 3612 2246 3650 oc-
