2262 3990
867 170 992 218 PARS
1019 166 1218 216 TERTIA.
1433 192 1438 197 -
1895 158 1983 206 505

109 283 262 343 nioni
295 281 683 354 antiquitatem
711 269 1010 345 vindicare,
1034 281 1201 348 atque
1234 272 1294 328 in
1322 270 1472 327 hunc
1496 267 1664 325 finem
1683 265 1981 341 diligenter

108 379 367 456 expendit
398 377 586 435 omnia
622 381 803 433 vetera
826 372 1171 448 generalium
1200 367 1538 445 synodorum
1576 369 1694 421 acta
1725 369 1779 421 et
1816 363 1984 421 docu-

111 484 318 533 menta.
359 476 524 531 Porro
555 473 696 530 nihil
729 471 977 546 reperire
1021 468 1221 544 potuit,
1263 484 1330 523 ex
1359 483 1470 539 quo
1502 464 1599 538 jus
1642 458 1864 518 concilii
1896 476 2006 532 ge·-

115 572 315 629 ncralis
354 588 524 646 supra
553 570 862 626 Romanum
900 565 1219 622 Pontificem
1256 562 1562 635 colligeret.
1592 557 1871 633 Excerpsit
1904 574 1990 614 so-

114 669 396 726 lummode
445 673 596 741 gesta
649 666 939 739 quaedam,
989 662 1194 735 quibus
1250 666 1466 717 constat
1519 676 1719 715 novum
1762 672 1988 713 examen

115 781 427 837 novumque
455 762 728 836 judicium
761 765 889 835 post
924 758 1132 814 summi
1165 743 1444 813 Pontificis
1483 755 1860 812 definitionem
1901 753 1986 808 in-

114 863 370 919 stitutum
398 860 588 917 fuisse.
630 857 782 914 Istud
823 861 1007 912 autem
1041 855 1363 910 nullatenus
1391 853 1590 927 probat
1627 852 1862 909 concilia
1895 869 1988 924 ge-

111 958 321 1014 neralia
358 954 801 1030 superioritatem
842 969 1007 1026 supra
1050 950 1248 1024 Papam
1293 948 1399 1004 sibi
1432 948 1761 1005 vindicasse.
1800 947 1989 1003 Enim-

111 1070 236 1108 vero
261 1052 579 1108 institutum
615 1049 722 1105 suit
753 1049 1028 1123 ejusmodi
1066 1066 1269 1103 novum
1312 1064 1543 1102 examen
1594 1064 1656 1102 ac
1684 1046 1986 1119 judicium,
2023 1109 2029 1114 ,

110 1166 219 1204 non
250 1148 396 1220 quod
421 1147 651 1203 Romani
672 1146 948 1203 Pontificis
973 1145 1221 1201 definitio
1251 1144 1434 1199 dubiae
1467 1162 1529 1199 ac
1558 1143 1784 1199 incertae
1806 1149 1991 1199 aucto-

107 1245 289 1302 ritatis
317 1246 635 1314 haberetur,
673 1245 766 1301 sed
798 1251 859 1300 ut
895 1244 1277 1300 baereticorum
1308 1242 1612 1317 pertinacia
1642 1241 1889 1315 apertius
1928 1259 1991 1296 ac

109 1342 282 1414 magis
323 1342 535 1397 notorie
572 1341 964 1397 retunderetur
992 1341 1080 1414 (de
1120 1358 1230 1412 quo
1260 1339 1384 1395 vide
1409 1338 1796 1406 Ballerinium‚
1843 1338 1906 1393 (Ie
1928 1336 1990 1393 Vi

110 1457 170 1494 ac
197 1439 416 1494 Ratione
450 1442 721 1512 primatiae,
767 1457 889 1513 cap.
925 1439 1053 1509 xm).
1087 1437 1226 1494 Sane
1252 1437 1482 1510 contigit
1518 1437 1686 1510 eti-am
1722 1440 1785 1491 ut
1813 1434 1996 1491 conci-

110 1536 312 1591 liorum
355 1536 698 1608 generalium
747 1536 1096 1592 definitiones
1135 1536 1194 1590 in
1243 1535 1712 1608 subsequentibus
1769 1531 1995 1607 synodis

112 1632 464 1688 oecumenicis
491 1633 694 1689 iterum
720 1639 963 1689 tractatae
988 1631 1216 1688 fuerint.
1244 1632 1375 1696 Quis
1400 1615 1587 1687 autem
1613 1631 1744 1686 inde
1775 1630 1995 1702 colligat

110 1729 406 1783 concilium
438 1730 778 1802 subsequens
807 1730 913 1785 sibi
954 1729 1403 1803 superioritatem
1432 1746 1615 1802 ‚supra
1657 1727 1994 1801 praecedenS,

108 1830 202 1878 aut
246 1824 509 1896 majorem
550 1826 935 1881 auctoritatem
981 1825 1319 1880 vindicasse?
1363 1824 1777 1892 Retractabant,
1818 1823 1874 1876 id
1911 1827 1998 1878 est

111 1920 311 1976 iterum
358 1925 686 1992 tractabant,
723 1941 836 1979 non
874 1930 937 1978 ut
967 1908 1324 1995 corrigerent,
1360 1921 1455 1978 sed
1491 1927 1554 1977 ut
1589 1921 1893 1977 renitentes
1925 1918 1994 1974 ad

110 2017 475 2075 obedientiam
510 2026 786 2092 cogerent.
812 2020 921 2075 Hoc
946 2037 1134 2087 sensu,
1164 2024 1214 2075 et
1240 2036 1352 2074 non
1381 2018 1564 2088 aliter,
1607 2023 1914 2074 retractatae
1936 2016 1994 2070 in

114 2116 361 2171 conciliis
389 2117 764 2174 Romanorum
788 2117 1115 2173 Pontificum
1141 2117 1449 2172 sententize.
1478 2117 1586 2171 Nec
1620 2116 1728 2171 alia
1755 2113 1995 2188 supponi

117 2217 294 2283 potest
324 2215 682 2270 conciliorum
715 2233 873 2270 mens
911 2215 967 2268 in
1010 2214 1283 2286 ejusmodi
1319 2213 1830 2276 retractationibUS,
1866 2229 1995 2266 cum

119 2305 426 2362 indubitata
463 2309 628 2364 suerit
663 2310 720 2363 in
747 2316 856 2364 tota
898 2315 1045 2364 retro
1087 2309 1419 2382 antiquitate
1446 2308 1678 2362 Romani
1718 2305 1996 2362 Pontiticis

119 2402 175 2456 in
199 2402 504 2458 definienda
530 2405 634 2460 fide
665 2404 1050 2474 infallibilitas‚
1091 2410 1141 2460 et
1178 2405 1232 2459 in
1264 2405 1541 2477 regimine
1572 2420 1831 2478 suprema
1872 2419 1999 2458 auc-

115 2501 330 2570 toritas,
360 2507 520 2575 prout
548 2502 603 2557 in
636 2503 816 2575 prima
846 2510 898 2559 et
937 2502 1174 2559 secunda
1201 2503 1371 2575 hujus
1399 2507 1666 2558 tractatus
1691 2507 1849 2577 parte
1874 2518 1998 2574 pro-

113 2596 383 2652 havimuS.

187 2694 240 2749 2⁰
282 2696 470 2768 Inepte
501 2702 870 2769 opponeretur
908 2699 1199 2753 anathema
1240 2697 1298 2752 in
1348 2697 1651 2753 llonorium
1694 2697 1918 2770 Papam,
1965 2715 1996 2752 a

110 2797 260 2845 sexto
294 2790 524 2846 concilio
569 2793 908 2848 oecumenico
952 2794 1391 2867 pronuntiatum.
1442 2793 1577 2847 Nam
1613 2795 1808 2866 primo,
1852 2800 1986 2848 tunc

107 2885 398 2955 Honorius,
437 2892 624 2959 utpote
664 2894 940 2959 mortuus,
975 2890 1091 2962 jam
1122 2907 1231 2946 non
1281 2897 1396 2945 erat
1429 2907 1690 2944 summus
1718 2887 1987 2943 Pontifex.

109 2980 339 3036 Proinde
375 2983 536 3037 hocce
578 2986 886 3055 anathema,
929 2986 1145 3041 etiamsi
1178 2986 1327 3041 foret
1370 2985 1593 3059 proprie
1631 2984 1787 3039 dictae
1820 2982 1992 3055 juris-

113 3077 370 3132 dictionis
400 3084 574 3146 actuS,
607 3097 716 3134 non
754 3087 895 3144 esset
927 3088 1114 3138 tamen
1158 3087 1316 3137 actus
1358 3079 1766 3153 jurisdictionis
1803 3078 1862 3132 in
1896 3079 1992 3135 Pa-

110 3192 257 3248 pam.
285 3176 350 3228 At
379 3157 624 3245 secundo,
659 3177 929 3248 ejusmodi
963 3178 1405 3234 anathemata'in
1441 3184 1715 3247 mortuOS,
1747 3176 1893 3232 sicut⁴
1935 3184 1990 3234 et

113 3279 460 3328 mortuorum
486 3273 883 3342 absolutioneS,
915 3292 1027 3330 non
1068 3282 1200 3331 sunt
1230 3281 1386 3331 actus
1421 3273 1823 3348 jurisdictionis
1846 3274 1987 3332 rela-

115 3370 222 3426 tive
258 3370 324 3425 ad
359 3376 626 3439 mortuos,
663 3376 853 3445 utpote
887 3371 983 3443 qui
1023 3372 1090 3427 ab
1117 3371 1237 3446 ipso
1273 3371 1378 3427 Deo
1411 3372 1528 3445 jam
1564 3371 1987 3429 immutabiliter

109 3466 342 3539 judicati
389 3472 538 3531 sunt;
583 3465 679 3521 sed
725 3466 1031 3541 respiciunt
1073 3468 1358 3523 dumtaxat
1398 3467 1575 3534 vivos;
1625 3474 1689 3524 ut
1729 3467 1983 3525 videlicet

114 3563 221 3618 vivi
264 3563 547 3637 sepultura
588 3562 794 3620 donare
841 3570 892 3620 et
938 3563 1221 3637 suffragiis
1258 3564 1452 3638 juvare
1491 3565 1709 3623 valeant
1751 3581 1844 3622 eos
1887 3564 1986 3638 qui
