2262 3990
223 131 312 182 540
879 123 1176 172 TRACTATUS
1205 123 1273 172 DE
1302 124 1449 173 PAPA.

222 235 597 294 firmationem
632 248 746 286 non
773 246 896 285 esse
922 246 1147 304 semper
1172 247 1272 286 seu
1302 229 1538 286 absolute
1562 229 1974 288 necessariam.*
1999 231 2134 291 Nam

220 334 543 404 contingere
586 329 892 403 aliquando
940 335 1146 404 potest,
1198 330 1268 386 ob
1298 330 1647 406 peculiarem
1680 329 2134 389 circumstantia-

219 449 348 486 rum
382 447 750 502 concursum,
779 434 842 485 ut
893 428 1293 487 universaliter
1329 437 1532 487 nolum
1567 433 1619 486 et
1650 434 1871 486 certum
1896 429 1994 486 fiat
2042 431 2138 490 de-'
2182 431 2195 466 f'
2229 439 2235 444 “

218 534 373 586 creta
403 529 629 586 concilii
659 547 689 586 a
726 528 988 586 Pontitice
1028 530 1338 605 approbata
1369 530 1567 600 fuisse,
1602 529 1863 603 quamvis
1889 529 2136 589 Pontifex
2179 535 2185 578 ἰ
2219 551 2221 554 ⁴

219 631 364 687 hanc
391 650 553 688 suam
583 630 1046 707 approbationem
1082 649 1184 706 per
1227 630 1570 707 encyclicam
1606 648 1721 687 non
1751 629 2132 690 declaraverit.

224 730 289 787 lit
331 737 470 788 tunc
497 731 771 788 solemnis
800 731 893 786 illa
925 731 1279 788 confirmatio
1309 731 1627 788 necessaria
1654 749 1769 788 non
1793 729 1921 800 erit,
1957 736 2020 787 ut
2054 748 2136 810 sy·
2178 786 2197 802 ,,

217 830 350 889 nodi
379 831 738 889 oecumenicae
779 831 998 888 decreta
1031 831 1429 889 universaliter
1461 831 1733 906 obligent.

293 929 348 985 5⁰
370 929 662 988 Distinctio
694 931 812 986 haec
838 931 986 988 inter
1016 930 1334 1006 simplicem
1360 930 1824 1006 approbationem
1860 934 1914 986 et
1940 928 2136 986 solem-

216 1048 344 1087 nem
372 1031 862 1088 confirmationem
891 1031 1049 1088 valdc
1090 1031 1428 1089 attendenda
1462 1038 1568 1104 est,
1600 1032 1669 1087 ob
1699 1030 2008 1107 sophisma,
2032 1050 2138 1106 quo

216 1130 546 1202 adversarii,
598 1131 654 1187 id
700 1138 806 1203 est,
850 1131 1122 1188 Gallicani
1171 1132 1493 1207 systematis
1543 1150 1837 1206 sequaces,
1890 1131 2139 1189 incautos
2181 1134 2189 1143 ’

217 1230 526 1306 decipiunt.
572 1232 709 1287 Nam
756 1232 981 1304 quando
1019 1234 1319 1288 necessaria
1352 1231 1561 1288 dicitur
1600 1232 1761 1307 Papa}
1807 1232 2136 1306 approbatiO,

216 1332 435 1406 fingunt
473 1333 559 1406 agi
593 1334 657 1388 (Ie
697 1333 920 1389 solemni
949 1335 1370 1407 confirmatione,
1423 1331 1575 1406 quod
1612 1331 1821 1388 salsum
1857 1338 1975 1400 est;
2018 1338 2136 1388 tum

215 1432 458 1507 probant
487 1431 802 1488 solemnem
835 1432 999 1490 istam
1026 1433 1511 1490 confirmationem
1537 1433 1791 1507 rigorose
1811 1437 1863 1490 et
1892 1431 2138 1491 absolute

215 1524 597 1581 necessariam
626 1543 738 1581 non
784 1544 928 1598 esse,
958 1532 1009 1583 et
1041 1525 1389 1583 concludunt
1439 1524 1773 1599 generaliter
1804 1522 2010 1579 nullam
2050 1541 2140 1580 ne-

220 1625 523 1682 cessariam
567 1643 690 1683 esse
738 1628 1195 1702 approbationem,
1247 1634 1307 1683 ut
1344 1625 1562 1682 decreta
1617 1624 1843 1681 concilii
1884 1624 1998 1681 vim
2049 1623 2140 1680 ha-

219 1724 409 1783 beant.
445 1726 621 1800 Igitur
677 1727 814 1784 dum
853 1727 1252 1784 contendimus
1294 1727 1531 1783 absolute
1581 1726 1937 1781 neeessariam
1987 1724 2140 1799 Papae

219 1826 704 1900 approbationem,
760 1828 1135 1901 intelligimus
1175 1826 1639 1903 approbationem
1685 1824 2028 1899 simplicem,
2082 1822 2137 1878 id

221 1932 328 1995 est,
380 1945 657 1982 assensum
699 1929 899 1984 saltem
945 1929 1206 1985 Romani.
1229 1928 1531 1999 pontificis,
1589 1945 1950 2001 quocumque
1980 1923 2143 1980 modo
2197 1997 2209 2013 ι

218 2025 562 2100 ΡΓῑΡεῖίῐιιΠις
590 2032 642 2083 et
667 2046 732 2084 ex
760 2029 863 2084 hac
892 2029 1225 2085 necessitate
1252 2028 1550 2085 inferimus
1578 2029 1734 2101 Papae
1755 2026 2144 2084 auctoritatem

220 2145 393 2201 supra
427 2127 760 2184 concilium.
798 2129 915 2193 Quo
939 2135 1270 2204 praenotatO,
1298 2129 1370 2186 sit

290 2228 582 2283 Pnorosrrio
610 2230 669 2283 1³.
702 2261 770 2269 —-—
794 2230 1086 2286 Concilium
1123 2233 1205 2285 eui
1233 2230 1384 2302 Papa
1421 2247 1576 2284 suum
1604 2247 1878 2284 assensum
1906 2223 2158 2297 recusat,

215 2346 322 2384 non
362 2336 441 2384 est
473 2330 865 2398 oecumenieum,
897 2347 992 2384 nee
1020 2331 1132 2402 ejus
1169 2329 1382 2385 decreta
1414 2330 1516 2384 vim
1549 2329 1758 2383 habent.

294 2427 562 2485 Probatur
591 2428 635 2484 I.
662 2463 733 2470 —-
760 2429 837 2484 Ex
871 2428 1159 2503 Scriptura
1184 2428 1369 2484 Sacra.
1390 2461 1460 2469 --
1486 2427 1540 2482 1ο
1571 2427 1701 2483 ldeo
1728 2425 2035 2483 concilium
2054 2442 2142 2500 ge-

218 2525 430 2597 nerale,
466 2526 594 2583 lieet
619 2546 739 2583 non
778 2527 1121 2584 assentiente
1147 2527 1311 2602 Papa,
1347 2525 1684 2583 decernendi
1710 2530 1765 2581 ct
1793 2543 1894 2600 per
1920 2524 2140 2581 decreta

216 2645 319 2683 sua
348 2627 747 2685 universaliter
772 2628 1059 2701 obligandi
1095 2628 1490 2684 auctoritatem
1519 2626 1773 2696 haberet,
1809 2625 1939 2699 quia
1961 2625 2146 2682 Chris-.

218 2731 311 2782 tus
337 2726 658 2782 censendus
695 2727 839 2783 foret
885 2730 1030 2784 hanc
1059 2734 1399 2803 potestatem
1443 2726 1692 2801 generali
1736 2725 2135 2800 Episcoporum
2211 2706 2214 2710 ’

219 2825 618 2882 coadunationi
644 2825 953 2883 contulisse
977 2828 1202 2901 quando
1231 2827 1512 2901 apostolos
1541 2845 1698 2896 SUOS,
1721 2825 1928 2899 quibus
1956 2843 2138 2883 succe-

217 2925 358 2981 dunt
397 2925 675 3001 Episcopi,
704 2926 979 2983 allocutus
1021 2933 1106 2983 est
1146 2927 1231 2983 his
1276 2927 1461 2983 verbis
1488 2947 1497 2980 :
1524 2926 1894 3000 Quodcumque
1919 2927 2136 2983 solveri-

220 3029 306 3098 tis,
330 3032 436 3083 etc.
471 3027 712 3103 (Manu,
741 3028 924 3103 capite
964 3028 1167 3084 ultimo
1195 3016 1252 3099 ὲ,
1289 3049 1373 3084 xvi
1406 3034 1459 3084 et
1503 3030 1673 3102 seq.).
1706 3027 1875 3083 Porro
1903 3026 1992 3082 his
2017 3043 2134 3083 ver-

218 3126 305 3182 bis
344 3143 673 3201 supremam
709 3133 1047 3202 potestatem
1077 3127 1320 3185 eontulit
1350 3127 1608 3184 Christus
1648 3125 1939 3202 apostolis,
1967 3143 2079 3182 non
2106 3141 2141 3180 a·

216 3227 376 3283 Petro
405 3226 695 3301 sejunctis,
726 3226 824 3283 sed
856 3227 1035 3284 unitis
1067 3228 1250 3301 Petm,
1284 3228 1378 3302 qui
1413 3228 1532 3302 jam
1563 3232 1731 3300 caput
1757 3243 1855 3297 seu
1883 3225 2137 3302 princeps

217 3324 481 3382 Ecclesiae
508 3326 850 3384 constitutus
882 3326 1091 3383 fuerat.
1125 3327 1206 3383 lbi
1250 3327 1456 3384 scilicet
1498 3344 1748 3402 praesens
1789 3333 1907 3383 erat
1943 3326 2137 3382 Petrus

221 3426 440 3496 quando
467 3408 635 3482 citata
659 3427 829 3483 verba
868 3427 1081 3501 prolata
1109 3432 1242 3483 sunt
1270 3450 1279 3494 3
1308 3433 1360 3483 et
1396 3426 1563 3482 verba
1602 3428 1720 3482 haec
1742 3425 1888 3482 dicta
1907 3425 2129 3480 fuerunt

219 3520 284 3574 de
306 3523 540 3596 collegio
568 3526 981 3600 apostolorum,
1003 3545 1116 3583 non
1140 3527 1366 3582 excluso
1398 3526 1495 3582 sed
1523 3525 1930 3599 comprehenso
1950 3522 2140 3580 Petro..

218 3614 326 3671 Nec
346 3619 549 3689 legitur
574 3622 632 3677 in
663 3624 841 3680 sacris
886 3624 1199 3697 Evangeliis
1226 3623 1525 3697 collegium
1564 3620 1971 3697 apostolorum,
2001 3634 2139 3691 qua-v
