2262 3990
830 157 955 205 PARS
983 157 1182 205 TERTIA.
1850 153 1937 199 595

73 266 413 325 existimasse
436 266 506 323 de
537 264 805 323 sententia
845 263 1153 339 dogmatica
1176 260 1391 329 LeoniS,
1425 267 1665 334 tanquam
1690 258 1941 316 dedubio

74 371 163 421 aut
194 366 388 422 incerto
408 365 604 438 judicio
642 380 873 421 examen
895 361 964 419 ad
1003 359 1452 419 deliberationem
1476 357 1786 416 instituere.

151 460 206 516 4⁰
234 461 356 516 «lam
385 461 452 517 ad
478 478 538 518 ea
562 478 815 535 gressum
843 459 1133 529 saciamuS,
1177 475 1306 532 quae
1328 455 1554 515 Bossuet
1592 453 1796 530 aliique
1813 472 1942 512 cum

76 556 193 632 ipso
218 556 481 614 Gallicani
506 558 563 613 in
590 558 932 615 contrarium
961 563 1269 633 opponunt.
1651 602 1676 625 ,

152 654 372 726 Objectio
401 658 590 729 prima.
615 655 820 712 —Sub
860 654 1086 711 initium
1132 653 1367 711 actionis
1407 659 1639 728 quartae,
1687 651 1950 710 dixerunt

65 752 283 824 judices,
308 751 362 806 id
387 757 491 824 est,
515 752 553 807 ii
577 751 700 808 laici
730 751 826 825 qui
856 750 1083 807 nomine
1106 751 1460 825 imperatoris
1481 751 1710 808 aderant
1739 770 1750 805 :
1781 773 1807 804 «
1832 749 1951 807 Sin-

77 847 194 922 guli
218 847 660 904 reverendissimi
686 846 935 922 Episcopi
970 846 1066 921 qui
1110 853 1486 903 convenerunt
1509 847 1760 919 doceant,
1787 847 1831 903 si
1863 866 1951 904 ex-

79 946 275 1021 positio
324 952 692 1003 trecentorum
733 945 922 1002 decem
965 950 1018 1002 et
1061 951 1181 1002 octo
1230 951 1551 1002 sanctorum
1597 949 1820 1003 Patrum
1856 946 1952 1019 qui

0 1110 1 1115 ¹
79 1043 210 1099 olim
230 1043 285 1099 in
314 1044 487 1100 Nicaea
517 1043 732 1100 collecti
761 1050 912 1114 sunt,
937 1050 987 1100 et
1011 1048 1132 1118 post
1156 1044 1270 1099 haec
1289 1047 1512 1100 centum
1546 1044 1953 1118 qninquaginta

0 1126 1 1130 ¹
82 1140 176 1213 qui
200 1140 256 1195 in
286 1141 435 1214 regia
473 1141 787 1214 congregati
826 1147 956 1198 sunt
979 1141 1220 1213 civitate,
1262 1150 1512 1199 consonat
1546 1144 1780 1215 epistolae
1813 1162 1957 1199 reve-

82 1240 370 1295 rendi-ssimi
403 1240 563 1313 Papae
598 1239 782 1295 Leonis
832 1262 859 1293 »
901 1241 1120 1313 (Lahhe,
1177 1245 1219 1296 t.
1252 1241 1337 1313 IV,
1385 1241 1490 1297 col.
1520 1241 1650 1310 471,
1685 1241 1820 1297 edit.
1861 1242 1955 1296 Pa-

85 1334 252 1404 risiiS‚
279 1335 469 1406 1671).
498 1335 558 1391 Et
586 1335 787 1408 singuli
820 1337 1247 1410 responderunt,
1278 1355 1602 1394 consonare.
1636 1337 1810 1410 Igitur
1843 1356 1956 1394 non
2012 1386 2014 1388 .

88 1440 302 1507 recepta
337 1440 417 1489 est
454 1434 646 1494 Leonis
692 1435 920 1509 epistola
950 1435 1058 1490 nisi
1101 1437 1381 1492 deliberato
1419 1445 1467 1492 et
1515 1437 1787 1511 explorato
1834 1455 1956 1493 eam

89 1529 492 1602 antiquioribus
526 1531 775 1587 conciliis
809 1551 1131 1590 consonare.
1163 1533 1326 1607 Atqui
1355 1533 1433 1589 sic
1464 1534 1823 1608 explorando,
1848 1534 1959 1590 sibi

89 1625 403 1681 tribuerunt
434 1636 745 1699 potestatem
773 1629 1132 1698 dissentiendi,
1160 1647 1289 1685 casu
1319 1648 1427 1702 quo
1473 1648 1595 1685 eam
1622 1630 1959 1705 reperissent

90 1739 119 1776 a
146 1739 269 1777 vera
296 1722 400 1777 fide
435 1722 734 1794 dissonam,
782 1741 843 1779 ac
882 1725 1114 1799 proinde
1140 1725 1248 1782 sihi
1277 1725 1631 1782 vindicarunt
1665 1726 1960 1784 auctorita-

88 1824 196 1874 tem
225 1837 390 1893 supra
418 1821 615 1895 Papam
644 1821 700 1876 in
728 1822 959 1877 materia
983 1822 1130 1880 fidei.

158 1914 495 1987 Respomteo:
524 1918 668 1989 Nego
711 1916 1007 1974 minorem.
1042 1918 1302 1982 Quamvis
1344 1937 1542 1994 nempe
1583 1918 1956 1976 indubitatum

86 2009 348 2065 haberent
377 2010 480 2066 sihi
515 2011 837 2078 nullatenus
882 2017 1193 2087 competere
1237 2013 1536 2084 facultatem
1559 2015 1895 2072 dissentiendi
1929 2036 1957 2072 a

85 2106 390 2181 dogmatico
415 2108 606 2165 Leonis
620 2109 853 2183 judicie,
883 2118 1183 2185 potuerunt
1206 2112 1344 2168 illud
1364 2113 1618 2168 conferre
1641 2133 1770 2168 cum
1799 2133 1958 2191 syno-

85 2204 280 2260 dorum
308 2207 735 2279 praecedentium
762 2207 1029 2277 doctrina,
1060 2215 1111 2264 et
1139 2210 1558 2265 consonantiam
1583 2211 1959 2267 conciliariter

86 2301 388 2359 declarare.
416 2302 548 2358 Cum
594 2303 742 2359 enim
770 2305 1095 2379 Eutychiani
1142 2308 1565 2363 consonantiam
1601 2308 1757 2364 illam
1793 2327 1957 2381 nega·

86 2403 228 2468 rent,
257 2405 309 2455 et
335 2398 505 2472 aliqui
538 2400 763 2457 dubiam
789 2402 1076 2480 liaberent,
1105 2403 1172 2458 ad
1205 2423 1297 2460 eos
1329 2405 1396 2460 ab
1420 2422 1609 2461 errore
1626 2407 1958 2462 revocandos

87 2496 239 2552 utilis
265 2504 379 2554 erat
404 2496 498 2553 illa
531 2499 748 2555 collatio
782 2518 842 2555 ac
885 2518 1139 2574 expressa
1164 2501 1484 2559 declaratio.
1511 2503 1777 2560 Caeterum
1803 2505 1957 2561 Chal-

86 2595 416 2651 cedonenses
450 2596 634 2653 Patres
680 2597 874 2653 Leonis
907 2598 1151 2672 epistolae
1173 2600 1287 2672 jani
1328 2607 1454 2657 ante
1488 2602 1786 2658 concilium
1826 2604 1956 2659 suh-

87 2691 450 2766 scripserant;
497 2701 548 2751 et
584 2702 709 2751 ante
749 2695 1021 2751 actionem
1070 2703 1325 2770 quartam
1370 2698 1621 2756 eamdem
1663 2700 1956 2776 epistolam

89 2788 455 2847 conciliariter
495 2811 593 2866 pro
632 2793 955 2849 inconcussa
1008 2793 1132 2850 fidei
1173 2795 1361 2868 regula
1414 2804 1757 2870 receperant.
1807 2799 1958 2855 Unde

92 2881 233 2952 quod
257 2887 388 2939 tunc
415 2885 749 2944 declaratum
776 2897 857 2945 est
882 2889 949 2945 de
977 2889 1130 2947 illius
1169 2890 1411 2966 epistolae
1436 2894 1798 2950 consonantia
1829 2914 1956 2950 cum

94 2977 457 3036 anterioribus
499 2984 765 3057 conciliiS,
802 3004 911 3043 non
952 2987 1123 3044 alium
1165 3006 1394 3064 scopum
1431 2990 1626 3046 habuit
1667 3009 1833 3063 quam
1867 3011 1957 3049 eos

93 3074 466 3131 confundendi
489 3077 581 3149 qui
601 3078 993 3138 dissonantiam
1017 3085 1351 3157 asserebant,
1370 3092 1421 3143 et
1440 3086 1542 3143 sub
1570 3087 1671 3143 hoc
1691 3095 1958 3162 praetextu

92 3168 284 3224 haeresi
327 3170 696 3230 adhaerebant.

168 3265 389 3339 Objectio
425 3270 666 3325 secanda.
699 3302 767 3312 ——
791 3272 1019 3347 Scripsit
1067 3281 1289 3333 sanctus
1321 3277 1420 3335 Leo
1466 3291 1523 3335 se
1552 3280 1773 3338 concilii
1820 3285 1957 3342 cele·

91 3363 329 3420 brationi
359 3368 705 3443 consentire,¹
723 3377 778 3424 ut
807 3370 1040 3442 pleniore
1068 3373 1264 3445 judicio
1288 3378 1451 3432 omnis
1472 3381 1638 3451 possit
1668 3399 1816 3438 error
1835 3384 1954 3440 abo-

91 3463 186 3517 leri
220 3463 476 3538 (Operum
518 3466 571 3522 S.
623 3466 817 3524 Leonis
853 3468 1013 3544 epist.
1060 3489 1233 3542 xxxin,
1290 3472 1424 3530 alias
1460 3478 1648 3550 cxxix).
1694 3479 1811 3536 Jam
1859 3499 1956 3556 per

91 3577 246 3617 suam
276 3562 342 3618 ad
372 3563 691 3622 Flavianum
725 3566 1012 3641 epistolam
1041 3568 1405 3642 dogmaticam
1425 3574 1527 3632 hac
1557 3575 1622 3633 dc
1647 3595 1705 3633 re
1733 3585 1954 3637 senten-

317 3682 362 3712 11.
1656 3682 1712 3730 58
