2262 3990
870 196 996 244 PARS
1023 193 1224 242 TERTIA.
1899 188 1985 234 655

121 308 371 367 fessionis
397 304 697 362 divinitatis
721 301 942 372 Christi,
971 301 1077 377 ipsi
1106 299 1449 377 promittitur
1493 298 1821 367 inconcussa
1857 293 1987 350 fidei

122 406 388 471 soliditas;
433 422 542 459 non
573 405 791 458 tantum
831 406 889 456 ut
933 417 1032 475 per
1060 417 1178 455 eam
1225 398 1494 455 sustineat
1534 395 1856 462 Ecclesiam,
1891 391 1987 449 sed

121 503 285 559 etiam
306 509 366 558 ut
392 502 506 575 ipse
531 515 750 572 semper
772 499 913 553 hanc
938 496 1101 552 tidem
1131 495 1327 552 intime
1351 500 1531 552 teneat
1557 511 1619 549 ac
1646 491 1987 567 profiteatur,

122 616 230 671 qua
268 597 563 653 Ecclesiam
592 599 884 651 sustentet.
916 593 1055 648 Tum
1095 592 1260 648 etiam
1298 591 1426 664 quia
1462 606 1718 646 summus
1749 585 1994 643 Pontifex

122 695 380 751 continuo
413 694 571 748 dehet
606 696 659 747 et
693 690 1062 746 infallibiliter
1100 707 1283 745 veram
1323 688 1485 743 tidem
1529 687 1744 756 docere3
1786 690 1993 741 etcum

124 792 241 866 ipso
275 798 331 847 ut
365 797 556 847 centro
590 787 821 844 unitatis
855 786 1156 852 catholicae,
1197 790 1252 840 et
1291 802 1419 840 cum
1457 783 1564 839 tide
1606 801 1771 856 quam
1814 781 1990 849 docet,

121 887 412 943 convenire
455 886 615 941 debet
660 889 772 940 tota
805 882 1063 938 Ecclesia.
1111 882 1297 953 Porro,
1347 881 1474 936 licet
1522 880 1772 936 absolute
1804 895 1992 934 veram

123 984 284 1039 tidem
307 985 500 1039 docere
530 986 711 1056 posset
734 979 977 1035 Pontifex-
1001 979 1260 1054 privatim
1289 977 1604 1047 liaereticuS,
1637 978 1703 1032 ad
1728 976 1784 1031 id
1813 982 1996 1032 tamen

123 1083 519 1155 requireretur,
540 1085 735 1154 praeter
763 1078 1241 1151 supernaturalem
1266 1075 1637 1133 assistentiam
1661 1071 2000 1149 promissam‘

120 1177 472 1233 Pontificibus
494 1177 661 1248 etiam
692 1182 837 1231 recte
863 1175 1216 1231 credentibus
1250 1179 1301 1230 et
1327 1172 1723 1241 sentientibuS,
1753 1172 1997 1226 miracu-

123 1274 236 1329 lum
264 1275 492 1348 speciale
518 1279 568 1329 et
595 1280 745 1328 extra
775 1271 1293 1345 hujus‘assistentiae
1314 1270 1565 1325 ordinem
1591 1268 1858 1342 positum,
1889 1284 1998 1339 quo

123 1370 365 1426 Pontitex
404 1372 690 1426 haereticus
732 1372 1089 1426 induceretur
1135 1370 1202 1425 ad
1244 1368 1510 1425 catholice
1552 1366 1889 1430 docendum3
1939 1383 2000 1421 co

127 1469 294 1539 quod,
331 1470 486 1542 juxta
523 1469 765 1524 hominis
805 1469 1175 1525 conditionem
1210 1475 1262 1524 et
1293 1466 1633 1523 ordinariam
1674 1464 1870 1537 agendi
1911 1481 1999 1518 ra-

128 1564 352 1632 tionem,
387 1566 629 1622 Pontifex
657 1567 943 1623 hmreticus
981 1585 1189 1640 pronus
1233 1572 1375 1621 esset
1413 1565 1480 1619 ad
1520 1564 1771 1620 lueretice
1804 1562 2002 1618 docen-

122 1659 278 1718 dum.
323 1663 457 1734 Ergo
496 1664 871 1735 requireretur
907 1664 1339 1719 extraordinaria
1377 1661 1691 1717 assistentia
1736 1667 1786 1716 et
1828 1659 1998 1715 motio

125 1757 326 1815 divina.
366 1759 528 1814 Porro
561 1760 772 1814 recurri
816 1779 922 1815 non
965 1767 1142 1835 potest
1181 1759 1247 1815 ad
1284 1760 1446 1814 istam
1486 1758 1790 1813 motionem
1820 1763 1999 1812 extra-

123 1854 480 1910 ordinariam.
522 1856 656 1911 Nam
694 1857 966 1926 Christus,
1010 1877 1107 1931 pro
1157 1857 1424 1931 sapientia
1464 1874 1585 1919 sua,
1632 1854 1688 1907 in
1729 1853 1999 1924 regimine
2086 1879 2095 1888 ·

121 1949 375 2006 Ecclesite
416 1970 550 2022 surr,
591 1953 716 2007 licet
751 1953 1185 2027 supernaturali,
1221 1959 1467 2008 statuere
1497 1950 1686 2006 debuit
1726 1956 1776 2005 et
1814 1950 1996 2023 reipsa

121 2048 309 2103 statuit
335 2048 607 2119 ordinem,
631 2049 724 2122 qui
753 2051 1062 2106 naturalem
1091 2051 1345 2107 ordinem
1373 2049 1660 2124 perficeret
1685 2055 1738 2104 et
1765 2048 2000 2104 elevaret

124 2141 189 2196 ad
215 2145 584 2200 conditionem
614 2149 1114 2219 supernaturalem,
1148 2168 1259 2202 non
1286 2167 1415 2203 vcro
1450 2148 1746 2221 perimeret
1772 2152 1866 2201 aut
1892 2146 1999 2220 ipsi

126 2235 523 2305 adversaretur3
550 2248 690 2296 etex
721 2243 934 2298 ordinis
968 2245 1131 2299 istius
1166 2246 1493 2300 necessitate
1524 2245 1732 2317 aptavit
1778 2244 2000 2317 propria

128 2334 305 2389 media
332 2335 447 2403 tini,
483 2355 577 2391 seu
607 2338 849 2395 instituit
881 2341 1060 2396 media
1088 2349 1211 2415 apte
1239 2342 1492 2397 ordinata
1529 2343 1594 2396 ad
1628 2341 1793 2396 tinem
1825 2346 2002 2395 statu-

126 2434 262 2482 tum.
303 2430 466 2484 Porro
509 2432 574 2485 ad
603 2433 791 2503 tinem,
832 2435 926 2506 qui
955 2442 1038 2491 est
1081 2445 1139 2493 ut
1173 2457 1428 2493 summus
1461 2438 1703 2492 Pontifex
1738 2437 2000 2492 continuo

123 2524 403 2580 veritatem
431 2527 641 2598 doceat,
663 2548 770 2585 non
794 2532 945 2587 aliud
974 2540 1057 2589 est
1086 2534 1328 2590 medium
1357 2534 1726 2603 ordinarium,
1757 2551 1852 2588 seu
1878 2540 2002 2606 apte

122 2638 219 2693 per
254 2638 312 2676 se
351 2623 663 2680 ordinatum
706 2634 756 2682 et
787 2629 1115 2702 ordinabile,
1159 2650 1324 2704 quam
1368 2639 1428 2688 ut
1458 2650 1717 2687 summus
1752 2631 1997 2686 Pontifex

122 2716 238 2790 ipse
283 2718 539 2790 privatim
575 2725 759 2780 credat
795 2727 941 2798 quod
978 2727 1152 2800 docet,
1197 2736 1248 2784 et
1286 2729 1476 2784 doceat
1514 2729 1569 2784 id
1615 2727 1763 2800 quod
1796 2727 1992 2791 credit;

125 2814 426 2883 praesertim
470 2835 595 2872 cum
628 2822 940 2892 praedicatio
979 2829 1030 2879 et
1063 2823 1341 2881 intimatio
1372 2844 1514 2882 verte
1546 2825 1673 2880 fidei
1716 2825 1785 2880 sit
1829 2823 1993 2878 ctiam

124 2923 220 2979 per
242 2926 300 2962 se
320 2915 472 2965 actus
497 2914 639 2975 fidei.
663 2935 771 2989 quo
800 2919 1008 2976 scilicet
1031 2923 1277 2977 creditur
1303 2923 1357 2977 id
1383 2923 1526 2996 quod
1551 2923 1801 2977 docetur.
1827 2920 1999 2992 Igitur

124 3002 257 3058 ordo
284 3007 579 3078 postulavit
611 3018 669 3066 ut
696 3031 947 3072 summus
972 3017 1214 3075 Pontifex
1250 3019 1305 3072 id
1333 3036 1550 3091 semper
1578 3018 1822 3073 crederet
1853 3016 1995 3088 quod

126 3099 317 3155 docere
346 3103 605 3159 continuo
640 3106 877 3177 deberet3
910 3117 961 3166 et
992 3130 1090 3184 per
1119 3114 1175 3168 id
1205 3116 1386 3170 solum
1417 3114 1671 3170 Christus
1693 3130 2000 3168 accommo-

126 3192 272 3248 davit
313 3195 1205 3275 assistentiam-supernaturalem
1245 3208 1427 3263 ordini
1464 3215 1516 3263 et
1554 3207 1858 3264 conditioni
1906 3208 1999 3263 ho·

127 3288 313 3354 minis;
363 3297 412 3346 et
451 3294 709 3366 suaviter,
747 3306 912 3371 prout
948 3301 1056 3373 agit
1096 3302 1275 3359 divina
1311 3305 1674 3379 providentia,
1722 3304 1890 3360 simul
1934 3321 1994 3358 ac

128 3384 340 3441 sortiter
367 3388 495 3460 egit3
533 3397 584 3446 ct
615 3394 848 3451 exclusit
879 3415 1099 3454 omnem
1129 3400 1444 3458 violentiam
1475 3421 1583 3476 qua
1619 3421 1708 3459 res
1737 3401 1993 3475 quaelibet

126 3481 234 3552 agit
265 3490 455 3539 contra
485 3489 763 3562 propriam
794 3491 1209 3553 inclinationem
1241 3505 1293 3555 et
1317 3500 1636 3557 motionem.
1670 3500 1808 3573 Ergo
1840 3517 1992 3556 sum-

126 3594 252 3635 mus
275 3579 515 3637 Pontifex
542 3584 699 3642 debet
724 3605 843 3646 esse
871 3607 1088 3666 semper
1107 3595 1372 3652 catholice
1389 3597 1639 3670 credenS,
1659 3603 1723 3654 ut
1748 3596 1818 3654 sit
1847 3614 1990 3654 sem-
