2262 3990
273 160 358 206 692
1091 151 1364 200 APPENDIX.

269 298 357 343 pus
377 283 496 328 idem
521 281 615 325 fere
638 291 690 322 ac
721 274 1042 336 praecedentis.
1079 274 1250 336 Nempe
1283 281 1336 322 ut
1371 274 1558 322 omnino
1577 279 1751 323 certam
1787 279 1948 337 probet
1982 278 2170 331 Romani
2217 272 2219 274 ’

270 357 493 407 Pontificis
522 356 568 401 in
588 353 849 401 definienda
874 353 966 400 fide
989 353 1376 409 infallibilitatem,
1405 357 1450 400 et
1474 353 1574 414 ejus
1603 367 1740 414 supra
1764 355 2009 402 concilium
2041 369 2168 407 oecu-

270 435 497 482 menicum
518 431 851 479 auctoritatem.
2259 429 2262 437 “

322 508 391 554 111.
421 508 696 555 Gallicanum
721 513 918 568 systema
947 508 1231 568 impugnavit
1266 507 1454 568 insuper
1479 507 1649 568 scripto
1685 521 1769 554 suo
1797 520 1809 555 ε
1841 507 2016 568 Ritlessi
2054 514 2175 571 spet—

269 587 388 632 tanti
412 585 509 632 alla
534 583 880 631 dichiarazione
907 583 1010 630 dell*
1037 584 1289 631 assemblea
1312 582 1362 630 di
1387 584 1586 631 Francia
1603 583 1732 631 circa
1753 583 2080 642 l’infallibilita
2100 585 2172 634 del

268 662 416 721 Papa.
444 689 501 695 —
527 660 577 707 Id
606 665 691 714 est,
721 660 861 708 latine
894 676 904 704 :
933 661 1218 720 Reflexiones
1241 661 1541 722 respicientes
1560 659 1930 707 declarationem
1953 673 2178 712 concessus

268 734 502 783 Gallicani
527 735 647 782 anni
675 735 813 792 1682,
837 736 964 783 circa
985 736 1395 796 infallibilitatem.
1425 735 1512 784 Sed
1533 736 1808 798 opusculum
1829 736 1951 782 istud
1977 732 2175 787 nondum

267 813 382 858 mihi
406 827 671 874 comparare
693 814 835 875 potui.
866 815 993 861 Extat
1015 820 1190 871 tamen,
1217 820 1354 875 prout
1379 819 1422 861 et
1445 815 1537 862 duo
1562 814 1882 875 praecedentia,
1909 813 1958 859 in
1977 815 2176 876 *catalogo
2228 815 2229 819 ’

269 891 545 952 scriptorum
585 892 731 940 sancti
770 892 985 954 Alphonsi
1026 893 1083 940 de
1118 893 1339 954 Liguorio‚
1375 907 1401 940 a
1437 893 1569 940 Sacra
1606 892 1793 939 Rituum
1832 890 2176 953 Congregatione

266 971 635 1018 examinatorum
654 975 699 1016 et
717 970 1087 1031 approbatorum.

329 1049 395 1094 lv.
431 1048 482 1094 In
500 1062 638 1108 opere
665 1046 814 1094 Ve'rite'
830 1046 884 1093 de
904 1047 950 1093 la
969 1047 1035 1107 foi
1056 1048 1204 1107 (parte
1224 1046 1376 1101 tertia,
1396 1060 1494 1106 cap.
1518 1060 1615 1102 vin,
1639 1060 1681 1091 ix
1705 1050 1749 1092 et
1773 1045 1820 1106 x)
1848 1044 2017 1092 iterum
2040 1044 2178 1092 disse·
2231 1091 2233 1095 Α

265 1126 358 1172 ruit
385 1131 569 1172 sanctus
594 1123 831 1184 Liguorius
864 1123 919 1170 de
949 1137 1161 1183 suprema
1190 1122 1374 1169 Romani
1398 1122 1622 1169 Pontificis
1647 1122 1929 1176 auctoritate,
1959 1121 2015 1168 de
2037 1120 2173 1180 ipsius
2231 1146 2233 1170 i

267 1203 452 1249 relative
477 1202 534 1248 ad
560 1201 804 1248 concilium
831 1200 1168 1260 superioritate,
1197 1214 1248 1246 ac
1268 1200 1324 1246 de
1357 1205 1481 1246 certa
1507 1199 1713 1258 ejusdem
1733 1198 1783 1245 in
1813 1197 2070 1244 definienda
2090 1197 2174 1246 fide

266 1278 600 1324 infallibilitate.
626 1276 676 1323 In
699 1276 893 1324 editione
919 1275 1156 1321 Parisiensi
1176 1275 1611 1322 Parent-Desbarres
1636 1274 1772 1330 1856,
1800 1274 1945 1334 posita
1968 1278 2073 1319 sunt
2095 1273 2175 1321 tria
2231 1319 2235 1326 ,

265 1355 399 1401 citata
421 1354 565 1414 capita
589 1353 718 1399 initio
739 1352 849 1399 torni
870 1351 974 1397 XVII
989 1352 1074 1406 bis,
1099 1352 1183 1398 sub
1211 1351 1342 1399 titulo
1367 1351 1420 1398 de
1441 1351 1686 1398 l’Autorite
1706 1349 1770 1397 du
1790 1350 1978 1408 Pon-life
1997 1349 2174 1398 romain
2228 1369 2232 1389 ι

261 1432 482 1479 translata
507 1432 554 1477 in
579 1431 790 1477 Gallicam
815 1430 1038 1491 linguam,
1059 1435 1103 1477 et
1131 1430 1193 1477 ita
1215 1435 1265 1477 ut
1282 1436 1416 1491 caput
1431 1446 1507 1477 vm
1530 1429 1707 1477 dicatur
1724 1427 1935 1489 chapitre
1955 1426 2170 1488 premier,

265 1514 311 1556 et
336 1509 402 1555 sic
426 1510 482 1555 de
506 1508 821 1568 sequentibus.

268 1706 286 1744 ξ,
309 1701 342 1737 9..
366 1722 410 1728 -
428 1701 523 1744 Quid
552 1701 723 1738 tenuerit
751 1705 791 1738 et
813 1701 993 1738 docuerit
1013 1705 1174 1738 sanctus
1194 1700 1416 1747 alphonsus
1446 1699 1497 1736 de
1524 1699 1707 1745 Lignorio
1729 1700 1778 1736 de
1802 1697 1967 1734 Romani
1989 1693 2180 1732 Pontificis

483 1758 781 1805 infallibilitate,
802 1768 845 1795 ac
866 1758 994 1805 ipsius
1017 1769 1137 1805 supra
1158 1757 1376 1795 concilium
1397 1758 1691 1794 oecumenicum
1711 1755 1959 1793 auctoritate.
2190 1765 2196 1770 ·

329 1890 373 1934 1⁰
397 1891 578 1937 Summi
602 1893 829 1937 momenti
850 1890 1146 1951 quaestionem
1169 1889 1290 1937 hanc
1313 1891 1623 1937 emistimavit.
1654 1910 1672 1930 «
1699 1889 1791 1936 Duo
1810 1888 1884 1934 hic
1901 1887 2058 1948 maqni
2074 1898 2184 1945 pon-

267 1966 407 2020 deris,
431 1965 596 2024 inquit‚
625 1965 901 2011 enucleanda
928 1972 1190 2015 occurrunt,
1212 1966 1415 2025 primum
1438 1981 1496 2011 an
1515 1965 1757 2012 auctoritas
1776 1964 1949 2010 Summi
1966 1960 2185 2010 Pontificis
2235 1985 2238 1996 ·

268 2049 393 2090 extra
420 2042 665 2088 concilium
686 2042 732 2087 in
753 2041 891 2088 rebus
904 2041 1011 2087 fidei
1027 2048 1071 2088 et
1091 2056 1275 2088 morum
1298 2043 1600 2089 decernendis
1613 2042 1669 2088 sit.
1686 2039 1959 2087 infallibilis?
1975 2041 2183 2094 alterum,

265 2134 322 2165 an
352 2119 597 2165 auctoritas
622 2119 752 2177 Papae
778 2118 835 2164 sit
861 2132 1000 2178 supra
1033 2117 1277 2164 concilium
1303 2117 1675 2164 oecumenicum?
1695 2134 1713 2159 »
1749 2116 2005 2178 (Theoloyia
2028 2127 2187 2166 mora-2

268 2196 339 2249 lis,
362 2195 392 2240 l.
421 2195 454 2248 Ι,
470 2210 517 2240 n.
541 2194 666 2255 110).
688 2195 809 2240 Adeo
822 2208 1003 2253 gravem
1022 2194 1325 2253 quaestionem
1342 2193 1582 2253 reputavit,
1603 2198 1653 2239 ut
1677 2197 1919 2250 contentus
1940 2205 2032 2236 non
2050 2188 2184 2236 fuerit

266 2286 366 2318 eam
397 2271 539 2318 semel
569 2276 869 2332 pertractasse
896 2271 943 2316 in
982 2269 1099 2316 libro
1124 2284 1221 2324 suo,
1252 2270 1468 2316 Vindiciae
1486 2283 1574 2331 pro
1604 2283 1819 2330 suprema
1842 2267 2082 2327 Pontificis
2106 2278 2181 2326 po-

266 2356 451 2400 testate:
490 2349 570 2395 sed
601 2348 750 2395 tribus
786 2348 885 2394 aliis
925 2346 1332 2408 supramemoratis
1365 2347 1544 2407 scriptis
1578 2346 1846 2407 pestiferum
1882 2341 2180 2391 Gallicanismi

267 2428 460 2483 systema
494 2423 735 2482 diligenter
765 2422 1092 2469 confutandum
1132 2421 1330 2468 duxerit.
1370 2421 1424 2468 Et
1456 2421 1662 2481 quamvis
1688 2420 1911 2480 ejusmodi
1943 2417 2182 2478 dogmatica

267 2499 549 2559 disceptatio,
563 2500 707 2559 ipsius
723 2499 982 2545 scribendae
998 2498 1244 2559 leeoloqiae
1260 2498 1454 2544 moralis
1467 2498 1674 2544 instituto
1693 2498 1765 2543 vix
1778 2511 1828 2543 ac
1847 2511 1907 2542 ne
1917 2497 1990 2542 vix
2001 2494 2179 2556 quidem

266 2582 551 2638 congrueret,
565 2591 665 2623 eam
684 2583 832 2622 tamen
857 2577 994 2622 etiam
1015 2575 1095 2628 ihi,
1118 2577 1370 2622 intractatu
1391 2574 1447 2621 de
1462 2576 1673 2635 Legibus,
1689 2573 1977 2634 interposuit,
1994 2572 2053 2618 ita
2068 2582 2181 2631 prae·

267 2669 458 2701 monens
487 2673 495 2699 2
524 2674 544 2695 «ι
578 2654 680 2700 Haec
705 2653 1006 2700 celeberrima
1029 2652 1280 2712 quaestio...
1312 2653 1430 2699 sicut
1459 2653 1516 2699 ad
1542 2667 1641 2699 eam
1682 2651 2046 2712 pertractandam
2069 2648 2182 2694 inte-

265 2745 347 2790 gro
371 2731 583 2778 libello...
613 2731 858 2791 aliquando
883 2744 956 2776 me
984 2730 1137 2785 duxit3
1164 2731 1224 2776 ita
1260 2745 1385 2777 nunc
1414 2744 1489 2776 me
1515 2734 1663 2788 urget,
1691 2734 1742 2775 ut
1775 2729 1823 2774 in
1855 2742 1907 2774 ea
1932 2727 2182 2786 aliquantu-

264 2809 363 2853 lum
387 2808 700 2854 immemorer.
742 2807 853 2853 Hinc
877 2811 1030 2866 parcat
1053 2806 1167 2852 mihi
1202 2806 1360 2863 lector,
1390 2807 1428 2852 si
1461 2821 1485 2854 a
1524 2821 1627 2853 meo
1651 2805 1859 2852 instituto
1898 2802 2033 2850 nimis
2065 2811 2180 2848 rece·

268 2885 376 2931 dere
400 2885 590 2931 videar»
619 2884 871 2946 (Theoloyia
898 2884 1109 2938 moralis,
1131 2884 1162 2929 l.
1191 2883 1227 2938 Ι,
1253 2899 1300 2929 n.
1327 2883 1453 2943 110).
1481 2884 1531 2930 In
1557 2897 1694 2944 opere
1722 2882 1909 2929 Santita
1930 2895 1953 2927 e
1978 2877 2181 2926 Dotlrina
2245 2890 2250 2915 ²

267 2963 341 3009 del
378 2965 429 3008 B.
466 2963 655 3022 Alfonso
688 2962 836 3009 Maria
876 2963 1061 3022 Liquori
1096 2962 1158 3023 (p.
1202 2961 1305 3015 ²200,
1344 2961 1543 3008 editione
1574 2962 1724 3015 tertia,
1765 2958 1917 3019 1854),
1958 2955 2182 3004 occasione

267 3039 518 3098 supradicti
543 3038 768 3099 opusculi,
807 3039 991 3099 Ritlessi
1012 3039 1237 3099 spectanti
1260 3038 1357 3085 alla
1385 3035 1727 3083 dichiarazione
1750 3032 1856 3080 dell'
1882 3021 2184 3079 assembleaai
2251 3075 2253 3078 ,

269 3117 466 3162 Francia
492 3116 618 3162 circa
643 3115 985 3174 L’insallibilita
1014 3114 1087 3160 del
1120 3116 1266 3176 Papa,
1300 3115 1365 3160 sic
1397 3114 1643 3160 adnotatur
1669 3126 1680 3158 ε
1711 3130 1732 3152 «
1757 3110 1918 3157 Pacem
1943 3121 2035 3154 non
2059 3114 2183 3163 repe·-
2248 3118 2255 3166 ἡ,

269 3191 408 3238 riebat
451 3196 495 3238 et
538 3197 660 3237 totus
702 3191 1089 3246 commovebatur,
1131 3189 1315 3250 quando
1354 3188 1614 3249 impugnari
1656 3192 1701 3234 et
1738 3188 1786 3233 in
1820 3186 2011 3233 dubium
2044 3176 2183 3228 vocari
2251 3227 2253 3250 Σ

264 3269 469 3315 audiebat
504 3268 691 3314 Romani
724 3267 948 3314 Pontificis
975 3281 1114 3326 supra
1157 3266 1405 3313 concilium
1438 3265 1756 3312 auctoritatem
1795 3268 1840 3310 et
1884 3260 2084 3322 ejusdem
2117 3256 2184 3302 im·
2249 3253 2255 3304 ,’

266 3342 584 3391 sallibilitatem
608 3345 657 3390 in
678 3343 867 3390 materia
887 3343 1011 3389 fidei.
1040 3342 1230 3389 Econtra
1259 3355 1552 3401 summopere
1573 3340 1795 3400 gaudebat
1818 3338 1855 3384 si
1881 3350 1993 3397 quos
2019 3331 2184 3381 videret.

269 3417 317 3463 in
338 3421 506 3466 tuenda
527 3433 666 3480 quam
686 3419 785 3478 ipse
814 3419 995 3466 tenebat
1015 3418 1223 3464 doctrina
1255 3419 1351 3464 zelo
1381 3430 1642 3471 succensos,
1671 3420 1716 3462 et
1750 3415 1798 3460 in
1831 3427 1883 3460 ea
1902 3413 2036 3473 plane
2071 3403 2187 3474 radi-5

271 3501 450 3542 catos...
480 3497 591 3543 llinc
620 3504 842 3557 perpetuo
872 3496 1209 3557 protestabatur
1238 3502 1464 3556 paratum
1490 3509 1538 3542 se
1570 3507 1676 3540 cum
1700 3491 1923 3552 sanquine
1946 3501 2025 3535 suo
2049 3471 2200 3550 usquc}

272 3571 329 3614 ad
349 3578 544 3619 mortem
569 3573 813 3620 defendere
838 3573 1030 3619 Romani
1062 3571 1292 3619 Pontificis
1316 3571 1566 3632 primatum
1598 3574 1644 3615 et
1675 3565 2041 3615 infallibilitatem
2068 3560 2191 3620 (Acti

275 3646 648 3707 Canonizationis,
688 3653 776 3699 vol.
804 3653 839 3711 1,
867 3666 989 3699 sum.
1025 3666 1071 3712 p.
1098 3651 1206 3706 208,
1239 3655 1284 3697 et
1324 3650 1410 3697 vol.
1445 3646 1502 3705 ΙΙ,
1539 3664 1585 3709 p.
1621 3645 1715 3706 67).
1757 3643 1961 3704 Cumque
1988 3635 2186 3688 cerneret
