2306 4010
1015 700 1382 779 sEc'no
1450 701 1591 808 111⁴

550 923 1074 974 nxpnumrun
1110 924 1469 987 Qufflsrm
1508 925 2021 976 'rutenae-mn

1129 1116 1135 1144 l

404 1211 499 1268 Hic
536 1210 865 1268 deducenda
908 1211 1144 1268 veniunt
1200 1219 1534 1285 argumenta
1590 1212 1926 1286 theologica,
1977 1231 2102 1286 quae
2145 1213 2246 1271 Ro-

329 1310 480 1365 mani
513 1309 798 1365 Pontificis
847 1328 913 1366 ex
942 1308 1208 1366 cathedra
1243 1308 1526 1382 loquentis
1566 1309 1938 1366 inerrantiam
1983 1309 2248 1367 demons-

326 1415 498 1466 trant.
532 1409 645 1464 Etsi
669 1426 889 1483 ,nempe
914 1408 1052 1482 jam,
1091 1425 1158 1463 ex
1189 1406 1467 1463 immensa
1513 1407 1916 1464 auctoritatum
1945 1408 2124 1484 copia,
2153 1428 2246 1464 su-

326 1508 513 1582 perius
558 1509 803 1564 historice
859 1507 1123 1577 adducta,
1175 1507 1291 1562 sole
1319 1505 1637 1563 meridiano
1693 1507 1904 1563 clarius
1958 1507 2247 1582 splendeat

325 1606 471 1661 dicta
510 1606 667 1661 Sedis
702 1605 1016 1679 apostolicae
1051 1602 1438 1679 praerogativa,
1467 1610 1520 1659 et
1542 1622 1644 1679 per
1674 1603 1826 1660 istud
1872 1605 2131 1678 generale
2161 1610 2245 1661 to-

325 1702 438 1757 tius
471 1703 622 1757 orbis
648 1704 910 1759 catholici
935 1710 988 1760 ot
1024 1703 1283 1759 omnium
1321 1703 1657 1760 saeculorum
1690 1703 2081 1760 testimonium
2111 1702 2246 1760 satis

326 1818 608 1875 superque
645 1801 1029 1857 demonstrata
1060 1800 1236 1856 videri
1273 1809 1464 1873 queat,
1494 1801 1871 1857 nihilominus
1910 1821 2009 1876 pro
2041 1802 2242 1858 funda·

326 1900 587 1957 mentalis
616 1901 852 1975 hujusce
885 1901 1165 1974 dogmatis
1205 1900 1478 1973 gravitate
1507 1919 1690 1975 operae
1718 1901 1966 1976 pretium
1998 1901 2127 1971 erit,
2156 1921 2242 1958 so-

327 2000 439 2056 litae
468 1999 703 2074 insuper
746 1999 1096 2056 scholasticae
1123 2000 1318 2055 formae
1342 1998 1454 2054 vim
1495 1999 1543 2054 ei
1572 2000 1778 2056 addere
1803 2020 1814 2069 3
1860 2006 1922 2057 ut
1950 2000 2032 2056 sic
2060 2000 2241 2074 magis

324 2116 386 2153 ac
418 2097 598 2171 magis
625 2097 927 2171 perspiciat
963 2097 1157 2166 lector,
1192 2096 1250 2151 in
1286 2103 1563 2170 quantum
1592 2098 1802 2153 erroris
1834 2099 2105 2173 abyssum
2136 2098 2241 2154 mi-

324 2214 444 2251 sere
472 2195 721 2270 prolapsi
754 2196 889 2266 sint,
937 2195 1031 2269 qui
1074 2195 1429 2251 infallibilem
1459 2196 1517 2251 in
1551 2196 1873 2253 definienda
1912 2196 2022 2252 fide
2045 2196 2244 2252 Roma-

323 2312 457 2349 num
491 2294 815 2350 Pontificem
848 2293 1090 2350 inficiari
1119 2294 1240 2349 ausi
1271 2300 1430 2349 sunt.

1114 2591 1364 2653 CAPUT
1417 2593 1440 2653 I

376 2753 792 2789 numantinus
819 2753 883 2788 IN
909 2752 1335 2789 DEGEBNENDA
1360 2756 1514 2789 Fun«)
1540 2755 1839 2791 ROMANUS
1862 2755 2182 2792 Pomwnfflx

650 2820 1171 2856 DEMONS'I'RA'I'UR
1197 2822 1282 2856 EX
1307 2822 1664 2858 scalprunA
1689 2825 1903 2860 §AGRA-

391 2958 663 3016 Divinitus
705 2977 1029 3016 concessam
1064 2959 1317 3015 Romano
1347 2957 1598 3015 Pontifici
1625 2959 2050 3034 praerogativam
2076 2959 2233 3015 illam

314 3058 576 3114 evincunt
611 3058 970 3134 potissimum
1022 3064 1265 3130 quatuor
1310 3056 1611 3131 Scriptura}
1654 3057 1833 3114 Sacrae
1867 3058 2117 3126 oracula,
2167 3057 2236 3114 de

314 3159 519 3230 quibus
563 3157 863 3231 sejunctim
913 3157 972 3212 in
1016 3156 1385 3230 sequentibus
1417 3157 1805 3231 paragraphis.

313 3327 337 3377 g
365 3326 467 3365 1.-
499 3327 652 3368 Textus
676 3325 855 3367 Matthaei
879 3326 929 3378 (c.
955 3337 1038 3374 x1v,
1057 3336 1096 3365 v.
1123 3323 1189 3376 18)
1213 3335 1221 3362 :
1251 3325 1307 3365 Tu
1331 3335 1377 3365 es
1396 3325 1568 3373 Petrus,
1592 3328 1636 3367 et
1655 3336 1783 3376 super
1806 3326 1914 3366 hanc
1937 3328 2109 3376 petram
2126 3323 2231 3365 aedi-

430 3391 559 3442 ficabo
583 3392 809 3434 Ecclesiam
825 3401 970 3439 meam,
994 3393 1035 3430 et
1050 3394 1183 3440 portae
1203 3388 1339 3440 inferi
1359 3400 1440 3430 non
1452 3389 1751 3441 praevalebunt
1773 3389 1974 3431 adversus
1992 3400 2099 3430 eam.

390 3516 675 3572 Pnoposmo
713 3519 772 3573 1³.
803 3551 879 3558 —
911 3517 1017 3574 Per
1053 3517 1162 3572 haec
1197 3517 1356 3572 verba
1397 3517 1708 3572 constitutus
1745 3522 1822 3570 est
1858 3513 2067 3581 PetraS,
2111 3532 2223 3584 seu,
2305 3548 2306 3554 κ

313 3613 450 3686 quod
478 3614 615 3668 idem
647 3623 743 3685 est,
771 3618 1058 3672 constituta
1079 3616 1182 3687 fuit
1204 3615 1337 3688 fides
1364 3614 1510 3672 Petri
1533 3613 1938 3685 fundamentum
1960 3612 2223 3669 Ecclesiae.
2243 3609 2256 3653 l
2280 3615 2282 3617 ’
