2262 3990
268 160 356 208 58⁴
787 140 791 143 ’
941 145 1238 195 TRACTATUS
1268 146 1335 195 DE
1365 147 1513 196 PAPA.

269 278 399 319 men
433 259 491 315 in
519 251 762 312 concilio
799 248 1148 310 oecumenico
1188 250 1430 310 deducta
1466 252 1562 325 sit,
1601 259 1654 312 et
1699 254 2000 315 concilium
2029 258 2098 317 de
2121 277 2180 321 re

259 362 378 434 jam
417 375 446 413 a
479 355 622 430 Papa
662 352 914 430 judicata
948 350 1318 428 judicaverit3
1363 351 1422 409 id
1464 371 1630 429 porro
1670 373 1784 412 non
1830 355 2178 433 contigisset,

265 455 375 512 nisi
405 451 712 511 concilium
750 452 858 511 sibi
904 451 1304 511 auctoritatem
1331 471 1503 530 supra
1542 453 1750 531 Papam
1784 453 2077 514 tribuisset
2122 457 2179 518 in

264 554 503 613 materia
547 554 678 613 fidei
721 575 733 610 ε
773 572 904 630 ergo
953 553 1330 613 conciliorum
1377 555 1861 614 oecumenicorum
1911 562 2180 633 persuasio

265 661 316 712 et
345 654 599 713 doctrina
653 653 787 727 fuit,
839 654 1163 713 Romanum
1199 654 1527 714 Pontificem
1573 655 1758 731 quoad
1799 655 2022 714 decreta
2058 656 2182 718 fidei
2239 687 2243 711 ;

264 756 502 814 concilio
552 755 866 831 subjacere.
907 789 979 799 —
1032 755 1369 815 Conceditur
1429 756 1640 833 major;
1689 762 1930 832 negatur
1977 757 2210 823 minor..

262 856 560 915 Enimvero
591 857 919 933 contingere
945 857 1131 934 potuit
1156 863 1211 915 et
1242 876 1438 916 revera
1471 857 1704 932 contigit
1739 856 1955 915 factum
1989 857 2184 933 allega-

262 961 410 1028 tum,
440 956 579 1032 quin
611 957 916 1015 concilium
944 957 1054 1016 sibi
1073 957 1444 1016 vindicaverit
1468 958 1789 1017 libertatem
1820 957 2184 1019 dissentiendi

262 1075 291 1113 a
313 1055 530 1131 judicio
567 1057 886 1132 dogmatico
920 1057 1162 1114 Romani
1206 1057 1519 1116 PontificiS.
1552 1058 1739 1115 Potuit
1763 1075 1970 1133 nempe
2002 1057 2182 1116 conci-

263 1157 404 1214 lium
449 1157 827 1233 dogmaticam
869 1156 1028 1214 Sedis
1073 1157 1393 1234 apostolicae
1427 1158 1769 1217 sententiam
1795 1157 2100 1231 discutere,
2126 1176 2184 1218 ac

264 1276 435 1315 suum
478 1258 761 1333 judicium
796 1275 1082 1334 promere,
1129 1257 1199 1315 ad
1252 1259 1404 1316 hunc-
1438 1259 1731 1317 dumtaxat
1784 1258 2062 1330 finem,ut
2093 1275 2187 1334 per

262 1358 665 1416 solemniorem
688 1358 971 1433 ejusmodi
996 1359 1173 1418 totius
1199 1359 1528 1436 quaestionis
1557 1359 1993 1430 discussionem,
2022 1358 2186 1416 resis-

263 1466 445 1518 tentes
475 1459 543 1516 ad
575 1459 823 1516 debitam
852 1460 1038 1537 papali
1070 1460 1390 1520 definitioni
1419 1460 1798 1518 obedientiam
1831 1459 2100 1536 adigeret,
2128 1475 2187 1516 ac
2261 1490 2262 1520 i

265 1578 337 1617 ne
370 1559 568 1637 populi
621 1559 1022 1619 haereticorum
1063 1561 1360 1621 fraudibus
1395 1581 1460 1619 ac
1490 1560 1933 1639 sophismatibus
1960 1559 2186 1618 seduce-

265 1667 486 1718 rentur.

343 1760 520 1834 lgitur
549 1759 890 1818 adversariis
912 1762 1268 1838 probandum
1291 1762 1571 1820 incumbit
1586 1762 1681 1819 illa
1705 1761 1963 1838 concilia,
1992 1760 2049 1818 in
2074 1761 2221 1837 qui·'

266 1861 374 1917 bus
407 1861 648 1935 quaestio
681 1862 836 1934 fidei,
870 1882 899 1919 a
928 1864 1179 1921 Romano
1231 1864 1493 1921 Pontifice
1535 1864 1653 1939 jam
1711 1863 1961 1934 definita,
1989 1863 2192 1920 iterum

267 1960 527 2018 discussa
560 1961 670 2018 suit
693 1970 747 2018 et
771 1963 1047 2037 judicata,
1077 1965 1185 2021 sibi
1211 1964 1480 2022 tribuisse
1500 1966 1845 2022 dissentiendi
1873 1964 2191 2021 libertatem.

270 2061 329 2116 ld
362 2079 596 2136 prorsus
638 2080 934 2136 negamus,
979 2064 1161 2139 quoad
1207 2065 1396 2122 omnia
1429 2065 1660 2122 omnino
1690 2065 1925 2122 concilia
1954 2083 2078 2140 quae
2108 2084 2197 2123 re-

269 2167 430 2237 cepta
459 2161 571 2218 sint
600 2168 871 2247 tanquam
921 2164 1196 2221 catholica
1229 2172 1283 2222 et
1323 2165 1692 2223 oecumenica.
1722 2166 1939 2241 Allegat
1963 2164 2195 2223 Bossue-

275 2262 392 2319 tius
430 2262 733 2337 (Defensio,
778 2263 1104 2324 dissertatio
1132 2266 1360 2342 praevia,
1390 2266 1484 2337 59,
1509 2286 1565 2343 p.
1592 2266 1686 2339 59,
1717 2266 1851 2325 edit.
1889 2266 2193 2342 Besancon,

272 2363 443 2435 1856>
480 2364 858 2423 oecumenicas
886 2367 1129 2443 synodos
1157 2367 1432 2443 quinque,
1462 2366 1723 2425 videlicet
1753 2367 1999 2440 tertiam,
2031 2387 2196 2443 quar·

271 2469 410 2534 tam,
443 2470 683 2536 sextam,
723 2467 1022 2543 septimam
1052 2486 1116 2524 ac
1158 2473 1432 2540 octavam,
1469 2486 1607 2544 quas
1643 2468 1930 2527 contendit
1954 2467 2193 2526 examini

272 2582 375 2620 suo
402 2564 713 2639 subjecisse
732 2565 1018 2641 judicium
1050 2567 1291 2625 Romani
1328 2567 1635 2640 Pontificis,
1675 2567 1782 2625 sibi
1804 2567 2108 2626 tribuendo
2130 2567 2194 2625 li-

273 2664 552 2721 bertatem
580 2664 978 2738 dissentiendi,
1011 2686 1075 2725 ac
1103 2667 1489 2725 definitionem
1517 2665 1863 2743 pontificiam
1883 2666 2189 2742 rejiciendi,

247 2761 325 2820 'si
351 2780 474 2818 eam
506 2769 673 2820 rectae
720 2763 851 2822 fidei
887 2766 1077 2823 minus
1110 2772 1547 2824 consentaneam
1598 2765 1961 2842 reperissent.
2019 2766 2194 2840 Atque

275 2864 408 2922 inde
430 2864 719 2924 concludit
747 2867 1054 2925 concilium
1080 2868 1495 2926 oecumenicum
1530 2885 1654 2925 esse
1682 2885 1854 2943 supra
1874 2867 2100 2944 Papam.
2127 2866 2192 2923 ll-

273 2967 460 3023 larum
501 2965 849 3043 synodorum
907 2973 1029 3026 acta
1079 2968 1358 3046 tantisper
1421 2985 1839 3039 recenseamuS,
1897 2974 1950 3025 et
1991 2966 2194 3024 videbit

276 3066 452 3123 lector
494 3067 706 3125 factum
752 3067 926 3139 istud,
971 3068 1122 3144 quod
1170 3087 1373 3146 nempe
1399 3070 1499 3126 sibi
1527 3068 1872 3126 dissentiendi
1910 3067 2194 3124 libertatem

278 3167 575 3238 tribuerint,
618 3166 687 3223 ab
708 3166 1044 3226 adversariis
1066 3168 1242 3243 gratis
1275 3166 1475 3238 asseri,
1499 3173 1553 3225 et
1578 3183 1938 3242 nequaquam
1967 3183 2033 3222 ex
2059 3160 2194 3222 actis

276 3282 443 3340 posse
468 3264 678 3340 colligi.

354 3366 394 3423 1.
420 3367 708 3426 Concilium
730 3368 1074 3444 Ephesinum,
1094 3371 1187 3428 sub
1203 3370 1485 3430 Caelestino
1503 3368 1675 3443 Papa.
1692 3399 1762 3410 —-
1776 3366 1831 3425 1⁰
1846 3365 2081 3424 Sanetus
2099 3362 2193 3441 cy-

278 3466 446 3524 rillus
463 3467 767 3544 Episcopus
795 3469 1230 3542 Alexandrinus,
1252 3470 1310 3528 in
1329 3469 1451 3529 suis
1475 3469 1544 3526 ad
1558 3472 1813 3527 sanctum
1831 3463 2189 3523 Coelestinum

279 3559 483 3632 Papam
514 3563 741 3638 litteris,
770 3574 1073 3645 postquam
1099 3570 1359 3648 exposuit
1392 3568 1714 3627 haereticam
1735 3563 1976 3623 Nestorii
1997 3558 2195 3619 doetri-

283 3674 438 3730 nam,
466 3657 543 3716 ita
573 3664 866 3742 subjungit
892 3689 903 3722 :
935 3669 1053 3728 Non
1078 3672 1232 3747 prius
1258 3677 1434 3727 atatem
1478 3669 1620 3725 illius
1655 3665 2065 3725 communionem
2094 3676 2191 3754 pe-
