2262 3990
887 175 1017 225 PARS
1044 173 1244 222 TERTIA.
1528 174 1533 179 '
1921 162 2006 208 501

135 291 407 360 articuliS,
443 288 603 362 cujus
641 293 799 343 tenor
843 290 924 342 est
973 275 1399 355 hujuscemodi:
1433 295 1461 328 «
1486 272 1574 330 Sic
1602 278 1788 330 autem
1826 270 2010 328 inesse

137 411 167 444 «
196 387 517 464 Apostolicae
547 383 671 441 Sedi
709 400 773 439 ac
799 379 946 438 Petri
986 374 1405 435 successoribus
1442 370 1646 428 Christi
1676 368 1899 425 vicariis
1924 386 2011 424 re-

140 510 167 542 «
195 506 321 545 rum
371 482 750 560 spiritualium
799 479 1015 555 plenam
1063 478 1413 550 potestatem,
1463 475 1524 526 ut
1569 467 1738 524 simul
1786 465 2010 523 valeant

138 608 166 639 «
197 593 362 658 atque
398 583 624 638 immota
663 577 969 635 consistant
1010 579 1214 630 sanctae
1253 566 1606 627 oecumenicae
1642 563 1841 640 synodi
1883 562 2015 619 Con-

140 703 167 734 «
196 679 535 748 stantiensis,
575 694 606 732 a
643 674 780 731 Sede
817 670 1117 747 apostolica
1148 667 1526 742 comprobata,
1557 663 1790 738 ipsoque
1813 660 2010 716 Roma-

139 799 167 831 «
194 795 393 834 norum
415 771 737 830 Pontificum
764 786 832 824 ac
860 766 1029 823 totius
1056 763 1311 820 Ecclesiae
1336 780 1445 818 usu
1468 760 1816 831 confirmata,
1846 762 2012 830 atque

138 893 165 926 «
193 873 261 928 ab
291 869 528 926 Ecclesia
556 865 830 922 Gallicana
866 866 1132 936 perpetua
1172 857 1445 929 religione
1483 856 1758 912 custodita
1797 854 2012 910 decreta

137 989 164 1021 «
192 970 260 1024 de
279 965 600 1023 auctoritate
621 959 983 1018 conciliorum
1004 954 1372 1029 generalium,
1394 970 1515 1026 quae
1537 952 1783 1007 sessione
1806 956 2002 1025 quarta

133 1085 161 1118 a
190 1070 243 1119 et
265 1063 456 1136 quinta
485 1058 864 1123 continentur,
892 1073 993 1111 nec
1027 1052 1253 1129 probari
1273 1070 1303 1107 a
1324 1050 1598 1106 Gallicana
1622 1049 1885 1118 Ecclesia,
1910 1047 2006 1121 qui

133 1182 159 1213 «
188 1177 380 1216 eorum
406 1159 772 1224 decretorum,
802 1154 961 1227 quasi
994 1153 1175 1208 dubiae
1203 1151 1311 1207 sint
1343 1147 1686 1205 auctoritatis
1720 1165 1782 1202 ac
1813 1147 2003 1202 minus

131 1277 158 1308 «
186 1255 506 1329 approbata,
540 1254 710 1309 robur
741 1251 1066 1323 infringant,
1096 1254 1190 1304 aut
1212 1248 1281 1302 ad
1312 1246 1492 1301 solum
1520 1242 1841 1300 schismatis
1864 1247 2007 1297 tem-

128 1372 155 1403 «
185 1369 287 1424 pus
316 1350 535 1406 concilii
577 1350 719 1405 dicta
753 1348 1134 1419 detorqueant.
1160 1366 1187 1397 »
1219 1376 1287 1384 —
1313 1342 1606 1399 Adhaerent
1645 1340 1816 1412 igitur
1844 1338 2007 1394 Galli-

125 1448 245 1503 cani
290 1447 556 1520 praesules
602 1444 836 1501 decretis
884 1448 1094 1517 quartae
1139 1447 1191 1498 et
1235 1440 1443 1514 quintae
1496 1437 1763 1494 sessionis
1810 1435 2006 1510 synodi

125 1542 578 1609 ConstantiensiS,
617 1541 820 1614 quibus
857 1538 1211 1613 pronuntiata
1255 1538 1431 1592 suerat
1467 1534 1688 1591 concilii
1726 1531 1998 1606 generalis

125 1640 481 1713 superioritas
509 1657 674 1712 supra
708 1639 930 1712 Papam.
962 1636 1195 1693 Proinde
1235 1636 1378 1691 hanc
1417 1634 1667 1690 eamdem
1700 1630 2002 1705 superiori-

126 1742 291 1792 tatem
337 1745 388 1792 et
430 1737 535 1810 ipsi
577 1736 923 1809 profitentur.
968 1734 1023 1788 Id
1065 1739 1251 1788 autem
1301 1731 1616 1803 intelligunt
1660 1729 1724 1783 cle
1765 1726 1999 1783 Concilio

121 1834 350 1905 yenerali
386 1835 495 1888 sine
525 1833 692 1904 Papa;
728 1831 998 1904 siquidem
1039 1831 1086 1884 is
1117 1846 1311 1884 sensus
1352 1834 1434 1883 est
1464 1827 1817 1881 decretorum
1856 1824 1993 1880 Con-

123 1930 531 1986 stantiensium.
575 1929 768 1984 «Satis
805 1934 975 2003 patet,
1014 1927 1195 2000 inquit
1231 1925 1614 1993 SchelstrateS,
1658 1923 1717 1978 in
1758 1921 1997 1976 declara-

122 2025 269 2082 tione
308 2026 440 2081 cleri
485 2025 749 2080 Gallicani
795 2023 970 2098 accipi
1010 2023 1139 2078 hinc
1182 2039 1467 2077 summum
1509 2018 1829 2076 Pontificem
1882 2016 2003 2072 sine

122 2122 377 2192 concili0,
413 2123 568 2177 illinc
599 2122 895 2177 concilium
931 2121 1051 2176 sine
1086 2137 1311 2175 summo
1339 2117 1621 2182 Pontifice3
1663 2096 1792 2170 cum
1823 2113 2000 2169 deela-

122 2217 260 2271 ratio
286 2218 518 2273 decretis
546 2218 763 2272 concilii
790 2215 1225 2272 Constantiensis
1252 2215 1484 2280 nitatur,
1522 2230 1644 2284 quae
1671 2211 1838 2266 aliam
1868 2228 1994 2266 sen-

126 2311 352 2366 tentiam
381 2328 489 2366 non
510 2311 827 2384 ladmittunt
853 2334 879 2362 »
918 2313 1000 2383 (de
1026 2311 1369 2366 Libertatibus
1396 2309 1644 2363 Ecclesiae
1685 2306 1993 2373 Gallicanae,

124 2407 221 2462 lih.
256 2407 314 2475 V,
343 2425 462 2482 cap.
493 2409 550 2478 ι).
592 2409 821 2480 Insuper
848 2407 1167 2479 intelligunt
1205 2405 1470 2461 Gallicani
1495 2404 1763 2479 praesules
1794 2404 1998 2459 dictam

121 2505 339 2560 concilii
366 2506 831 2579 superioritatem,
851 2523 962 2560 non
980 2505 1047 2559 ad
1068 2510 1287 2577 tempus
1308 2502 1621 2559 schismatis
1650 2502 1989 2570 restrictam,

121 2601 214 2656 sed
246 2602 518 2670 absolute,
562 2602 616 2656 id
653 2610 758 2672 est,
786 2602 950 2658 etiam
991 2601 1214 2674 quando
1248 2601 1468 2656 nullum
1509 2599 1692 2656 exis'tit
1726 2598 1990 2667 schisma,

119 2697 336 2752 nullum
367 2699 434 2753 dc
463 2716 588 2754 vero
611 2699 750 2772 Papa
778 2699 1031 2765 dubium3
1061 2705 1114 2754 et
1138 2698 1359 2754 tandem
1385 2697 1729 2754 contendunt
1755 2695 1989 2752 decretis

120 2791 630 2852 Constantiensihus
663 2796 742 2852 sic
779 2796 1070 2852 intellectis
1104 2798 1325 2870 plenam
1364 2796 1543 2852 inesse
1579 2794 1985 2857 auctoritatem;

122 2894 285 2961 prout
314 2896 458 2962 patet
484 2909 547 2946 ex
573 2892 786 2949 ultimis
813 2894 964 2950 citati
996 2894 1215 2949 articuli
1247 2893 1457 2949 verbis,

196 2985 329 3041 Hinc
359 2986 425 3042 de
461 2988 661 3061 synodo
686 2989 909 3062 quidem
933 2990 1335 3047 Constantiensi
1364 2987 1569 3060 ambigi
1596 2991 1796 3060 potest,
1826 3001 1985 3052 num,

122 3086 275 3135 extra
310 3098 497 3136 casum
532 3083 844 3140 schismatis
882 3085 951 3140 ob
987 3084 1224 3141 dubium
1265 3085 1332 3140 de
1372 3084 1618 3156 legitimo
1651 3082 1815 3154 Papa,
1860 3096 1985 3153 pro-

123 3175 456 3232 nuntiaverit
489 3177 783 3233 concilium
827 3180 1081 3250 generale
1117 3198 1238 3237 esse
1265 3198 1435 3254 supra
1474 3195 1757 3234 summum
1799 3175 1983 3232 Ponti-

122 3271 277 3328 ficem
315 3273 382 3328 ab
420 3272 539 3346 ipso
569 3273 1006 3331 dissentientem.
1046 3275 1149 3331 Sed
1183 3276 1446 3332 Gallicani
1484 3274 1769 3348 praesuleS,
1811 3273 1868 3329 in
1898 3291 1987 3330 co-

123 3367 295 3425 mitiis
335 3369 463 3423 anni
498 3368 664 3441 1682,
707 3387 952 3427 errorem
985 3371 1138 3426 hunc
1169 3371 1519 3445 apertissime
1560 3369 1795 3445 professi
1836 3375 1984 3437 sunt;

121 3465 393 3538 siquidem
435 3467 668 3523 decretis
705 3466 1217 3524 Constantiensihus
1257 3467 1334 3525 ita
1373 3468 1751 3540 adhaeserunt,
1794 3474 1856 3524 ut
1896 3468 1985 3524 be-

119 3560 341 3633 nignam
370 3561 904 3638 interpretationem,
938 3582 1061 3636 quae
1091 3564 1224 3638 ipsis
1257 3566 1437 3639 aptari
1471 3567 1703 3635 solebat,
1724 3582 1986 3641 expresse
