<?xml version="1.0" encoding="UTF-8"?>
<!DOCTYPE html PUBLIC "-//W3C//DTD XHTML 1.0 Transitional//EN"
    "http://www.w3.org/TR/xhtml1/DTD/xhtml1-transitional.dtd">
<html xmlns="http://www.w3.org/1999/xhtml" xml:lang="en" lang="en">
 <head>
  <title>
</title>
<meta http-equiv="Content-Type" content="text/html;charset=utf-8" />
  <meta name='ocr-system' content='tesseract 3.04.00' />
  <meta name='ocr-capabilities' content='ocr_page ocr_carea ocr_par ocr_line ocrx_word'/>
</head>
<body>
  <div class='ocr_page' id='page_1' title='image "a548470102bouiuoft_0693.png"; bbox 0 0 2262 3990; ppageno 0'>
   <div class='ocr_carea' id='block_1_1' title="bbox 0 810 42 3990">
    <p class='ocr_par' dir='ltr' id='par_1_1' title="bbox 0 810 42 3990">
     <span class='ocr_line' id='line_1_1' title="bbox 0 810 42 3990; baseline 0 0"><span class='ocrx_word' id='word_1_1' title='bbox 0 810 42 3990; x_wconf 95' lang='lat' dir='ltr'> </span> 
     </span>
    </p>
   </div>
   <div class='ocr_carea' id='block_1_2' title="bbox 826 159 1950 213">
    <p class='ocr_par' dir='ltr' id='par_1_2' title="bbox 826 159 1950 213">
     <span class='ocr_line' id='line_1_2' title="bbox 826 159 1950 213; baseline -0.007 0"><span class='ocrx_word' id='word_1_2' title='bbox 826 165 954 213; x_wconf 73' lang='lat' dir='ltr'><strong>PARS</strong></span> <span class='ocrx_word' id='word_1_3' title='bbox 983 163 1184 212; x_wconf 78' lang='lat' dir='ltr'>TERm.</span> <span class='ocrx_word' id='word_1_4' title='bbox 1859 159 1950 206; x_wconf 84' lang='lat'>685</span> 
     </span>
    </p>
   </div>
   <div class='ocr_carea' id='block_1_3' title="bbox 0 267 1981 3647">
    <p class='ocr_par' dir='ltr' id='par_1_3' title="bbox 0 267 1981 2167">
     <span class='ocr_line' id='line_1_3' title="bbox 83 267 1947 350; baseline -0.008 -14"><span class='ocrx_word' id='word_1_5' title='bbox 83 278 262 338; x_wconf 83' lang='lat' dir='ltr'><strong>subsit</strong></span> <span class='ocrx_word' id='word_1_6' title='bbox 301 277 368 334; x_wconf 88' lang='lat' dir='ltr'>ab</span> <span class='ocrx_word' id='word_1_7' title='bbox 412 292 585 350; x_wconf 90' lang='lat' dir='ltr'>eoque</span> <span class='ocrx_word' id='word_1_8' title='bbox 626 278 867 348; x_wconf 86' lang='lat' dir='ltr'>regatur.</span> <span class='ocrx_word' id='word_1_9' title='bbox 911 271 1048 329; x_wconf 85' lang='lat' dir='ltr'>Hinc</span> <span class='ocrx_word' id='word_1_10' title='bbox 1095 271 1240 327; x_wconf 92' lang='lat' dir='ltr'>sicut</span> <span class='ocrx_word' id='word_1_11' title='bbox 1288 268 1550 343; x_wconf 83' lang='lat' dir='ltr'>quaelibet</span> <span class='ocrx_word' id='word_1_12' title='bbox 1592 267 1947 342; x_wconf 87' lang='lat' dir='ltr'>particularis</span> 
     </span>
     <span class='ocr_line' id='line_1_4' title="bbox 78 366 1946 449; baseline -0.006 -17"><span class='ocrx_word' id='word_1_13' title='bbox 78 374 363 446; x_wconf 89' lang='lat' dir='ltr'>Ecclesia,.</span> <span class='ocrx_word' id='word_1_14' title='bbox 374 375 526 449; x_wconf 85' lang='lat' dir='ltr'>juxta</span> <span class='ocrx_word' id='word_1_15' title='bbox 571 370 782 427; x_wconf 90' lang='lat' dir='ltr'>dictum</span> <span class='ocrx_word' id='word_1_16' title='bbox 827 369 1003 426; x_wconf 88' lang='lat' dir='ltr'>sancti</span> <span class='ocrx_word' id='word_1_17' title='bbox 1042 366 1316 443; x_wconf 78' lang='lat' dir='ltr'>Cypriani,</span> <span class='ocrx_word' id='word_1_18' title='bbox 1361 371 1441 423; x_wconf 90' lang='lat' dir='ltr'>est</span> <span class='ocrx_word' id='word_1_19' title='bbox 1484 366 1623 439; x_wconf 82' lang='lat' dir='ltr'><em>plebs</em></span> <span class='ocrx_word' id='word_1_20' title='bbox 1673 366 1946 421; x_wconf 79' lang='lat' dir='ltr'>adhaereus</span> 
     </span>
     <span class='ocr_line' id='line_1_5' title="bbox 79 461 1946 545; baseline -0.006 -16"><span class='ocrx_word' id='word_1_21' title='bbox 79 471 361 545; x_wconf 74' lang='lat' dir='ltr'>EpiscopO,</span> <span class='ocrx_word' id='word_1_22' title='bbox 392 469 468 525; x_wconf 90' lang='lat' dir='ltr'>ita</span> <span class='ocrx_word' id='word_1_23' title='bbox 491 467 729 525; x_wconf 83' lang='lat' dir='ltr'><strong>Ecclesia</strong></span> <span class='ocrx_word' id='word_1_24' title='bbox 761 465 1051 535; x_wconf 88' lang='lat' dir='ltr'>catholica,</span> <span class='ocrx_word' id='word_1_25' title='bbox 1081 481 1148 520; x_wconf 86' lang='lat' dir='ltr'>ex</span> <span class='ocrx_word' id='word_1_26' title='bbox 1179 461 1525 522; x_wconf 78' lang='lat' dir='ltr'>institutione</span> <span class='ocrx_word' id='word_1_27' title='bbox 1555 461 1780 532; x_wconf 81' lang='lat' dir='ltr'>Christi,</span> <span class='ocrx_word' id='word_1_28' title='bbox 1818 479 1946 518; x_wconf 92' lang='lat' dir='ltr'>con-</span> 
     </span>
     <span class='ocr_line' id='line_1_6' title="bbox 81 556 1947 643; baseline -0.007 -16"><span class='ocrx_word' id='word_1_29' title='bbox 81 575 189 627; x_wconf 89' lang='lat' dir='ltr'>stat</span> <span class='ocrx_word' id='word_1_30' title='bbox 207 567 487 643; x_wconf 86' lang='lat' dir='ltr'>Episcopis</span> <span class='ocrx_word' id='word_1_31' title='bbox 511 571 562 622; x_wconf 88' lang='lat' dir='ltr'>et</span> <span class='ocrx_word' id='word_1_32' title='bbox 582 564 836 621; x_wconf 86' lang='lat' dir='ltr'>fidelibus</span> <span class='ocrx_word' id='word_1_33' title='bbox 862 580 1082 626; x_wconf 90' lang='lat' dir='ltr'>summo</span> <span class='ocrx_word' id='word_1_34' title='bbox 1101 556 1307 618; x_wconf 77' lang='lat' dir='ltr'>Pastori</span> <span class='ocrx_word' id='word_1_35' title='bbox 1333 560 1762 616; x_wconf 81' lang='lat' dir='ltr'>adhaerentibuS.</span> <span class='ocrx_word' id='word_1_36' title='bbox 1783 559 1947 632; x_wconf 88' lang='lat' dir='ltr'>Equi-</span> 
     </span>
     <span class='ocr_line' id='line_1_7' title="bbox 76 657 1981 733; baseline -0.006 -10"><span class='ocrx_word' id='word_1_37' title='bbox 76 665 203 723; x_wconf 85' lang='lat' dir='ltr'>dem</span> <span class='ocrx_word' id='word_1_38' title='bbox 224 684 351 722; x_wconf 91' lang='lat' dir='ltr'>cum</span> <span class='ocrx_word' id='word_1_39' title='bbox 374 682 628 722; x_wconf 88' lang='lat' dir='ltr'>summus</span> <span class='ocrx_word' id='word_1_40' title='bbox 644 662 886 719; x_wconf 80' lang='lat' dir='ltr'>Pontifex</span> <span class='ocrx_word' id='word_1_41' title='bbox 906 661 976 718; x_wconf 90' lang='lat' dir='ltr'>sit</span> <span class='ocrx_word' id='word_1_42' title='bbox 996 659 1160 716; x_wconf 91' lang='lat' dir='ltr'>morti</span> <span class='ocrx_word' id='word_1_43' title='bbox 1183 659 1474 728; x_wconf 88' lang='lat' dir='ltr'>obnoxius,</span> <span class='ocrx_word' id='word_1_44' title='bbox 1494 664 1788 733; x_wconf 85' lang='lat' dir='ltr'><strong>postquam</strong></span> <span class='ocrx_word' id='word_1_45' title='bbox 1811 657 1948 714; x_wconf 94' lang='lat' dir='ltr'>obiit</span> <span class='ocrx_word' id='word_1_46' title='bbox 1978 709 1981 711; x_wconf 73' lang='grc'><strong>,</strong></span> 
     </span>
     <span class='ocr_line' id='line_1_8' title="bbox 0 755 1949 835; baseline -0.004 -16"><span class='ocrx_word' id='word_1_47' title='bbox 0 776 1 787; x_wconf 71' lang='grc'>’</span> <span class='ocrx_word' id='word_1_48' title='bbox 78 769 130 819; x_wconf 88' lang='lat' dir='ltr'>et</span> <span class='ocrx_word' id='word_1_49' title='bbox 170 761 343 818; x_wconf 88' lang='lat' dir='ltr'>donec</span> <span class='ocrx_word' id='word_1_50' title='bbox 385 762 503 835; x_wconf 89' lang='lat' dir='ltr'>ejus</span> <span class='ocrx_word' id='word_1_51' title='bbox 532 776 817 817; x_wconf 82' lang='lat' dir='ltr'>successor</span> <span class='ocrx_word' id='word_1_52' title='bbox 853 758 1058 815; x_wconf 86' lang='lat' dir='ltr'>electus</span> <span class='ocrx_word' id='word_1_53' title='bbox 1095 757 1286 826; x_wconf 87' lang='lat' dir='ltr'>suerit,</span> <span class='ocrx_word' id='word_1_54' title='bbox 1325 756 1566 820; x_wconf 81' lang='lat' dir='ltr'>interim,</span> <span class='ocrx_word' id='word_1_55' title='bbox 1608 756 1736 812; x_wconf 93' lang='lat' dir='ltr'>licet</span> <span class='ocrx_word' id='word_1_56' title='bbox 1770 755 1949 829; x_wconf 88' lang='lat' dir='ltr'>capite</span> 
     </span>
     <span class='ocr_line' id='line_1_9' title="bbox 76 853 1947 931; baseline -0.004 -17"><span class='ocrx_word' id='word_1_57' title='bbox 76 875 290 931; x_wconf 88' lang='lat' dir='ltr'>carens,</span> <span class='ocrx_word' id='word_1_58' title='bbox 323 857 559 914; x_wconf 83' lang='lat' dir='ltr'>Ecclesia</span> <span class='ocrx_word' id='word_1_59' title='bbox 587 874 696 912; x_wconf 91' lang='lat' dir='ltr'>non</span> <span class='ocrx_word' id='word_1_60' title='bbox 720 854 881 930; x_wconf 88' lang='lat' dir='ltr'>perit.</span> <span class='ocrx_word' id='word_1_61' title='bbox 917 853 1023 908; x_wconf 90' lang='lat' dir='ltr'>Hac</span> <span class='ocrx_word' id='word_1_62' title='bbox 1055 869 1252 925; x_wconf 85' lang='lat' dir='ltr'>nempe</span> <span class='ocrx_word' id='word_1_63' title='bbox 1284 853 1649 926; x_wconf 81' lang='lat' dir='ltr'>separatione,</span> <span class='ocrx_word' id='word_1_64' title='bbox 1679 871 1806 908; x_wconf 91' lang='lat' dir='ltr'>cum</span> <span class='ocrx_word' id='word_1_65' title='bbox 1836 870 1947 907; x_wconf 93' lang='lat' dir='ltr'>non</span> 
     </span>
     <span class='ocr_line' id='line_1_10' title="bbox 77 947 1948 1027; baseline -0.004 -17"><span class='ocrx_word' id='word_1_66' title='bbox 77 954 149 1010; x_wconf 92' lang='lat' dir='ltr'>sit</span> <span class='ocrx_word' id='word_1_67' title='bbox 185 953 376 1010; x_wconf 90' lang='lat' dir='ltr'>scissio</span> <span class='ocrx_word' id='word_1_68' title='bbox 410 971 439 1008; x_wconf 90' lang='lat' dir='ltr'>a</span> <span class='ocrx_word' id='word_1_69' title='bbox 470 951 645 1027; x_wconf 89' lang='lat' dir='ltr'>capite</span> <span class='ocrx_word' id='word_1_70' title='bbox 678 949 767 1005; x_wconf 91' lang='lat' dir='ltr'>hic</span> <span class='ocrx_word' id='word_1_71' title='bbox 806 955 858 1005; x_wconf 89' lang='lat' dir='ltr'>et</span> <span class='ocrx_word' id='word_1_72' title='bbox 887 966 1034 1004; x_wconf 92' lang='lat' dir='ltr'>nunc</span> <span class='ocrx_word' id='word_1_73' title='bbox 1073 947 1338 1003; x_wconf 84' lang='lat' dir='ltr'>existente</span> <span class='ocrx_word' id='word_1_74' title='bbox 1376 966 1438 1003; x_wconf 93' lang='lat' dir='ltr'>ac</span> <span class='ocrx_word' id='word_1_75' title='bbox 1467 948 1703 1020; x_wconf 83' lang='lat' dir='ltr'>vivente,</span> <span class='ocrx_word' id='word_1_76' title='bbox 1737 966 1948 1022; x_wconf 89' lang='lat' dir='ltr'>nequa-</span> 
     </span>
     <span class='ocr_line' id='line_1_11' title="bbox 75 1045 1948 1124; baseline -0.002 -17"><span class='ocrx_word' id='word_1_77' title='bbox 75 1070 243 1124; x_wconf 89' lang='lat' dir='ltr'>quam</span> <span class='ocrx_word' id='word_1_78' title='bbox 277 1048 528 1108; x_wconf 85' lang='lat' dir='ltr'>Ecclesiae</span> <span class='ocrx_word' id='word_1_79' title='bbox 557 1049 740 1104; x_wconf 91' lang='lat' dir='ltr'>unitas</span> <span class='ocrx_word' id='word_1_80' title='bbox 766 1054 820 1104; x_wconf 92' lang='lat' dir='ltr'>et</span> <span class='ocrx_word' id='word_1_81' title='bbox 855 1046 1165 1104; x_wconf 88' lang='lat' dir='ltr'>essentialis</span> <span class='ocrx_word' id='word_1_82' title='bbox 1203 1045 1320 1119; x_wconf 89' lang='lat' dir='ltr'>ejus</span> <span class='ocrx_word' id='word_1_83' title='bbox 1355 1046 1677 1101; x_wconf 88' lang='lat' dir='ltr'>constitutio</span> <span class='ocrx_word' id='word_1_84' title='bbox 1709 1046 1948 1103; x_wconf 89' lang='lat' dir='ltr'>destrui-</span> 
     </span>
     <span class='ocr_line' id='line_1_12' title="bbox 77 1141 1947 1216; baseline -0.004 -12"><span class='ocrx_word' id='word_1_85' title='bbox 77 1155 185 1204; x_wconf 87' lang='lat' dir='ltr'>tur.</span> <span class='ocrx_word' id='word_1_86' title='bbox 231 1148 618 1204; x_wconf 88' lang='lat' dir='ltr'>Dcstrueretur</span> <span class='ocrx_word' id='word_1_87' title='bbox 651 1163 801 1214; x_wconf 75' lang='lat' dir='ltr'>vero,</span> <span class='ocrx_word' id='word_1_88' title='bbox 836 1161 937 1200; x_wconf 91' lang='lat' dir='ltr'>nec</span> <span class='ocrx_word' id='word_1_89' title='bbox 978 1144 1092 1216; x_wconf 89' lang='lat' dir='ltr'>jam</span> <span class='ocrx_word' id='word_1_90' title='bbox 1128 1160 1255 1199; x_wconf 78' lang='lat' dir='ltr'>vera</span> <span class='ocrx_word' id='word_1_91' title='bbox 1289 1141 1489 1198; x_wconf 81' lang='lat' dir='ltr'>Christi</span> <span class='ocrx_word' id='word_1_92' title='bbox 1538 1141 1775 1198; x_wconf 83' lang='lat' dir='ltr'>Ecclesia</span> <span class='ocrx_word' id='word_1_93' title='bbox 1809 1143 1947 1198; x_wconf 87' lang='lat' dir='ltr'>exis-</span> 
     </span>
     <span class='ocr_line' id='line_1_13' title="bbox 74 1239 1947 1318; baseline -0.003 -17"><span class='ocrx_word' id='word_1_94' title='bbox 74 1252 235 1314; x_wconf 81' lang='lat' dir='ltr'>teret,</span> <span class='ocrx_word' id='word_1_95' title='bbox 276 1246 342 1316; x_wconf 91' lang='lat' dir='ltr'>si,</span> <span class='ocrx_word' id='word_1_96' title='bbox 379 1245 592 1301; x_wconf 74' lang='lat' dir='ltr'>vivente</span> <span class='ocrx_word' id='word_1_97' title='bbox 619 1243 795 1318; x_wconf 92' lang='lat' dir='ltr'>ipsius</span> <span class='ocrx_word' id='word_1_98' title='bbox 832 1243 1032 1317; x_wconf 91' lang='lat' dir='ltr'>capite,</span> <span class='ocrx_word' id='word_1_99' title='bbox 1065 1248 1243 1298; x_wconf 89' lang='lat' dir='ltr'>totum</span> <span class='ocrx_word' id='word_1_100' title='bbox 1281 1239 1537 1296; x_wconf 80' lang='lat' dir='ltr'>Ecclesiae</span> <span class='ocrx_word' id='word_1_101' title='bbox 1559 1257 1760 1314; x_wconf 89' lang='lat' dir='ltr'>corpus</span> <span class='ocrx_word' id='word_1_102' title='bbox 1791 1240 1858 1294; x_wconf 90' lang='lat' dir='ltr'>ab</span> <span class='ocrx_word' id='word_1_103' title='bbox 1885 1258 1947 1296; x_wconf 89' lang='lat' dir='ltr'>eo</span> 
     </span>
     <span class='ocr_line' id='line_1_14' title="bbox 78 1338 1947 1411; baseline -0.002 -13"><span class='ocrx_word' id='word_1_104' title='bbox 78 1360 195 1399; x_wconf 87' lang='lat' dir='ltr'>sese</span> <span class='ocrx_word' id='word_1_105' title='bbox 221 1342 585 1397; x_wconf 85' lang='lat' dir='ltr'>abscinderet.</span> <span class='ocrx_word' id='word_1_106' title='bbox 614 1340 1090 1405; x_wconf 87' lang='lat' dir='ltr'>Quemadmodum</span> <span class='ocrx_word' id='word_1_107' title='bbox 1118 1339 1186 1409; x_wconf 91' lang='lat' dir='ltr'>si,</span> <span class='ocrx_word' id='word_1_108' title='bbox 1212 1338 1426 1394; x_wconf 82' lang='lat' dir='ltr'>vivente</span> <span class='ocrx_word' id='word_1_109' title='bbox 1452 1355 1599 1410; x_wconf 89' lang='lat' dir='ltr'>rege,</span> <span class='ocrx_word' id='word_1_110' title='bbox 1620 1343 1801 1393; x_wconf 89' lang='lat' dir='ltr'>totum</span> <span class='ocrx_word' id='word_1_111' title='bbox 1825 1338 1947 1411; x_wconf 91' lang='lat' dir='ltr'>ejus</span> 
     </span>
     <span class='ocr_line' id='line_1_15' title="bbox 78 1434 1947 1511; baseline -0.001 -18"><span class='ocrx_word' id='word_1_112' title='bbox 78 1456 309 1511; x_wconf 90' lang='lat' dir='ltr'>regnum</span> <span class='ocrx_word' id='word_1_113' title='bbox 336 1438 401 1492; x_wconf 86' lang='lat' dir='ltr'>ab</span> <span class='ocrx_word' id='word_1_114' title='bbox 428 1438 546 1511; x_wconf 92' lang='lat' dir='ltr'>ipso</span> <span class='ocrx_word' id='word_1_115' title='bbox 575 1437 846 1506; x_wconf 87' lang='lat' dir='ltr'>deficeret,</span> <span class='ocrx_word' id='word_1_116' title='bbox 870 1437 983 1509; x_wconf 90' lang='lat' dir='ltr'>jam</span> <span class='ocrx_word' id='word_1_117' title='bbox 1018 1453 1251 1509; x_wconf 88' lang='lat' dir='ltr'>regnum</span> <span class='ocrx_word' id='word_1_118' title='bbox 1288 1452 1397 1490; x_wconf 94' lang='lat' dir='ltr'>non</span> <span class='ocrx_word' id='word_1_119' title='bbox 1427 1441 1589 1499; x_wconf 89' lang='lat' dir='ltr'>essct;</span> <span class='ocrx_word' id='word_1_120' title='bbox 1622 1434 1755 1490; x_wconf 91' lang='lat' dir='ltr'>dum</span> <span class='ocrx_word' id='word_1_121' title='bbox 1787 1453 1947 1491; x_wconf 90' lang='lat' dir='ltr'>econ-</span> 
     </span>
     <span class='ocr_line' id='line_1_16' title="bbox 77 1531 1946 1607; baseline -0.001 -18"><span class='ocrx_word' id='word_1_122' title='bbox 77 1541 161 1589; x_wconf 86' lang='lat' dir='ltr'>tra</span> <span class='ocrx_word' id='word_1_123' title='bbox 199 1531 487 1607; x_wconf 85' lang='lat' dir='ltr'>permanet</span> <span class='ocrx_word' id='word_1_124' title='bbox 517 1551 772 1606; x_wconf 88' lang='lat' dir='ltr'>regnum,</span> <span class='ocrx_word' id='word_1_125' title='bbox 802 1533 954 1603; x_wconf 92' lang='lat' dir='ltr'>dum,</span> <span class='ocrx_word' id='word_1_126' title='bbox 987 1539 1206 1588; x_wconf 89' lang='lat' dir='ltr'>mortuo</span> <span class='ocrx_word' id='word_1_127' title='bbox 1241 1548 1391 1604; x_wconf 89' lang='lat' dir='ltr'>rege,</span> <span class='ocrx_word' id='word_1_128' title='bbox 1431 1549 1720 1587; x_wconf 88' lang='lat' dir='ltr'>successor</span> <span class='ocrx_word' id='word_1_129' title='bbox 1755 1549 1946 1605; x_wconf 83' lang='lat' dir='ltr'>expec-</span> 
     </span>
     <span class='ocr_line' id='line_1_17' title="bbox 77 1627 1946 1703; baseline -0.001 -18"><span class='ocrx_word' id='word_1_130' title='bbox 77 1637 242 1685; x_wconf 90' lang='lat' dir='ltr'>tatur.</span> <span class='ocrx_word' id='word_1_131' title='bbox 275 1629 444 1702; x_wconf 85' lang='lat' dir='ltr'>Igitur</span> <span class='ocrx_word' id='word_1_132' title='bbox 474 1630 834 1703; x_wconf 86' lang='lat' dir='ltr'>perimeretur</span> <span class='ocrx_word' id='word_1_133' title='bbox 866 1628 1065 1684; x_wconf 87' lang='lat' dir='ltr'>Christi</span> <span class='ocrx_word' id='word_1_134' title='bbox 1089 1627 1326 1684; x_wconf 87' lang='lat' dir='ltr'>Ecclesia</span> <span class='ocrx_word' id='word_1_135' title='bbox 1360 1633 1411 1683; x_wconf 84' lang='lat' dir='ltr'>et</span> <span class='ocrx_word' id='word_1_136' title='bbox 1453 1627 1615 1682; x_wconf 88' lang='lat' dir='ltr'>inferi</span> <span class='ocrx_word' id='word_1_137' title='bbox 1655 1635 1825 1702; x_wconf 79' lang='lat' dir='ltr'>portae</span> <span class='ocrx_word' id='word_1_138' title='bbox 1851 1628 1946 1683; x_wconf 88' lang='lat' dir='ltr'>ad-</span> 
     </span>
     <span class='ocr_line' id='line_1_18' title="bbox 71 1725 1945 1801; baseline -0.001 -20"><span class='ocrx_word' id='word_1_139' title='bbox 71 1743 260 1782; x_wconf 81' lang='lat' dir='ltr'>versus</span> <span class='ocrx_word' id='word_1_140' title='bbox 285 1745 406 1782; x_wconf 92' lang='lat' dir='ltr'>eam</span> <span class='ocrx_word' id='word_1_141' title='bbox 432 1726 808 1801; x_wconf 66' lang='lat' dir='ltr'>praevalerent,</span> <span class='ocrx_word' id='word_1_142' title='bbox 837 1726 882 1781; x_wconf 91' lang='lat' dir='ltr'>si</span> <span class='ocrx_word' id='word_1_143' title='bbox 910 1726 1252 1798; x_wconf 89' lang='lat' dir='ltr'>contingeret</span> <span class='ocrx_word' id='word_1_144' title='bbox 1275 1725 1587 1797; x_wconf 82' lang='lat' dir='ltr'>legitimum</span> <span class='ocrx_word' id='word_1_145' title='bbox 1613 1726 1734 1798; x_wconf 91' lang='lat' dir='ltr'>ejus</span> <span class='ocrx_word' id='word_1_146' title='bbox 1759 1732 1945 1798; x_wconf 89' lang='lat' dir='ltr'>caput,</span> 
     </span>
     <span class='ocr_line' id='line_1_19' title="bbox 74 1821 1945 1895; baseline -0.001 -18"><span class='ocrx_word' id='word_1_147' title='bbox 74 1823 163 1879; x_wconf 83' lang='lat' dir='ltr'>hic</span> <span class='ocrx_word' id='word_1_148' title='bbox 201 1830 253 1879; x_wconf 91' lang='lat' dir='ltr'>et</span> <span class='ocrx_word' id='word_1_149' title='bbox 286 1841 433 1878; x_wconf 91' lang='lat' dir='ltr'>nunc</span> <span class='ocrx_word' id='word_1_150' title='bbox 465 1823 668 1891; x_wconf 72' lang='lat' dir='ltr'>vivens,</span> <span class='ocrx_word' id='word_1_151' title='bbox 714 1841 743 1878; x_wconf 89' lang='lat' dir='ltr'>a</span> <span class='ocrx_word' id='word_1_152' title='bbox 783 1829 894 1878; x_wconf 87' lang='lat' dir='ltr'>toto</span> <span class='ocrx_word' id='word_1_153' title='bbox 937 1821 1264 1894; x_wconf 84' lang='lat' dir='ltr'>generaliter</span> <span class='ocrx_word' id='word_1_154' title='bbox 1304 1839 1533 1895; x_wconf 86' lang='lat' dir='ltr'>corpore</span> <span class='ocrx_word' id='word_1_155' title='bbox 1575 1839 1694 1876; x_wconf 87' lang='lat' dir='ltr'>sese</span> <span class='ocrx_word' id='word_1_156' title='bbox 1727 1822 1945 1877; x_wconf 90' lang='lat' dir='ltr'>abscin-</span> 
     </span>
     <span class='ocr_line' id='line_1_20' title="bbox 71 1917 1944 1992; baseline -0.001 -18"><span class='ocrx_word' id='word_1_157' title='bbox 71 1919 231 1974; x_wconf 88' lang='lat' dir='ltr'>dente</span> <span class='ocrx_word' id='word_1_158' title='bbox 272 1920 422 1992; x_wconf 87' lang='lat' dir='ltr'>rejici</span> <span class='ocrx_word' id='word_1_159' title='bbox 460 1937 521 1974; x_wconf 90' lang='lat' dir='ltr'>ac</span> <span class='ocrx_word' id='word_1_160' title='bbox 558 1918 889 1990; x_wconf 87' lang='lat' dir='ltr'>derelinqui.</span> <span class='ocrx_word' id='word_1_161' title='bbox 928 1917 1159 1972; x_wconf 86' lang='lat' dir='ltr'>Proinde</span> <span class='ocrx_word' id='word_1_162' title='bbox 1197 1917 1390 1972; x_wconf 89' lang='lat' dir='ltr'>scissio</span> <span class='ocrx_word' id='word_1_163' title='bbox 1429 1919 1542 1971; x_wconf 73' lang='lat' dir='ltr'>haec</span> <span class='ocrx_word' id='word_1_164' title='bbox 1580 1918 1944 1991; x_wconf 89' lang='lat' dir='ltr'>impossibilis</span> 
     </span>
     <span class='ocr_line' id='line_1_21' title="bbox 66 2013 1943 2089; baseline 0.001 -18"><span class='ocrx_word' id='word_1_165' title='bbox 66 2021 172 2085; x_wconf 88' lang='lat' dir='ltr'>est,</span> <span class='ocrx_word' id='word_1_166' title='bbox 197 2035 324 2072; x_wconf 91' lang='lat' dir='ltr'>cum</span> <span class='ocrx_word' id='word_1_167' title='bbox 348 2034 635 2088; x_wconf 88' lang='lat' dir='ltr'>nunquam</span> <span class='ocrx_word' id='word_1_168' title='bbox 662 2015 1012 2070; x_wconf 89' lang='lat' dir='ltr'>interituram</span> <span class='ocrx_word' id='word_1_169' title='bbox 1041 2014 1338 2070; x_wconf 87' lang='lat' dir='ltr'>Ecclesiam</span> <span class='ocrx_word' id='word_1_170' title='bbox 1362 2032 1521 2069; x_wconf 86' lang='lat' dir='ltr'>suam</span> <span class='ocrx_word' id='word_1_171' title='bbox 1549 2013 1799 2071; x_wconf 88' lang='lat' dir='ltr'>Christus</span> <span class='ocrx_word' id='word_1_172' title='bbox 1819 2034 1943 2089; x_wconf 90' lang='lat' dir='ltr'>pro-</span> 
     </span>
     <span class='ocr_line' id='line_1_22' title="bbox 71 2111 303 2167; baseline 0.004 -2"><span class='ocrx_word' id='word_1_173' title='bbox 71 2111 303 2167; x_wconf 73' lang='lat' dir='ltr'>miserit.</span> 
     </span>
    </p>

    <p class='ocr_par' dir='ltr' id='par_1_4' title="bbox 65 2190 1978 3153">
     <span class='ocr_line' id='line_1_23' title="bbox 140 2190 1942 2282; baseline 0.003 -21"><span class='ocrx_word' id='word_1_174' title='bbox 140 2208 205 2262; x_wconf 89' lang='lat' dir='ltr'>ll.</span> <span class='ocrx_word' id='word_1_175' title='bbox 237 2209 493 2263; x_wconf 87' lang='lat' dir='ltr'>Pluribus</span> <span class='ocrx_word' id='word_1_176' title='bbox 521 2209 588 2264; x_wconf 91' lang='lat' dir='ltr'>de</span> <span class='ocrx_word' id='word_1_177' title='bbox 611 2210 816 2282; x_wconf 87' lang='lat' dir='ltr'>Papatu</span> <span class='ocrx_word' id='word_1_178' title='bbox 850 2190 1333 2277; x_wconf 82' lang='lat' dir='ltr'>contendentibuS,</span> <span class='ocrx_word' id='word_1_179' title='bbox 1370 2208 1416 2263; x_wconf 87' lang='lat' dir='ltr'>si</span> <span class='ocrx_word' id='word_1_180' title='bbox 1449 2209 1730 2282; x_wconf 88' lang='lat' dir='ltr'>contingat</span> <span class='ocrx_word' id='word_1_181' title='bbox 1762 2229 1942 2266; x_wconf 88' lang='lat' dir='ltr'>unum</span> 
     </span>
     <span class='ocr_line' id='line_1_24' title="bbox 71 2302 1943 2376; baseline 0.003 -19"><span class='ocrx_word' id='word_1_182' title='bbox 71 2302 250 2358; x_wconf 88' lang='lat' dir='ltr'>deseri</span> <span class='ocrx_word' id='word_1_183' title='bbox 282 2321 343 2358; x_wconf 90' lang='lat' dir='ltr'>ac</span> <span class='ocrx_word' id='word_1_184' title='bbox 371 2303 521 2375; x_wconf 86' lang='lat' dir='ltr'>rejici</span> <span class='ocrx_word' id='word_1_185' title='bbox 558 2311 819 2375; x_wconf 87' lang='lat' dir='ltr'>tanquam</span> <span class='ocrx_word' id='word_1_186' title='bbox 855 2309 1019 2376; x_wconf 88' lang='lat' dir='ltr'>caput</span> <span class='ocrx_word' id='word_1_187' title='bbox 1053 2321 1082 2357; x_wconf 87' lang='lat' dir='ltr'>a</span> <span class='ocrx_word' id='word_1_188' title='bbox 1122 2308 1234 2358; x_wconf 89' lang='lat' dir='ltr'>tota</span> <span class='ocrx_word' id='word_1_189' title='bbox 1273 2304 1554 2360; x_wconf 87' lang='lat' dir='ltr'>moraliter</span> <span class='ocrx_word' id='word_1_190' title='bbox 1589 2305 1829 2362; x_wconf 86' lang='lat' dir='ltr'>Ecclesia</span> <span class='ocrx_word' id='word_1_191' title='bbox 1855 2326 1943 2363; x_wconf 87' lang='lat' dir='ltr'>ca-</span> 
     </span>
     <span class='ocr_line' id='line_1_25' title="bbox 71 2399 1978 2473; baseline 0.002 -19"><span class='ocrx_word' id='word_1_192' title='bbox 71 2399 295 2468; x_wconf 89' lang='lat' dir='ltr'>tholica,</span> <span class='ocrx_word' id='word_1_193' title='bbox 334 2400 448 2472; x_wconf 86' lang='lat' dir='ltr'>jam</span> <span class='ocrx_word' id='word_1_194' title='bbox 488 2401 587 2455; x_wconf 93' lang='lat' dir='ltr'>hoc</span> <span class='ocrx_word' id='word_1_195' title='bbox 627 2400 744 2473; x_wconf 90' lang='lat' dir='ltr'>ipso</span> <span class='ocrx_word' id='word_1_196' title='bbox 782 2399 967 2455; x_wconf 91' lang='lat' dir='ltr'>statim</span> <span class='ocrx_word' id='word_1_197' title='bbox 1007 2399 1286 2454; x_wconf 90' lang='lat' dir='ltr'>notorium</span> <span class='ocrx_word' id='word_1_198' title='bbox 1318 2418 1381 2455; x_wconf 88' lang='lat' dir='ltr'>ac</span> <span class='ocrx_word' id='word_1_199' title='bbox 1411 2400 1630 2457; x_wconf 87' lang='lat' dir='ltr'>evidens</span> <span class='ocrx_word' id='word_1_200' title='bbox 1671 2402 1750 2473; x_wconf 84' lang='lat' dir='ltr'>fit,</span> <span class='ocrx_word' id='word_1_201' title='bbox 1781 2403 1942 2458; x_wconf 90' lang='lat' dir='ltr'>illum</span> <span class='ocrx_word' id='word_1_202' title='bbox 1975 2416 1978 2418; x_wconf 76' lang='grc'><strong>’</strong></span> 
     </span>
     <span class='ocr_line' id='line_1_26' title="bbox 73 2497 1944 2574; baseline 0.003 -22"><span class='ocrx_word' id='word_1_203' title='bbox 73 2515 181 2553; x_wconf 88' lang='lat' dir='ltr'>non</span> <span class='ocrx_word' id='word_1_204' title='bbox 221 2515 340 2553; x_wconf 88' lang='lat' dir='ltr'>esso</span> <span class='ocrx_word' id='word_1_205' title='bbox 374 2515 564 2553; x_wconf 77' lang='lat' dir='ltr'>verum</span> <span class='ocrx_word' id='word_1_206' title='bbox 601 2515 696 2553; x_wconf 92' lang='lat' dir='ltr'>seu</span> <span class='ocrx_word' id='word_1_207' title='bbox 731 2497 977 2570; x_wconf 83' lang='lat' dir='ltr'>legitime</span> <span class='ocrx_word' id='word_1_208' title='bbox 1010 2498 1245 2553; x_wconf 89' lang='lat' dir='ltr'>electum</span> <span class='ocrx_word' id='word_1_209' title='bbox 1273 2499 1607 2554; x_wconf 78' lang='lat' dir='ltr'>Pontificem.</span> <span class='ocrx_word' id='word_1_210' title='bbox 1635 2501 1774 2555; x_wconf 90' lang='lat' dir='ltr'>—Id</span> <span class='ocrx_word' id='word_1_211' title='bbox 1804 2502 1944 2574; x_wconf 88' lang='lat' dir='ltr'>rigo-</span> 
     </span>
     <span class='ocr_line' id='line_1_27' title="bbox 67 2595 1939 2672; baseline 0.003 -22"><span class='ocrx_word' id='word_1_212' title='bbox 67 2613 193 2650; x_wconf 90' lang='lat' dir='ltr'>rose</span> <span class='ocrx_word' id='word_1_213' title='bbox 222 2595 474 2667; x_wconf 90' lang='lat' dir='ltr'>sequitur</span> <span class='ocrx_word' id='word_1_214' title='bbox 497 2613 525 2650; x_wconf 92' lang='lat' dir='ltr'>e</span> <span class='ocrx_word' id='word_1_215' title='bbox 548 2595 875 2669; x_wconf 77' lang='lat' dir='ltr'>praecedenti</span> <span class='ocrx_word' id='word_1_216' title='bbox 907 2601 1130 2670; x_wconf 82' lang='lat' dir='ltr'>punctO.</span> <span class='ocrx_word' id='word_1_217' title='bbox 1160 2596 1292 2650; x_wconf 91' lang='lat' dir='ltr'>Cum</span> <span class='ocrx_word' id='word_1_218' title='bbox 1325 2615 1544 2671; x_wconf 87' lang='lat' dir='ltr'>nempe,</span> <span class='ocrx_word' id='word_1_219' title='bbox 1582 2614 1645 2652; x_wconf 82' lang='lat' dir='ltr'>cx</span> <span class='ocrx_word' id='word_1_220' title='bbox 1671 2599 1939 2672; x_wconf 80' lang='lat' dir='ltr'>probatiS,</span> 
     </span>
     <span class='ocr_line' id='line_1_28' title="bbox 66 2691 1942 2765; baseline 0.003 -19"><span class='ocrx_word' id='word_1_221' title='bbox 66 2691 408 2765; x_wconf 88' lang='lat' dir='ltr'>impossibile</span> <span class='ocrx_word' id='word_1_222' title='bbox 448 2691 518 2746; x_wconf 90' lang='lat' dir='ltr'>sit</span> <span class='ocrx_word' id='word_1_223' title='bbox 557 2696 724 2745; x_wconf 88' lang='lat' dir='ltr'>totam</span> <span class='ocrx_word' id='word_1_224' title='bbox 764 2691 1046 2761; x_wconf 76' lang='lat' dir='ltr'>moraliter</span> <span class='ocrx_word' id='word_1_225' title='bbox 1080 2691 1373 2747; x_wconf 88' lang='lat' dir='ltr'>Ecclesiam</span> <span class='ocrx_word' id='word_1_226' title='bbox 1408 2711 1527 2749; x_wconf 91' lang='lat' dir='ltr'>sese</span> <span class='ocrx_word' id='word_1_227' title='bbox 1563 2694 1884 2752; x_wconf 85' lang='lat' dir='ltr'>abscindere</span> <span class='ocrx_word' id='word_1_228' title='bbox 1912 2715 1942 2753; x_wconf 91' lang='lat' dir='ltr'>a</span> 
     </span>
     <span class='ocr_line' id='line_1_29' title="bbox 66 2786 1942 2861; baseline 0.004 -21"><span class='ocrx_word' id='word_1_229' title='bbox 66 2786 310 2858; x_wconf 88' lang='lat' dir='ltr'>legitimo</span> <span class='ocrx_word' id='word_1_230' title='bbox 338 2787 424 2842; x_wconf 92' lang='lat' dir='ltr'>hic</span> <span class='ocrx_word' id='word_1_231' title='bbox 450 2794 502 2843; x_wconf 88' lang='lat' dir='ltr'>ct</span> <span class='ocrx_word' id='word_1_232' title='bbox 524 2805 673 2842; x_wconf 91' lang='lat' dir='ltr'>nunc</span> <span class='ocrx_word' id='word_1_233' title='bbox 704 2787 916 2843; x_wconf 71' lang='lat' dir='ltr'>vivente</span> <span class='ocrx_word' id='word_1_234' title='bbox 958 2787 1152 2861; x_wconf 91' lang='lat' dir='ltr'>capite,</span> <span class='ocrx_word' id='word_1_235' title='bbox 1183 2789 1230 2843; x_wconf 91' lang='lat' dir='ltr'>is</span> <span class='ocrx_word' id='word_1_236' title='bbox 1257 2807 1287 2843; x_wconf 88' lang='lat' dir='ltr'>a</span> <span class='ocrx_word' id='word_1_237' title='bbox 1314 2808 1423 2861; x_wconf 90' lang='lat' dir='ltr'>quo</span> <span class='ocrx_word' id='word_1_238' title='bbox 1455 2808 1576 2846; x_wconf 91' lang='lat' dir='ltr'>sese</span> <span class='ocrx_word' id='word_1_239' title='bbox 1610 2798 1723 2847; x_wconf 88' lang='lat' dir='ltr'>tota</span> <span class='ocrx_word' id='word_1_240' title='bbox 1755 2795 1942 2849; x_wconf 88' lang='lat' dir='ltr'>catho-</span> 
     </span>
     <span class='ocr_line' id='line_1_30' title="bbox 66 2883 1939 2961; baseline 0.006 -24"><span class='ocrx_word' id='word_1_241' title='bbox 66 2883 242 2939; x_wconf 85' lang='lat' dir='ltr'>licitas</span> <span class='ocrx_word' id='word_1_242' title='bbox 284 2883 351 2938; x_wconf 90' lang='lat' dir='ltr'>de</span> <span class='ocrx_word' id='word_1_243' title='bbox 383 2884 522 2939; x_wconf 85' lang='lat' dir='ltr'>sacto</span> <span class='ocrx_word' id='word_1_244' title='bbox 560 2885 856 2958; x_wconf 87' lang='lat' dir='ltr'>abscindit,</span> <span class='ocrx_word' id='word_1_245' title='bbox 898 2887 998 2942; x_wconf 95' lang='lat' dir='ltr'>hoc</span> <span class='ocrx_word' id='word_1_246' title='bbox 1036 2886 1153 2961; x_wconf 89' lang='lat' dir='ltr'>ipso</span> <span class='ocrx_word' id='word_1_247' title='bbox 1187 2887 1510 2959; x_wconf 87' lang='lat' dir='ltr'>illegitimus</span> <span class='ocrx_word' id='word_1_248' title='bbox 1555 2907 1651 2944; x_wconf 91' lang='lat' dir='ltr'>seu</span> <span class='ocrx_word' id='word_1_249' title='bbox 1688 2890 1939 2949; x_wconf 89' lang='lat' dir='ltr'>intrusus</span> 
     </span>
     <span class='ocr_line' id='line_1_31' title="bbox 65 2981 1937 3059; baseline 0.005 -22"><span class='ocrx_word' id='word_1_250' title='bbox 65 2983 475 3056; x_wconf 89' lang='lat' dir='ltr'>comprobatur.</span> <span class='ocrx_word' id='word_1_251' title='bbox 514 2981 576 3037; x_wconf 92' lang='lat' dir='ltr'>Et</span> <span class='ocrx_word' id='word_1_252' title='bbox 606 2983 731 3039; x_wconf 89' lang='lat' dir='ltr'>licet</span> <span class='ocrx_word' id='word_1_253' title='bbox 766 2992 922 3041; x_wconf 91' lang='lat' dir='ltr'>antea</span> <span class='ocrx_word' id='word_1_254' title='bbox 950 2985 1068 3056; x_wconf 87' lang='lat' dir='ltr'>ejus</span> <span class='ocrx_word' id='word_1_255' title='bbox 1106 2985 1423 3058; x_wconf 82' lang='lat' dir='ltr'>illegitimas</span> <span class='ocrx_word' id='word_1_256' title='bbox 1464 2987 1632 3042; x_wconf 88' lang='lat' dir='ltr'>dubia</span> <span class='ocrx_word' id='word_1_257' title='bbox 1663 2989 1827 3059; x_wconf 90' lang='lat' dir='ltr'>foret,</span> <span class='ocrx_word' id='word_1_258' title='bbox 1872 3009 1937 3047; x_wconf 87' lang='lat' dir='ltr'>ex</span> 
     </span>
     <span class='ocr_line' id='line_1_32' title="bbox 68 3076 1397 3153; baseline 0.002 -19"><span class='ocrx_word' id='word_1_259' title='bbox 68 3084 202 3134; x_wconf 90' lang='lat' dir='ltr'>tunc</span> <span class='ocrx_word' id='word_1_260' title='bbox 227 3085 413 3134; x_wconf 91' lang='lat' dir='ltr'>tamen</span> <span class='ocrx_word' id='word_1_261' title='bbox 443 3076 618 3133; x_wconf 70' lang='lat' dir='ltr'>evadit</span> <span class='ocrx_word' id='word_1_262' title='bbox 643 3086 789 3134; x_wconf 86' lang='lat' dir='ltr'>certa</span> <span class='ocrx_word' id='word_1_263' title='bbox 817 3098 1044 3153; x_wconf 89' lang='lat' dir='ltr'>prorsus</span> <span class='ocrx_word' id='word_1_264' title='bbox 1075 3098 1136 3135; x_wconf 89' lang='lat' dir='ltr'>ac</span> <span class='ocrx_word' id='word_1_265' title='bbox 1162 3082 1397 3136; x_wconf 89' lang='lat' dir='ltr'>notoria.</span> 
     </span>
    </p>

    <p class='ocr_par' dir='ltr' id='par_1_5' title="bbox 0 3173 1938 3647">
     <span class='ocr_line' id='line_1_33' title="bbox 141 3173 1938 3243; baseline 0.007 -15"><span class='ocrx_word' id='word_1_266' title='bbox 141 3175 227 3229; x_wconf 90' lang='lat'>111.</span> <span class='ocrx_word' id='word_1_267' title='bbox 259 3177 391 3228; x_wconf 81' lang='lat' dir='ltr'>Ante</span> <span class='ocrx_word' id='word_1_268' title='bbox 435 3173 645 3229; x_wconf 88' lang='lat' dir='ltr'>Martini</span> <span class='ocrx_word' id='word_1_269' title='bbox 681 3175 719 3229; x_wconf 93' lang='lat' dir='ltr'><strong>V</strong></span> <span class='ocrx_word' id='word_1_270' title='bbox 749 3174 1091 3243; x_wconf 88' lang='lat' dir='ltr'>electionem,</span> <span class='ocrx_word' id='word_1_271' title='bbox 1127 3177 1319 3233; x_wconf 85' lang='lat' dir='ltr'>Petrus</span> <span class='ocrx_word' id='word_1_272' title='bbox 1354 3179 1420 3235; x_wconf 91' lang='lat' dir='ltr'>de</span> <span class='ocrx_word' id='word_1_273' title='bbox 1445 3180 1592 3236; x_wconf 89' lang='lat' dir='ltr'>Luna</span> <span class='ocrx_word' id='word_1_274' title='bbox 1629 3200 1728 3238; x_wconf 90' lang='lat' dir='ltr'>seu</span> <span class='ocrx_word' id='word_1_275' title='bbox 1770 3183 1938 3240; x_wconf 88' lang='lat' dir='ltr'>Bene-</span> 
     </span>
     <span class='ocr_line' id='line_1_34' title="bbox 69 3271 1935 3344; baseline 0.008 -19"><span class='ocrx_word' id='word_1_276' title='bbox 69 3271 248 3328; x_wconf 89' lang='lat' dir='ltr'>dictus</span> <span class='ocrx_word' id='word_1_277' title='bbox 285 3271 390 3326; x_wconf 81' lang='lat' dir='ltr'>XIII</span> <span class='ocrx_word' id='word_1_278' title='bbox 441 3289 470 3325; x_wconf 89' lang='lat' dir='ltr'>a</span> <span class='ocrx_word' id='word_1_279' title='bbox 507 3278 617 3327; x_wconf 86' lang='lat' dir='ltr'>tota</span> <span class='ocrx_word' id='word_1_280' title='bbox 669 3272 998 3344; x_wconf 87' lang='lat' dir='ltr'>generaliter</span> <span class='ocrx_word' id='word_1_281' title='bbox 1035 3273 1272 3329; x_wconf 90' lang='lat' dir='ltr'>Ecclesia</span> <span class='ocrx_word' id='word_1_282' title='bbox 1325 3277 1594 3334; x_wconf 89' lang='lat' dir='ltr'>catholica</span> <span class='ocrx_word' id='word_1_283' title='bbox 1635 3281 1935 3338; x_wconf 87' lang='lat' dir='ltr'>derelictus</span> 
     </span>
     <span class='ocr_line' id='line_1_35' title="bbox 69 3368 1934 3448; baseline 0.008 -26"><span class='ocrx_word' id='word_1_284' title='bbox 69 3374 171 3435; x_wconf 90' lang='lat' dir='ltr'>est,</span> <span class='ocrx_word' id='word_1_285' title='bbox 202 3368 276 3423; x_wconf 90' lang='lat' dir='ltr'>ita</span> <span class='ocrx_word' id='word_1_286' title='bbox 309 3374 366 3423; x_wconf 90' lang='lat' dir='ltr'>ut</span> <span class='ocrx_word' id='word_1_287' title='bbox 393 3385 583 3423; x_wconf 90' lang='lat' dir='ltr'>omnes</span> <span class='ocrx_word' id='word_1_288' title='bbox 605 3368 717 3424; x_wconf 86' lang='lat' dir='ltr'>fere</span> <span class='ocrx_word' id='word_1_289' title='bbox 742 3368 990 3443; x_wconf 90' lang='lat' dir='ltr'>Episcopi</span> <span class='ocrx_word' id='word_1_290' title='bbox 1016 3387 1078 3424; x_wconf 92' lang='lat' dir='ltr'>ac</span> <span class='ocrx_word' id='word_1_291' title='bbox 1109 3368 1296 3426; x_wconf 83' lang='lat' dir='ltr'>fideles</span> <span class='ocrx_word' id='word_1_292' title='bbox 1327 3371 1431 3446; x_wconf 90' lang='lat' dir='ltr'>ipsi</span> <span class='ocrx_word' id='word_1_293' title='bbox 1461 3381 1728 3448; x_wconf 88' lang='lat' dir='ltr'>tanquam</span> <span class='ocrx_word' id='word_1_294' title='bbox 1758 3378 1934 3436; x_wconf 91' lang='lat' dir='ltr'>Eccle-</span> 
     </span>
     <span class='ocr_line' id='line_1_36' title="bbox 0 3462 1932 3541; baseline 0.008 -23"><span class='ocrx_word' id='word_1_295' title='bbox 0 3522 6 3527; x_wconf 65' lang='grc'><strong>,</strong></span> <span class='ocrx_word' id='word_1_296' title='bbox 68 3462 159 3518; x_wconf 86' lang='lat' dir='ltr'>siae</span> <span class='ocrx_word' id='word_1_297' title='bbox 183 3463 343 3536; x_wconf 88' lang='lat' dir='ltr'>capiti</span> <span class='ocrx_word' id='word_1_298' title='bbox 371 3463 647 3520; x_wconf 80' lang='lat' dir='ltr'>adhaerere</span> <span class='ocrx_word' id='word_1_299' title='bbox 672 3465 1054 3520; x_wconf 89' lang='lat' dir='ltr'>renuerint.—</span> <span class='ocrx_word' id='word_1_300' title='bbox 1070 3464 1272 3540; x_wconf 92' lang='lat' dir='ltr'>Nempe</span> <span class='ocrx_word' id='word_1_301' title='bbox 1293 3476 1415 3541; x_wconf 92' lang='lat' dir='ltr'>post</span> <span class='ocrx_word' id='word_1_302' title='bbox 1438 3471 1768 3531; x_wconf 88' lang='lat' dir='ltr'>coadunatas</span> <span class='ocrx_word' id='word_1_303' title='bbox 1794 3477 1932 3534; x_wconf 88' lang='lat' dir='ltr'>duas</span> 
     </span>
     <span class='ocr_line' id='line_1_37' title="bbox 64 3559 1931 3647; baseline 0.008 -31"><span class='ocrx_word' id='word_1_304' title='bbox 64 3559 311 3633; x_wconf 86' lang='lat' dir='ltr'>Gregorii</span> <span class='ocrx_word' id='word_1_305' title='bbox 330 3561 479 3616; x_wconf 81' lang='lat' dir='ltr'>x11et</span> <span class='ocrx_word' id='word_1_306' title='bbox 498 3561 719 3618; x_wconf 89' lang='lat' dir='ltr'>Joannis</span> <span class='ocrx_word' id='word_1_307' title='bbox 743 3561 890 3617; x_wconf 78' lang='lat' dir='ltr'>XXIII</span> <span class='ocrx_word' id='word_1_308' title='bbox 919 3561 1277 3634; x_wconf 82' lang='lat' dir='ltr'>obedientiaS,</span> <span class='ocrx_word' id='word_1_309' title='bbox 1307 3567 1598 3638; x_wconf 87' lang='lat' dir='ltr'>agentibus</span> <span class='ocrx_word' id='word_1_310' title='bbox 1614 3588 1738 3628; x_wconf 91' lang='lat' dir='ltr'>cum</span> <span class='ocrx_word' id='word_1_311' title='bbox 1763 3573 1931 3647; x_wconf 86' lang='lat' dir='ltr'>Sigis-</span> 
     </span>
    </p>
   </div>
  </div>
 </body>
</html>
