2306 4010
901 198 1028 245 PARS
1057 195 1292 245 SECUNDA.
1982 196 2042 243 85

75 287 78 291 ’
165 306 367 382 scripta
393 311 477 363 est
518 305 750 381 epistola
781 329 792 362 ε
829 306 1018 362 videor
1052 304 1203 361 enim
1232 304 1334 360 hac
1370 307 1524 378 parte
1551 317 1715 377 posse
1743 300 2039 374 benignius

160 403 535 478 interpretari.
574 401 678 459 Sed
712 402 953 475 denique
997 401 1124 457 illos
1164 401 1334 475 ipsos,
1375 417 1435 456 re
1477 398 1753 455 maturius
1789 397 2043 454 conside-

162 506 303 571 rata,
345 506 588 556 mutasse
622 499 977 569 sententiam,
1022 498 1246 554 credere
1275 498 1431 572 jubet
1467 497 1648 554 exitus
1683 495 1878 570 nuperi
1919 513 2041 570 pro-

160 599 482 656 vincialium
524 605 826 656 conventus
863 596 1212 667 ParisiensiS,
1261 597 1328 653 de
1371 615 1479 671 quo
1520 596 1667 653 infra
1695 618 1723 649 »
1772 595 2036 671 (ibidem,

162 716 216 771 p·
235 698 326 848 gib
354 703 423 847 ἐξ)
443 705 786 865 εείἶῐζῐηὴῐῆε
814 787 958 846 1689
993 789 1108 844 haec
1134 788 1282 844 inter
1325 788 1434 844 alia
1459 789 1683 863 scripsit
1721 795 1878 863 pater
1907 788 2041 844 Fon-

163 889 333 959 taine,
370 887 632 944 assistens
670 885 968 962 Galliae-et
992 891 1127 941 tunc
1161 885 1384 941 Parisiis
1411 886 1637 958 degens,
1670 887 1740 942 ad
1774 905 1952 942 unum
1978 904 2041 943 ex

161 986 547 1043 assistentibus
567 986 751 1041 Romae
776 984 1251 1040 commorantibus
1278 1004 1288 1036 :

240 1104 266 1134 «
291 1082 406 1137 Non
449 1082 604 1156 potui
649 1084 933 1149 tiactenuS,
982 1098 1396 1154 quamcumque
1430 1079 1655 1135 tandem
1692 1078 2039 1151 diligentiam

161 1177 528 1244 adhibuerim,
569 1184 889 1251 susceptum
923 1177 1078 1251 prius
1112 1176 1409 1232 consilium
1444 1174 1789 1231 convocandi·
1818 1173 2041 1247 provin-

159 1273 327 1329 ciales
353 1292 482 1330 cum
508 1274 787 1348 deputatis
822 1280 914 1329 aut
946 1274 1222 1330 discutere
1252 1280 1346 1329 aut
1385 1273 1634 1329 differre.
1666 1271 1744 1326 Ad
1780 1269 2042 1326 kalendas

161 1371 472 1426 novembris
510 1371 707 1427 debent
733 1389 922 1426 omnes
947 1371 1237 1426 convenire
1257 1371 1511 1440 Parisios,
1543 1387 1604 1425 ac
1630 1375 1872 1425 statuere
1907 1368 2040 1440 quid

163 1470 431 1540 agendum
458 1487 522 1523 ex
549 1469 692 1541 juris
717 1469 973 1523 formulis
1013 1469 1070 1523 in
1097 1487 1160 1524 eo
1191 1487 1345 1538 casu,
1375 1487 1482 1540 quo
1501 1467 1835 1541 Praepositus
1876 1483 2042 1538 gene-

164 1566 294 1621 ralis
320 1566 492 1621 sactus
513 1572 594 1621 est
622 1566 838 1621 inutilis
864 1566 1117 1621 Societati
1149 1566 1206 1621 in
1227 1565 1444 1621 Gallicis
1471 1565 1773 1620 ditionibus
1798 1581 2041 1618 commo-

164 1662 327 1727 ranti;
360 1669 478 1718 turn
508 1663 654 1735 quod
686 1681 870 1735 regem
898 1663 1214 1733 offenderit,
1243 1669 1363 1731 tum
1391 1663 1538 1735 quod
1563 1667 1879 1716 nostrarum
1910 1679 2039 1734 pro-

162 1757 467 1814 vinciarum
515 1759 797 1830 regimini,
846 1759 991 1832 quod
1037 1778 1214 1814 unum
1271 1760 1582 1833 petebatur,
1638 1776 1698 1812 ex
1746 1757 1891 1829 regis
1932 1758 2039 1813 cle-

161 1853 366 1907 mentia
399 1853 683 1927 providere
713 1854 972 1911 noluerit.
1002 1853 1123 1910 Scio
1154 1874 1250 1928 ego
1282 1873 1466 1927 regem
1505 1854 2037 1910 christianissimum

160 1968 189 2005 a
217 1949 441 2005 Summo
480 1951 733 2006 Pontifice
770 1957 955 2025 petere
991 1952 1312 2024 decrevisse,
1346 1959 1407 2008 ut
1442 1958 1559 2007 rata
1591 1952 1787 2007 habeat
1823 1971 1940 2024 quac
1979 1953 2038 2007 in

159 2053 344 2103 nostro
381 2054 523 2103 coetu
567 2048 776 2104 fuerint
814 2050 1148 2119 constituta,.
1179 2069 1240 2105 ac
1284 2051 1458 2106 multo
1505 2050 1628 2123 plus
1672 2049 2037 2105 obtenturum

157 2162 295 2214 csse,
332 2162 499 2216 quam
541 2153 696 2220 pater
730 2153 918 2203 noster
957 2149 1320 2204 concessisset
1350 2174 1372 2200 »
1411 2148 1663 2221 (ibidem,
1705 2167 1827 2223 pag.
1873 2151 1940 2205 78
1984 2157 2037 2207 et

161 2241 273 2311 79).

235 2356 262 2387 «
300 2335 789 2394 Convocatiautem
818 2340 1084 2394 dicuntur
1102 2340 1466 2413 provinciales
1484 2341 1688 2395 litteris
1711 2343 2034 2414 encycliciS,

159 2438 211 2486 et
240 2450 268 2485 a
296 2438 450 2504 patre
471 2433 766 2491 assistente
792 2436 998 2504 Galliae,
1025 2444 1076 2492 et
1102 2456 1130 2492 a
1158 2444 1310 2511 patre
1327 2438 1616 2493 Francisco
1643 2439 1708 2493 de
1740 2439 1790 2492 la
1818 2438 2032 2509 Cliaisc,

158 2527 246 2580 cui
276 2528 550 2583 creditum
579 2529 974 2588 estaftirmanti
1000 2551 1058 2588 se
1084 2541 1278 2606 agente
1299 2536 1398 2588 hoc
1421 2535 1631 2590 factum
1662 2553 1804 2603 esse,
1834 2543 1896 2590 ut
1921 2555 2031 2591 non

155 2640 253 2697 per
279 2624 490 2680 litteras
521 2627 665 2699 regis
703 2629 929 2684 nomine
977 2631 1195 2698 missaS‚
1249 2632 1512 2705 regioque
1561 2633 1743 2706 sigillo
1789 2635 2034 2690 munitas

155 2730 589 2780 convocarentur
621 2748 648 2778 »
684 2727 932 2799 (ibidem,
959 2730 1159 2803 pagina
1186 2731 1304 2802 92).

233 2841 258 2871 «
291 2820 479 2876 Die14
514 2824 828 2880 novembris
867 2825 1053 2895 (1689)
1087 2827 1155 2882 ad
1195 2835 1378 2901 patres
1412 2830 1758 2900 assistenteS‚
1791 2831 1907 2904 jam
1946 2850 2032 2888 ce-

154 2916 362 2974 lebrato
388 2927 554 2990 coetu,
580 2923 694 2977 haec
726 2923 950 2998 scripsit
979 2926 1156 2997 (pater
1178 2926 1222 2981 F
1226 2929 1459 3000 ontaine)
1489 2951 1502 2981 :
1527 2929 1639 2984 Duo
1667 2938 1760 2984 aut
1794 2934 1897 2986 tria
1917 2950 2033 3003 per-

155 3013 447 3083 feceram...
475 3017 650 3072 Primo
689 3021 1012 3075 obtinuerant
1037 3031 1094 3076 ut
1123 3023 1222 3078 soli
1253 3027 1603 3097 provinciales
1625 3029 1739 3082 sine
1766 3027 1884 3081 aliis
1907 3045 2034 3099 pro·

155 3110 438 3165 vinciarum
467 3113 746 3186 deputatis,
776 3125 955 3173 contra
984 3137 1136 3191 quam
1167 3129 1418 3177 statutum
1435 3125 1631 3195 suerat,
1667 3110 1764 3179 huc
1783 3144 1838 3179 se
1866 3132 2035 3180 trans-

155 3207 373 3278 ferrent.
396 3204 632 3264 Secundo
652 3213 931 3282 effeceram
943 3225 1000 3272 ut
1014 3218 1102 3272 alii
1126 3220 1329 3274 tardius
1345 3221 1462 3275 aliis
1482 3221 1577 3276 hac
1593 3224 1940 3286 convenirent.
1956 3267 1992 3279 ..
2012 3246 2030 3288 ‚-

155 3305 290 3375 quod
312 3306 570 3361 crederem
598 3309 665 3362 ad
688 3320 892 3367 sextam
927 3317 1215 3371 novembris
1251 3318 1459 3373 litteras
1481 3318 1645 3373 Roma
1667 3322 1830 3394 accipi
1846 3340 2024 3394 posse,

156 3485 307 3533 tamen,
335 3483 421 3524 sive
445 3486 614 3526 mutatis
635 3486 677 3525 in
702 3488 850 3530 melius
868 3492 1063 3540 consiliis,
1091 3493 1177 3533 sive
1200 3493 1283 3533 alia
1307 3494 1359 3534 de
1382 3506 1517 3546 causa,
1546 3506 1627 3536 non
1649 3500 1879 3548 patrarunt.
1909 3499 2031 3551 Digni

157 3559 256 3589 sane
279 3549 357 3589 viri
382 3551 455 3603 qui
477 3564 499 3592 e
518 3553 713 3593 Societate
732 3556 1062 3606 expellerentur3
1088 3563 1127 3597 at
1150 3559 1412 3610 potentiores,
1435 3561 1554 3614 Regis
1580 3563 1719 3605 Galliae
1740 3566 1891 3619 favore,
1906 3579 2031 3619 quam

159 3617 206 3653 nt
227 3615 404 3664 potuerit
426 3617 674 3669 Praepositus
699 3619 908 3662 Generalis
935 3634 958 3661 a
982 3634 1156 3674 corpore
1179 3623 1388 3666 Societatis
1414 3637 1480 3666 eos
1504 3627 1750 3673 rescindere.
