2306 4010
866 168 1013 254 rias
1044 206 1282 254 sacuam.
1946 207 2029 254 109

223 313 276 367 4⁰
301 310 704 370 lntrusionibus
731 314 787 369 in
812 312 1133 388 Apamiensi
1156 312 1377 371 dioecesi
1403 312 1659 370 auxiliati
1682 317 1836 381 sunt,
1865 316 1919 367 et
1948 309 2030 365 in-

147 416 428 467 trusorum
452 410 905 484 jurisdictionem
946 416 1312 485 agnoverunt,
1340 417 1525 486 spreta
1568 409 1803 484 legitimi
1836 407 2027 464 vicarii

70 524 72 526 ’
147 508 470 583 capitularis
497 510 846 568 auctoritate.

224 607 279 662 5⁰
315 607 468 670 Quod
503 626 630 663 cum
659 608 764 664 sub
800 605 1379 663 excommunicatione
1416 607 1829 682 prohibuissent
1868 606 2031 662 Inno-

149 701 315 759 centii
342 703 404 758 Xl
436 703 647 773 Brevia,
686 701 1030 759 mendaciter
1060 710 1385 775 sparserunt
1426 689 1744 760 authentica
1770 722 1879 759 non
1910 721 2032 760 esse

146 799 329 855 brevia
363 801 497 868 haec,
521 799 617 855 sed
645 775 896 855 conficta.

219 897 275 951 6⁰
298 896 592 968 Postquam
627 894 975 951 authenticas
1001 893 1255 950 brevium
1281 887 1507 951 illerum
1536 897 1726 970 copias
1760 917 1858 972 per
1884 899 2033 974 ipso·

147 1010 269 1048 rum
300 993 612 1064 generalem
638 991 1026 1065 Praepositum,
1069 989 1242 1046 simul
1275 1009 1405 1062 cum
1456 991 1707 1064 ejusdem
1728 994 2026 1068 Praepositi

146 1088 510 1159 attestatione,
552 1089 695 1145 mitti
726 1094 1080 1163 procurasset
1123 1087 1388 1143 Summus
1425 1088 1693 1158 Pontifex,
1734 1091 1801 1144 ad
1850 1092 2032 1163 parla-

150 1191 398 1242 mentum
421 1185 620 1243 detulit
646 1185 1000 1261 provincialis
1020 1184 1326 1241 Tolosanus
1358 1202 1451 1240 eas
1481 1185 1795 1259 pontificias
1819 1186 2028 1256 bullaS,

150 1302 211 1339 ac
254 1284 534 1359 Praepositi
566 1283 841 1357 generalis
868 1284 1101 1352 litteras,
1134 1291 1405 1357 tanquam
1442 1290 1776 1340 attentatum
1808 1290 1862 1340 et
1889 1285 2032 1341 laesae

151 1380 448 1454 majestatis
474 1381 708 1451 crimen,
746 1401 775 1436 a
815 1400 925 1453 quo
954 1381 1072 1454 ipse
1099 1387 1150 1437 et
1183 1381 1270 1436 sui
1302 1380 1683 1437 abhorrerent.

223 1478 421 1534 Pudeat
448 1497 576 1551 ergo
606 1478 673 1534 ad
701 1479 1045 1552 perditorum
1073 1477 1344 1550 ejusmodi
1363 1477 1612 1533 virorum
1640 1479 2027 1536 auctoritatem

157 1593 463 1647 provocare.
511 1579 656 1640 Quos
704 1576 909 1632 scilicet
953 1575 1232 1649 regalismi
1281 1575 1510 1631 morbus
1542 1577 1599 1631 in
1650 1583 2025 1634 transversum

154 1681 351 1746 egerat,
389 1694 451 1730 ac
486 1675 796 1748 perduelles
828 1693 956 1748 erga
986 1675 1181 1730 Sedem
1212 1674 1571 1747 apostolicam
1600 1677 2029 1749 generalemque

150 1767 507 1844 Praepositum
535 1790 699 1827 suum
725 1771 999 1827 effecerat.
1021 1772 1085 1826 At
1113 1788 1468 1844 summopere
1495 1771 1668 1826 simul
1693 1772 2026 1843 cavendum,

148 1874 310 1939 prout
343 1869 566 1924 adnotat
600 1868 904 1925 Cardinalis
935 1850 1286 1935 SfondratuS,
1318 1886 1387 1924 ne
1412 1886 1716 1942 paucorum
1746 1872 2028 1927 membro-

147 1980 273 2018 rum
309 1969 492 2020 totum
519 1983 722 2039 corpus
751 1965 964 2038 peccati
988 1982 1147 2020 reum
1178 1964 1470 2021 faciamus
1502 1965 1560 2020 Id
1596 1985 1727 2023 sane
1753 1967 2024 2041 injustum

148 2061 283 2117 soret
330 2063 760 2135 quammaxime.
796 2063 924 2118 Eam
965 2063 1176 2136 aliquot
1204 2063 1549 2120 Jesuitarum
1599 2064 1786 2120 Galliae
1829 2067 2025 2138 agendi

147 2158 412 2215 rationem
462 2160 703 2216 Societas
733 2162 861 2216 Jesu
894 2161 1095 2230 doluit,
1140 2162 1475 2235 reprobavit,
1517 2164 1826 2234 exhorruit,
1862 2171 2028 2237 prout

146 2254 380 2311 adducta
407 2257 665 2330 superius
690 2258 1019 2312 documenta
1046 2264 1346 2314 testantur.
1368 2259 1443 2314 Ne
1468 2267 1651 2314 aulem
1682 2260 1907 2332 putrida
1928 2261 2022 2316 illa

148 2353 393 2407 membra
424 2360 715 2421 resecaret,
741 2354 1187 2427 impossibilitate
1206 2356 1546 2427 prohibitam
1565 2356 1736 2411 fuisse
1756 2357 1905 2411 haud
1926 2358 2025 2412 im-

149 2448 342 2504 merito
364 2450 548 2504 forsan
588 2450 712 2522 quis
733 2450 1067 2519 autumabit,
1096 2450 1280 2505 habita
1306 2450 1520 2506 ratione
1542 2450 2025 2523 iniquissimorum

143 2544 414 2617 ejusmodi
443 2551 778 2618 temporum.
810 2545 1027 2600 Utinam
1061 2546 1316 2601 hodierni
1341 2546 1565 2602 Jesuitae
1604 2547 1814 2617 Galliae,
1842 2549 2030 2605 deces-

144 2661 331 2698 sorum
366 2662 593 2699 suorum
618 2643 1066 2717 praevaricatione
1097 2662 1159 2698 ac
1187 2643 1350 2699 ruina
1377 2645 1727 2713 commoniti,
1759 2647 1827 2701 ab
1860 2647 2026 2703 aulici

146 2739 343 2795 favoris
376 2747 430 2796 et
472 2748 793 2813 magnatum
822 2740 1141 2797 commercii
1181 2741 1440 2815 pestifero
1468 2743 1633 2798 melle
1664 2743 1858 2799 sedulo
1882 2764 2028 2800 seni-

148 2856 242 2908 per
270 2844 517 2906 caveant,
555 2855 831 2893 memores
862 2837 990 2893 finis
1027 2837 1298 2894 instituta*
1331 2857 1361 2893 a
1402 2846 1591 2894 sancto
1623 2839 1832 2912 lgnatio
1889 2840 2029 2915 ipso-

148 2951 270 2988 rum
297 2934 605 3002 SocietatiS‚
653 2942 714 2991 ut
746 2953 965 3008 nempe,
1001 2935 1335 3008 posthabitis
1378 2935 1723 3007 quibuslibet
1750 2943 2026 3011 tempora-

151 3028 297 3084 libus
337 3031 705 3104 detrimentis,
746 3051 809 3088 ac
838 3033 1073 3107 propriae
1103 3033 1267 3088 etiam
1306 3033 1430 3088 vitae
1475 3033 1821 3101 discrimine,
1858 3040 2025 3090 totam

149 3144 206 3180 se
249 3126 314 3180 ad
360 3128 757 3184 defendendam
789 3131 982 3186 Sedem
1024 3130 1386 3204 apostolicam
1434 3131 1665 3202 ejusque
1714 3131 2025 3186 doctrinam

150 3223 450 3297 impendat,
480 3225 547 3279 ad
583 3226 803 3283 lucrum
825 3228 1142 3283 animarum
1175 3234 1228 3283 et
1254 3230 1524 3301 majorem
1560 3227 1649 3282 Dei
1683 3227 1942 3298 gloriam.
1972 3229 2024 3284 Si

150 3321 318 3393 (quod
347 3326 555 3377 avertat
581 3322 740 3394 Deus)
764 3332 826 3381 ut
847 3325 1090 3398 regionis
1124 3343 1236 3380 suae
1267 3325 1426 3380 falsis
1459 3323 1876 3397 opinationibus
1907 3344 2025 3382 sesc

148 3419 583 3487 accommodent,
622 3426 683 3474 ut
705 3439 892 3493 pacem
929 3408 1282 3494 favoremque
1313 3420 1422 3476 sibi
1449 3420 1764 3491 concilient,
1790 3428 1852 3478 ut
1873 3441 2024 3495 esraa·
2058 3465 2066 3472 ,

144 3526 445 3589 {lerator-nm
480 3526 665 3574 notam
709 3520 851 3590 (quae
906 3537 1194 3590 nunquam
1232 3537 1341 3573 non
1392 3517 1653 3576 omnibus
1700 3521 1874 3577 errori
1924 3541 2021 3595 pro

146 3615 328 3672 debito
355 3615 777 3672 adversantibus
815 3615 997 3672 inusta
1025 3621 1128 3685 cst)
1150 3614 1444 3687 effugiant,
1472 3634 1499 3672 a
1526 3617 1680 3674 Sedis
1708 3620 2021 3693 apostolicae
