2306 4010
269 109 324 155 74
941 90 1228 144 TRACTATUS
1259 87 1339 135 DE·
1358 89 1503 138 PAPA.

268 215 616 272 articulorum
636 211 930 274 doctrinam
948 220 1054 258 non
1075 197 1495 270 respuimus,sed
1518 200 1565 254 ei
1581 216 1792 272 semper
1812 192 2170 257 adhaeremus.

266 313 431 383 Quid,
461 327 670 384 quaeso,
690 295 1098 375 contigisset,·si
1120 295 1197 350 ita
1224 293 1625 373 scripsissent?
1646 295 1804 353 Haud
1824 313 1959 354 sane
1985 297 2174 356 bullas

265 409 637 468 concessisset
670 396 1022 460 Innocentius
1051 394 1158 450 XII.
1196 394 1335 450 Hinc
1369 393 1622 451 dolosam
1651 413 1815 451 suam
1851 396 2175 472 explicatio-

264 527 419 579 nem,
449 506 550 564 etsi
569 505 686 577 jam
707 501 764 554 in
779 493 1165 552 concinnanda
1179 493 1583 578 satisfactionis
1603 494 1847 551 formula
1863 497 2175 570 excogitas-

264 612 386 663 sent
414 623 475 659 ac
498 600 906 675 praeparassent
922 594 1248 651 Bossuetius
1272 600 1323 651 et
1351 593 1447 648 alii
1474 592 1645 649 aulici
1677 594 1759 664 (ut
1779 612 1846 650 ex
1866 596 2176 670 praemissis

261 697 613 758 documentis
647 696 912 767 constat),
944 693 1243 768 diligenter
1274 700 1468 750 tamen
1501 692 1796 750 siluerunt
1814 699 1870 751 et
1898 701 2175 753 secretam

258 803 576 870 servarunt,
616 802 744 852 ante
774 795 984 868 negotii
1035 794 1503 869 compositionem
1538 799 1590 850 et
1622 794 1910 851 bullarum
1946 814 2174 853 conces-

258 901 498 957 sionem.
528 896 910 952 Permiserunt
939 912 1139 969 nempe
1171 892 1602 950 satisfactoriam
1640 893 1937 969 epistolam
1976 893 2174 951 haberi

259 1017 288 1053 a
313 997 563 1053 Romano
609 992 874 1049 Pontifice
910 1010 1010 1067 pro
1043 1009 1171 1048 vera
1201 997 1443 1064 quatuor
1484 990 1856 1047 articulorum
1907 998 2175 1048 retracta-

257 1096 414 1152 tione
442 1118 452 1163 ;
489 1111 590 1149 nec
622 1092 679 1147 in
707 1109 770 1147 ea
807 1090 1117 1165 quidquam
1162 1095 1471 1165 posuerunt
1505 1089 1654 1162 quod
1684 1107 1797 1146 non
1823 1096 2013 1165 posset
2038 1091 2176 1147 huic

259 1192 709 1269 interpretationi
740 1207 1075 1264 congruere,
1117 1189 1250 1262 quia
1290 1188 1346 1244 id
1378 1188 1608 1244 omnino
1638 1189 2025 1246 necessarium
2056 1196 2177 1247 erat

259 1301 321 1350 ut
348 1293 516 1350 bullae
543 1291 956 1347 obtinerentur.
987 1289 1051 1345 At
1081 1294 1203 1364 post
1236 1288 1616 1364 compositum
1645 1289 1954 1361 negotium,
1999 1307 2178 1363 coepe-

258 1399 390 1448 runt
417 1395 721 1466 praeparato
742 1389 800 1444 in
829 1395 1186 1445 antecessum
1205 1387 1415 1460 effugio
1438 1387 1542 1443 uti.
1571 1387 1769 1444 Misera
1791 1406 1926 1445 sane
1950 1407 2013 1444 ac
2034 1407 2176 1444 vana

256 1492 530 1548 dolositas
550 1489 562 1546 ἲ.
583 1490 719 1545 Nam
750 1489 847 1564 qui
867 1488 1163 1563 epistolam
1193 1488 1567 1562 scripserunt,
1590 1487 1999 1544 nisivoluerint
2020 1505 2175 1542 men-

258 1592 354 1647 tiri
374 1610 435 1647 ac
452 1591 752 1646 Summum
770 1587 1091 1646 Pontificem
1117 1587 1396 1662 decipere,
1425 1586 1693 1643 censendi
1722 1591 1856 1642 sunt
1885 1604 2007 1641 eam
2030 1586 2167 1641 scri-

259 1691 436 1765 psisse
464 1690 521 1744 in
549 1708 612 1745 eo
655 1707 846 1760 senSU,
886 1707 996 1761 quo
1030 1707 1154 1743 eain
1185 1688 1539 1760 intelligebat
1583 1687 1856 1742 Summus
1892 1686 2168 1759 Pontifex,

261 1795 311 1845 et
350 1807 460 1864 quo
489 1789 745 1845 volebant
773 1806 895 1843 eam
929 1788 1141 1862 abipso
1180 1787 1442 1860 intelligi.

321 1891 374 1944 5⁰
398 1888 675 1944 Sincerior
695 1887 1037 1943 furibundus
1053 1886 1353 1942 advocatus
1375 1885 1701 1954 Cliauvelin,
1721 1885 1819 1959 qui
1839 1903 1909 1941 ne
1927 1885 1983 1940 in
2004 1904 2174 1959 quaes-

258 1987 469 2044 tionem
494 1987 722 2060 quidem
755 1992 935 2055 vocat,
968 2006 1107 2042 num
1135 1986 1281 2042 dicta
1312 1987 1550 2060 epistola
1582 1985 1694 2042 vim
1727 2004 1870 2041 verae
1897 1991 2169 2042 retracta-

259 2085 430 2141 tionis
459 2085 743 2141 hahuerit.
782 2085 868 2140 Sic
909 2085 1117 2159 quippe
1150 2085 1208 2140 in
1252 2085 1406 2140 illam
1447 2084 1733 2140 invehitur
1765 2084 2063 2156 (Tradilion
2083 2085 2176 2140 des

254 2189 399 2259 Ῐαὶῐε,
431 2206 485 2260 p.
528 2186 638 2243 266
678 2193 731 2242 et
761 2186 916 2258 274).
957 2206 982 2237 «
1014 2184 1151 2248 Quel
1187 2184 1453 2240 scandale
1485 2202 1556 2239 ne
1594 2184 1905 2243 donnerent
1943 2201 2043 2258 pas
2089 2184 2172 2240 les

250 2273 501 2357 Eveques
529 2285 649 2357 qui,
683 2284 940 2340 oubliant
968 2283 1136 2355 qu'ils
1164 2282 1374 2338 etaient
1396 2282 1681 2351 FraneaiS,
1723 2301 1781 2338 se
1806 2282 2171 2352 detaclierent

251 2383 326 2438 du
352 2388 499 2439 reste
534 2382 602 2439 de
631 2382 684 2437 la
716 2381 912 2438 na'tion
945 2400 1088 2457 pour
1131 2384 1487 2438 reconnaitre
1527 2399 1617 2436 ces
1673 2380 1915 2454 injustos
1943 2383 2170 2453 preten-

254 2482 400 2538 tions
437 2487 489 2536 et
528 2481 835 2536 demander
864 2482 1258 2537 humblement
1289 2481 1503 2554 pardon
1531 2480 1599 2535 de
1628 2498 1689 2535 ce
1716 2479 1813 2550 qui
1847 2478 2036 2534 s'etait
2065 2479 2164 2534 fait

252 2579 393 2634 dans
419 2578 773 2633 l'assemblee
801 2579 874 2633 du
903 2579 1087 2651 clerge
1108 2579 1177 2633 de
1210 2579 1354 2634 1682
1382 2580 1392 2632 !
1425 2578 1728 2632 De'scevouer
1754 2578 1826 2632 les
1864 2586 2049 2650 ‹chcttre
2077 2596 2170 2632 ar·
2255 2636 2271 2644 ,

258 2678 422 2747 ticIeS,
446 2695 661 2732 comme
680 2677 843 2732 tirent
862 2677 943 2732 les
968 2666 1214 2750 Eveques
1234 2676 1372 2731 dans
1391 2677 1513 2731 leur
1545 2676 1707 2732 lettre
1734 2679 1764 2732 a
1791 2677 2057 2732 Innocent
2079 2677 2167 2732 XII

259 2782 309 2831 et
341 2780 648 2848 promettre
679 2793 749 2830 au
769 2775 909 2849 Pape
929 2793 1039 2830 une
1066 2775 1341 2849 profonde
1369 2774 1694 2830 obeissance
1723 2793 1823 2850 par
1849 2775 2165 2851 opposition

258 2877 287 2930 a
317 2893 407 2931 ces
439 2875 685 2944 articleS,
723 2874 1007 2930 n'etait-ce
1038 2893 1135 2949 pas
1165 2874 1530 2930 abandonncr
1562 2874 1880 2931 lachement
1909 2894 2010 2931 son
2039 2894 2170 2932 sou-

256 2975 446 3032 verain
477 2981 529 3031 et
557 2993 616 3030 se
645 2974 847 3030 rendre
882 2976 1154 3050 coupable
1177 2974 1344 3030 d'unc
1372 2975 1642 3030 infidelite
1669 2975 1928 3031 formelle
1963 2993 2160 3032 envers

255 3077 375 3132 lui‘?
407 3076 520 3132 Une
552 3075 850 3133 demarche
885 3080 1030 3133 aussi
1059 3077 1346 3133 criminelle
1382 3095 1451 3133 ne
1499 3077 1770 3133 montrait
1800 3095 1909 3150 que
1936 3083 2063 3152 trop
2089 3078 2168 3134 vi-

259 3177 556 3234 siblement
585 3195 692 3250 que
718 3178 768 3234 Ia
792 3178 1013 3253 plupart
1066 3177 1132 3233 de
1163 3196 1300 3235 ceux
1330 3178 1427 3252 qui
1453 3179 1674 3235 avaient
1708 3178 1866 3250 signe
1893 3179 1947 3235 la
1982 3178 2167 3234 decla-

258 3273 440 3330 ration
471 3276 538 3331 de
575 3275 723 3332 1682
750 3293 820 3330 ne
860 3275 938 3351 s'y
977 3276 1183 3332 etaient
1217 3281 1394 3350 preses
1430 3296 1527 3350 qne
1566 3296 1670 3351 par
1713 3285 1916 3350 respect
1955 3276 2168 3331 humain

261 3378 314 3429 et
348 3392 458 3446 que
484 3377 613 3433 dans
636 3378 685 3433 le
715 3378 848 3451 fond
876 3378 946 3432 du
967 3395 1104 3433 coeur
1133 3377 1202 3434 ils
1231 3378 1618 3435 conservaient
1647 3397 1731 3434 ces
1755 3377 2063 3432 sentiments
2089 3376 2170 3431 ul-

265 3474 638 3529 tramontains!
681 3495 707 3526 »

339 3569 568 3626 Alienus
588 3570 719 3628 item
738 3592 767 3629 a
781 3573 1144 3631 Bossuetiana
1160 3571 1846 3649 explicationeLegendre,
1864 3570 2169 3646 Archiepis-
