2306 4010
343 153 431 200 146
509 144 517 151 ’
797 100 803 106 ·
1015 136 1306 188 TRACTATUS
1336 135 1403 183 DE
1433 133 1576 182 ΡΑΡΑ.

343 273 405 315 ac
427 264 650 332 quatuor
672 257 727 311 in
755 271 819 310 ea
851 254 1118 315 conteritas
1134 244 1526 319 propositiones
1546 242 1606 298 in
1625 241 1973 318 supradictis
1996 243 2245 303 comitiis
2289 255 2293 259 ’

341 356 480 414 cleri
511 349 781 410 Gallicani
821 364 966 404 anno
991 342 1137 400 1682
1164 340 1374 398 habitis
1415 346 1538 398 acta
1571 346 1626 398 et
1647 346 1802 415 gesta
1829 341 2084 414 fuerunt,
2126 341 2250 417 ipso

337 453 467 526 jure
502 449 680 516 nulla,
710 445 893 511 irrita,
928 439 1192 511 invalida,
1215 439 1483 497 inania...
1508 439 1577 496 ab
1598 439 1761 497 initio
1785 440 1963 498 fuisse
1982 446 2036 497 et
2054 459 2249 498 esse...

340 549 687 605 declaramus
713 546 766 598 et
791 539 1150 596 decernimus
1177 544 1266 596 :et
1290 538 1667 596 nihilominus
1686 538 1755 594 ad
1782 539 2251 598 abundantiorem

336 643 613 702 cautelam
642 645 694 696 et
710 643 991 712 quatenus
1017 656 1159 713 opus
1179 638 1273 707 sit,
1297 643 1419 694 acta
1443 643 1496 694 et
1513 643 1666 711 gesta
1687 637 1992 713 praefata...
2019 657 2251 696 menom-

332 760 445 809 nus,
472 755 783 809 cassamuS,
812 736 1128 794 irritamus.
1158 758 1185 790 »
1211 737 1523 811 (Integrum
1550 736 1723 811 hujus
1740 736 1909 792 bullae
1926 743 2145 794 textum
2163 756 2255 795 re-

332 839 517 915 peries
546 839 604 894 in
642 837 884 894 Baliario
916 837 1174 906 Romano,
1202 842 1356 893 tomo
1398 837 1483 906 IX,
1513 835 1715 911 pagina
1751 836 1846 906 58,
1877 836 2011 893 edit.
2038 837 2251 909 Romae,

335 939 532 1013 1754.)
565 938 723 994 Notet
759 937 936 994 lector
963 953 1156 993 vocem
1206 935 1367 992 illam
1415 938 1770 1010 improbamus
1797 936 1996 994 cadere
2023 937 2253 994 omnino

332 1040 390 1095 in
421 1038 839 1095 declarationem
867 1038 931 1093 de
967 1044 1228 1113 potestate
1255 1037 1616 1093 ecclesiastica
1639 1035 1774 1093 etin
1806 1045 2035 1109 quatuor
2056 1055 2254 1112 propo-

331 1141 544 1195 sitiones
571 1139 627 1192 in
651 1154 715 1191 ea
744 1144 1035 1192 contentas.
1066 1135 1219 1192 Unde
1250 1141 1495 1210 quatuor
1521 1135 1655 1192 anni
1687 1135 1835 1191 1682
1859 1136 2131 1192 articulos
2155 1154 2254 1192 seu

331 1236 740 1313 propositiones
787 1242 982 1293 tenere
1014 1254 1078 1292 ac
1104 1253 1483 1310 propugnare,
1519 1234 1750 1292 omnino
1780 1240 1863 1292 cst
1896 1252 2255 1310 propugnare

333 1355 397 1394 ac
433 1343 627 1394 tenere
676 1336 994 1393 doctrinam
1032 1356 1062 1392 a
1088 1335 1226 1392 Sede
1253 1335 1566 1410 Apostolica
1592 1338 1949 1410 reprobatam.
1979 1335 2252 1409 Equidem

331 1443 492 1494 notas
530 1436 873 1510 theologicas
912 1435 983 1491 iis
1022 1442 1262 1510 quatuor
1285 1434 1538 1492 articulis
1561 1435 1816 1491 nondum
1847 1434 2058 1491 inussit
2085 1433 2254 1489 Sedes

331 1538 648 1614 Apostolica
677 1559 687 1592 :
715 1537 772 1593 id
797 1556 925 1594 vero
961 1555 1076 1593 non
1105 1535 1343 1610 impedit
1372 1535 1511 1608 quin
1539 1534 1856 1591 certissime
1884 1551 1979 1590 eos
2004 1534 2251 1607 reproba-

331 1640 484 1706 verit,
516 1637 863 1709 proindeque
890 1635 1368 1693 condemnaverit.
1403 1634 1519 1699 Qua
1550 1635 1767 1691 ratione
1793 1634 2005 1707 absque
2037 1631 2251 1706 ingenti

332 1739 493 1790 reatu
520 1734 699 1789 teneri
727 1735 1033 1807 docerique
1072 1734 1249 1791 valeat
1285 1733 1540 1790 doctrina
1582 1733 1739 1790 Sedis
1770 1732 2099 1808 Apostolicae
2125 1749 2256 1787 auc-

335 1832 563 1889 toritate
598 1835 902 1906 reprobata,
935 1832 1179 1890 viderint
1205 1832 1502 1901 Gallicani,
1532 1833 1775 1889 viderint
1807 1829 2258 1905 congregationis

337 1931 525 1988 saneti
548 1931 777 2007 sulpitii
809 1917 1146 2007 presbyteri,
1171 1932 1267 2005 qui
1295 1938 1464 2007 prout
1491 1939 1761 2007 perpetuo
1784 1937 1968 2002 antea,
1994 1929 2255 1986 videlicet

339 2048 369 2085 a
396 2035 651 2104 tempore
679 2029 833 2086 tertii
881 2030 972 2086 sui
997 2029 1308 2104 superioris
1347 2029 1628 2103 generalis
1655 2029 1870 2086 domini
1900 2030 2153 2084 Tronson
2173 2027 2256 2083 in·
2300 2081 2304 2084 .

342 2128 572 2196 clusive,
605 2127 683 2184 ita
711 2128 875 2184 hodie
901 2128 1108 2199 adhuc,
1134 2146 1243 2202 qua
1271 2127 1522 2202 scriptiS‚
1548 2147 1660 2202 qua
1686 2128 1806 2184 suis
1832 2128 1900 2184 ad
1927 2128 2263 2186 seminario-

340 2245 466 2282 rum
513 2227 774 2282 alumnos
815 2227 1272 2302 praelectionibus
1315 2228 1533 2283 liberam
1588 2247 1651 2284 ac
1692 2228 1890 2283 licitam
1924 2228 2157 2284 edocent
2196 2245 2260 2283 ac

340 2331 699 2400 propugnant
731 2332 975 2398 quatuor
1015 2325 1386 2382 articulorum
1415 2326 1752 2397 doctrinam,
1797 2344 1828 2383 a
1867 2325 2005 2383 Sede
2029 2327 2260 2402 Aposto-

339 2423 448 2480 lica
473 2424 836 2498 reprobatam.

417 2519 635 2578 Bullam
666 2541 830 2578 suam
857 2523 1001 2579 Inter
1030 2524 1344 2597 multiplices
1370 2523 1642 2580 Ludovico
1659 2524 1764 2580 XIV
1782 2522 2091 2581 notificavit
2115 2523 2260 2599 ipse-

344 2627 458 2676 met
482 2619 791 2674 Alexander
815 2621 948 2690 VIII,
975 2639 1075 2695 per
1104 2620 1275 2679 Breve
1301 2623 1554 2696 ejusdem
1581 2624 1691 2680 diei
1720 2621 1791 2680 50
1813 2623 2060 2698 januarii
2088 2623 2258 2692 1691,

346 2718 403 2774 in
437 2736 548 2791 quo
576 2717 678 2788 sic,
711 2717 959 2774 instante
978 2719 1095 2791 jam
1126 2726 1329 2791 morte,
1356 2722 1607 2779 Pontifex
1634 2723 1919 2797 eloquitur
1944 2744 1955 2776 ι

425 2839 451 2870 «
489 2817 625 2872 Cum
649 2817 707 2871 in
747 2835 1114 2891 summopere
1145 2819 1451 2875 metuendo
1479 2823 1736 2878 mortalis
1772 2822 1945 2896 hujus
1971 2821 2099 2878 vitae
2128 2839 2260 2878 con-

346 2915 479 2972 finio
510 2915 823 2985 constituti,
859 2916 926 2971 de
963 2916 1247 2973 reddenda
1285 2916 1465 2990 judici
1501 2918 1756 2975 districto
1786 2924 1836 2975 et
1888 2920 2141 2994 pulsanti
2169 2920 2263 2978 de-

350 3016 629 3072 mandatae
655 3014 818 3071 nobis
844 3014 901 3070 in
929 3015 1173 3072 Ecclesia
1206 3016 1295 3072 Dei
1323 3034 1600 3091 supremae
1631 3017 2143 3092 administrationis
2171 3036 2262 3075 ra-

346 3113 498 3170 tione
559 3113 707 3170 serio
766 3113 1099 3186 cogitemus,
1157 3122 1482 3171 nostrarum
1546 3133 1670 3172 esse
1731 3117 1981 3191 partium
2033 3117 2263 3173 omnino

349 3213 636 3283 duximuS‚
684 3212 846 3269 irrita
879 3219 1046 3288 atque
1088 3212 1277 3269 inania
1334 3212 1622 3269 declarare
1666 3213 1855 3270 omnia
1889 3232 2013 3288 quae
2054 3214 2266 3288 aliquot

347 3310 415 3365 ab
451 3311 584 3368 hinc
633 3311 796 3369 annis
839 3311 899 3367 in
949 3311 1053 3368 isto
1094 3329 1267 3386 regno
1296 3318 1416 3384 tue,
1452 3312 1566 3369 sive
1593 3314 1860 3370 adversus
1887 3312 2262 3369 Ecclesiarum

349 3409 600 3482 ejusdem
640 3411 798 3486 regni
840 3430 1328 3487 personarumque
1370 3418 1423 3468 et
1460 3412 1716 3470 locorum
1751 3411 2263 3468 ecclesiasticorum

341 3505 495 3579 jura,
534 3510 648 3567 sive
693 3512 831 3568 alias
859 3513 1126 3570 adversus
1158 3512 1399 3570 Romani
1418 3512 1727 3583 Pont-ificis‚
1755 3510 2088 3586 Apostolicae
2109 3510 2265 3567 Sedis

348 3605 718 3681 Ecclesiaeque
750 3613 1025 3672 universae
1058 3613 1465 3672 authoritatem
1496 3619 1640 3683 acta,
1677 3616 1831 3686 gesta
1875 3617 1931 3667 et.
1964 3610 2270 3687 respective
2302 3633 2306 3662 ι
