2306 4010
883 183 1005 229 PARS
1034 181 1270 230 SECUNDA.
1963 183 2023 229 45

46 330 60 362 5
136 299 591 368 repraesentantes,
622 314 650 346 »
689 293 751 349 At
798 308 980 365 neque
1009 277 1679 362 GallicanamEcclesiam
1714 306 2019 364 repraesen-

136 382 346 462 tarunt,
373 409 476 448 nec
502 408 694 448 eorum
722 388 1055 447 coadunatio
1082 388 1188 445 fuit
1215 405 1380 446 verus
1405 389 1531 445 cleri
1554 395 1854 445 conventus.
1883 386 2019 443 Nam

132 495 438 545 conventus
467 489 593 545 illos
628 489 724 561 qui
753 489 876 544 cleri
898 485 1261 558 vocabantur,
1298 485 1710 543 constituebant
1734 484 1815 540 illi
1845 483 2019 541 antis-

133 589 258 644 tites
294 595 346 644 et
369 588 462 643 alii
494 587 680 644 clerici
711 604 852 660 quos
875 583 1222 656 singularum
1249 584 1664 659 provinciarum
1685 583 2020 643 ecclesiasti-

129 704 323 742 carum
353 687 521 742 clerus
548 685 781 758 eligebat
817 688 868 738 et
903 680 1223 754 deputabat,
1252 689 1305 738 et
1335 683 1541 754 quibus
1571 700 1672 758 per
1698 687 2019 758 procurato-

132 783 278 839 rium
326 780 649 838 mandatum
702 779 1022 835 facultatem
1068 777 1352 834 tribuebat
1401 785 1550 834 certa
1606 780 1821 854 negotia
1850 786 2019 838 ,certo

135 879 297 935 modo
338 875 614 934 tractandi
657 882 711 931 et
742 874 1089 950 expediendi.
1135 874 1199 930 Et
1245 874 1499 930 solebant
1540 876 1619 930 sic
1660 877 1913 951 deputari
1956 897 2019 935 ex

132 992 464 1049 unaquaque
496 974 778 1050 provincia
811 973 1064 1048 Episcopi
1105 973 1237 1042 du0,
1274 991 1402 1029 cum
1437 973 1658 1029 duobus
1693 974 1818 1029 aliis
1848 993 1912 1031 ex
1937 977 2020 1033 in-

130 1071 317 1127 feriori
337 1070 531 1127 ordine
555 1070 793 1127 clericis,
823 1069 917 1126 Isti
941 1087 1142 1144 nempe
1161 1069 1384 1125 comitia
1410 1087 1508 1125 seu
1534 1087 1692 1125 veros
1719 1076 2021 1127 conventus

131 1168 271 1231 cleri„
302 1167 733 1223 constituebant.
780 1167 947 1222 Porro
995 1174 1300 1223 conventus
1354 1166 1486 1222 anni
1540 1166 1686 1222 1682
1737 1169 2021 1224 constabat

128 1267 355 1340 quidem
389 1266 605 1322 duobus
635 1284 699 1322 ex
726 1284 1061 1340 unaquaque
1098 1266 1382 1340 provincia
1426 1265 1761 1340 praesulibus
1800 1272 1850 1322 et
1884 1267 2019 1323 duo-

128 1366 230 1421 bus
277 1365 505 1421 secundi
551 1365 787 1422 ordiniS.
832 1366 924 1420 Ast
971 1364 1106 1421 istos
1148 1383 1340 1421 omnes
1385 1364 1622 1437 elegerat
1659 1372 1712 1420 et
1761 1365 2014 1439 deputari

117 1467 361 1538 jusserat
392 1482 508 1521 rex.
545 1465 707 1520 Nulla
735 1464 968 1532 scilicet,
997 1470 1059 1519 ut
1082 1481 1251 1538 supra
1279 1462 1546 1532 vidimus,
1570 1463 1765 1518 relicta
1789 1463 2017 1520 libertas

123 1555 566 1635 uniuscujusque
588 1561 880 1635 provinciae
907 1561 1076 1629 cler0,
1103 1560 1286 1633 quoad
1318 1561 1645 1617 electionem
1674 1567 1724 1616 et
1751 1579 2014 1635 procura-

126 1659 349 1715 tionem.
386 1661 561 1732 Igitur
585 1659 787 1742 falsum
820 1677 1050 1732 prorsus
1075 1666 1180 1727 est,
1224 1659 1359 1714 istos
1386 1659 1682 1732 deputatos
1709 1657 1834 1712 cleri
1855 1658 2013 1730 depu-

124 1766 259 1813 tatos
294 1744 489 1813 fuisse.
513 1759 586 1812 Ac
618 1757 847 1832 proinde
876 1763 1183 1812 conventus
1227 1774 1291 1812 ex
1337 1756 1472 1830 ipsis
1505 1756 1774 1811 conflatus
1800 1774 2009 1829 nequa-

121 1873 287 1927 quam
306 1855 413 1910 fuit
435 1855 556 1910 cleri
583 1862 880 1910 conventu&
907 1853 1032 1910 Fuit
1055 1854 1366 1923 dumtaxat,
1388 1860 1448 1910 ut
1471 1854 1670 1909 asserit
1697 1860 2012 1929 protestans

121 1953 508 2022 Leibnitz‚1me
556 1957 775 2027 poiyne'e
813 1943 1101 2026 d’Eveiques
1139 1954 1203 2009 cle
1234 1971 1428 2010 cour...
1475 1953 1726 2009 insolents
1767 1963 1817 2010 et
1863 1955 2012 2010 de'so-

30 2040 35 2078 s
120 2052 371 2106 be'issants
412 2054 462 2126 (a
494 2050 703 2124 l’egard
734 2051 810 2106 du
851 2051 1013 2125 Pape)
1055 2070 1123 2106 au
1168 2052 1374 2107 dernier
1409 2053 1577 2124 point.
1629 2051 1821 2116 «Quid
1864 2051 2011 2107 enim

129 2155 209 2204 est
241 2149 344 2206 iste
373 2156 675 2206 conventus
708 2150 914 2224 (aiebat
948 2149 1266 2206 Innocentio
1296 2150 1452 2225 Papae
1481 2150 1543 2204 XI
1575 2150 1819 2206 vicarius
1864 2151 2012 2226 capi—

132 2246 324 2300 tularis
361 2246 708 2320 Apamiensis
753 2247 955 2317 Cerlcs)
1000 2253 1115 2302 tam
1158 2247 1543 2302 fraudulenter
1580 2253 1848 2319 tantoque
1894 2266 2011 2302 om—

131 2342 288 2396 nium
321 2360 595 2397 canonum
632 2350 952 2417 contemptu
987 2351 1235 2411 coactUS,
1275 2351 1387 2399 tam
1432 2345 1649 2399 scenica
1682 2363 1880 2417 pompa
1919 2347 2012 2399 ha-

128 2437 296 2507 bitus,
330 2445 443 2493 tam
486 2440 625 2495 aulae
660 2440 861 2495 studiis
908 2440 1261 2508 addictuS...‚
1306 2445 1418 2494 tam
1461 2441 1763 2514 proditorie
1788 2442 2007 2515 regalia*

124 2533 499 2603 consentiens,
534 2540 645 2589 tam
674 2535 915 2591 inaniter
948 2535 1102 2590 vobis
1147 2536 1420 2604 scribenS,
1462 2544 1578 2592 tam
1607 2537 1847 2609 denique
1872 2539 2003 2593 cleri

123 2630 380 2685 Gallicani
417 2630 657 2705 antiquae
695 2632 882 2704 gloriae
918 2650 980 2688 ac
1020 2633 1076 2687 in
1121 2639 1369 2688 sanctam
1409 2634 1599 2689 Sedem
1649 2635 2004 2690 observantiae

123 2726 436 2796 immemor,
466 2727 623 2800 quid,
653 2729 904 2802 inquam,
935 2735 1016 2785 est
1055 2729 1158 2784 iste
1185 2737 1510 2800 conventuS,
1553 2749 1722 2804 quam
1752 2731 2003 2788 Ecclesiae

123 2824 406 2896 magnifica
439 2827 846 2900 supplantatio?
869 2850 895 2880 »
930 2828 1123 2902 (Epist.
1156 2829 1225 2884 15
1251 2830 1443 2904 aprilis
1475 2830 1638 2899 1682,
1674 2831 1821 2906 apud
1848 2831 2003 2887 Sfon-

120 2915 286 2991 drat.,
320 2923 492 2980 Gallia
518 2925 804 2994 vindicata,
836 2945 890 3000 p.
926 2925 1056 2982 550.
1090 2926 1401 2998 Saint-Gall,
1432 2927 1624 3000 1702).

170 3114 193 3164 S
221 3115 257 3154 3.
288 3138 339 3145 —
367 3116 558 3170 Episcopi
582 3123 622 3159 et
646 3119 716 3160 alii
742 3121 896 3172 quibus
919 3121 1121 3162 conflatus
1146 3127 1208 3163 est
1231 3127 1458 3164 conventus
1481 3122 1579 3163 anni
1604 3123 1656 3164 16
1687 3124 1725 3171 2,
1754 3123 1882 3164 variis
1905 3135 1954 3163 ex

722 3187 926 3239 capitibus
951 3189 1115 3229 excludi
1136 3190 1396 3231 debuissent.

191 3318 533 3374 Exclusionis
554 3337 757 3390 causae,
786 3322 907 3378 aliae
931 3324 1214 3395 generales
1241 3343 1339 3379 seu
1362 3324 1623 3380 omnibus
1645 3343 1991 3390 communeS,

120 3414 478 3486 particulares
510 3415 653 3470 aliae.

195 3510 247 3565 1⁰
272 3511 608 3567 Excludendi
629 3531 819 3568 omnes
841 3521 1022 3583 erant,
1043 3532 1106 3569 ex
1125 3532 1188 3569 eo
1210 3515 1356 3589 quod
1375 3534 1486 3571 non
1504 3517 1738 3575 fuissent
1760 3520 1934 3576 libere
1961 3541 1986 3575 a

117 3610 260 3665 clero
277 3612 434 3669 electi
454 3631 516 3669 ac
533 3613 803 3688 deputati,
826 3620 986 3689 prout
1006 3621 1220 3672 constat
1239 3635 1302 3671 ex
1323 3618 1598 3694 superiori
1618 3622 1986 3696 paragrapho.
