2306 4010
841 182 972 230 PARS
1002 175 1260 231 SECUNDA(
1900 183 1988 232 145

109 292 296 349 ficiens
342 307 473 348 sane
508 307 619 345 non
657 280 762 346 fuit
804 294 865 345 ut
913 295 1224 365 opportuna
1272 289 1600 366 documenta
1648 289 1717 347 de
1753 308 1815 347 re
1843 290 1986 348 tanti

108 389 373 446 momenti
399 388 564 445 Sedes
595 388 631 442 A
639 387 906 463 postolica
930 387 1199 464 reciperet
1220 406 1281 444 ac
1308 389 1660 464 expenderet.
1689 387 1864 462 Igitur
1891 390 1985 446 ab-

107 505 239 545 sone
273 505 501 565 prorsus
545 485 671 559 quis
698 487 756 541 in
775 485 1014 559 gratiam
1045 492 1285 560 quatuor
1309 485 1676 543 articulorum
1700 493 1981 561 argueret,

104 603 169 641 ex
205 603 268 642 eo
300 584 445 658 quod
477 583 631 640 nulla
680 583 746 639 de
778 582 913 656 ipsis
945 582 1154 638 mentio
1188 582 1245 638 in
1275 582 1429 640 Brevi
1462 584 1767 640 Innocentii
1792 585 1857 639 XI
1897 603 1984 642 re-

104 682 372 755 periatur.
2013 679 2018 684 ’

176 780 380 835 Dictam
399 796 526 834 vero
542 776 678 833 cleri
697 775 965 831 Gallicani
985 776 1422 833 declarationem
1438 780 1571 834 anni
1589 781 1758 850 1682,
1782 787 1835 838 et
1854 799 1984 854 qua·

101 883 226 932 tuor
250 874 309 929 in
337 893 397 930 ea
430 878 720 930 contentos
754 871 1020 928 articulos
1042 872 1357 945 reprobavit
1389 873 1698 930 Alexander
1724 875 1850 933 VIlI.
1891 878 1984 934 Die

101 971 307 1028 scilicet
351 972 383 1026 4
413 969 634 1042 augusti
670 967 838 1039 1690,
869 968 924 1023 id
963 968 1270 1042 est,primo
1308 969 1394 1024 sui
1419 969 1776 1026 Pontificatus
1814 991 1979 1043 ann0,

102 1067 429 1143 subscripsit
472 1067 728 1123 laudatus
761 1066 1005 1123 Pontifex
1042 1066 1425 1122 constitutioni
1470 1085 1584 1123 suae
1628 1068 1771 1123 Inter
1807 1071 1983 1124 multi-

98 1161 275 1234 pliceS,
302 1177 425 1231 quae
452 1165 566 1214 tam
593 1157 812 1230 regaliae
838 1157 1216 1214 extensionem
1240 1177 1407 1231 quam
1433 1158 1608 1214 dictos
1628 1164 1870 1230 quatuor
1893 1177 1981 1215 ar-

103 1257 295 1313 ticulos
319 1255 650 1329 reprobabat
668 1261 719 1311 et
739 1254 1061 1311 annulabat.
1085 1255 1323 1328 Sperans
1348 1262 1537 1312 tamen
1569 1255 1685 1311 fore
1706 1262 1768 1312 ut
1793 1257 1982 1312 clerus

102 1353 216 1428 ips‘e
263 1352 572 1408 Gallicanus
625 1358 865 1424 quatuor
912 1353 1177 1408 articulos
1231 1358 1578 1424 retractaret,
1636 1353 1982 1427 publicandae

103 1450 254 1506 dictae
281 1449 661 1506 constitutioni
706 1450 1039 1524 supersedit.
1086 1449 1443 1506 Postmodum
1471 1468 1598 1506 vcro
1629 1450 1868 1522 graviter
1891 1451 1982 1506 de-

105 1548 365 1603 cumbens
402 1565 842 1621 supremumque
869 1547 975 1603 sibi
1008 1547 1155 1602 diem
1189 1547 1396 1603 instare
1422 1547 1761 1620 intelligenS,
1791 1548 1847 1602 id
1873 1555 1976 1617 est,

106 1644 191 1701 die
218 1644 285 1701 50
317 1645 557 1717 januarii
599 1645 736 1701 1691
783 1663 880 1700 seu
923 1644 1093 1700 biduo
1134 1651 1260 1700 ante
1296 1645 1472 1718 ipsius
1505 1645 1742 1715 obitum,
1784 1665 1979 1702 convo-

105 1740 236 1797 catis
275 1741 340 1796 12
382 1741 783 1810 cardinalibuS,
819 1741 1150 1814 duobusque
1192 1741 1586 1815 protonotariis
1633 1740 1974 1815 apostolicis,

99 1855 215 1893 cam
240 1838 343 1911 legi
367 1839 625 1914 praecepit
649 1857 711 1895 ac
739 1856 922 1894 coram
951 1838 1088 1912 ipsis
1115 1838 1439 1912 publicavit.
1478 1837 1551 1894 De
1577 1838 1852 1911 ejusmodi
1879 1859 1979 1913 pu-

98 1933 383 1994 blicatione
423 1938 585 2011 plene
630 1942 845 1994 constat
898 1937 1273 1993 instrumento
1309 1937 1555 2012 publico,
1601 1937 1749 2010 quod
1797 1944 1976 1994 trans-

0 2089 1 2096 ,
98 2033 331 2107 criptum
347 2036 402 2090 in
417 2042 638 2106 extenso
654 2037 899 2111 reperies
919 2037 1067 2110 apud
1083 2036 1306 2091 Bianchi
1333 2037 1577 2110 (Pol-esta
1600 2037 1739 2092 della
1760 2037 1970 2107 Chiesa,

0 2135 1 2139 ’
97 2134 242 2185 tomo
269 2132 334 2198 ΙΙ,
355 2151 476 2203 pag.
505 2134 636 2201 654,
663 2134 793 2188 edit.
815 2134 1022 2203 Romae,
1049 2134 1241 2204 1745),
1270 2140 1324 2189 et
1345 2134 1492 2206 apud
1520 2134 1774 2191 Zaccaria
1800 2134 1971 2207 (Anci-

99 2227 352 2294 febroni0,
382 2232 535 2296 parte
577 2228 618 2295 l,
657 2230 875 2285 dissert.
917 2250 970 2298 11,
1009 2248 1057 2284 c.
1088 2249 1140 2296 X,
1170 2247 1228 2284 n.
1255 2230 1310 2299 8,
1339 2230 1482 2284 facta
1514 2231 1884 2287 translatione
1912 2231 1967 2286 in

102 2317 359 2388 gallicum
399 2317 598 2373 idioma
642 2339 671 2374 a
705 2323 758 2375 D.
797 2323 1017 2392 Peltier,
1050 2331 1093 2376 t.
1137 2322 1201 2390 ll,
1241 2341 1365 2395 pag.
1395 2323 1526 2389 289,
1570 2324 1742 2391 Paris,
1781 2325 1971 2393 1859).

175 2411 245 2466 Ex
271 2410 388 2486 ipsa
431 2418 614 2468 autern
667 2415 1059 2470 constitutione
1103 2415 1244 2469 Inter
1278 2416 1586 2488 multiplices
1619 2422 1704 2471 sat
1727 2417 1830 2472 erit
1859 2418 1974 2474 haec

103 2526 269 2581 pauca
290 2510 658 2567 transcribere
684 2533 693 2564 :

172 2629 197 2657 «
219 2607 289 2662 Ac
323 2607 497 2663 felicis
518 2609 916 2665 recordationis
946 2611 1253 2667 Innocentii
1282 2611 1435 2684 Papae
1459 2611 1519 2666 XI
1545 2613 1966 2685 praedecessoris

99 2702 290 2771 nostri,
320 2703 415 2775 qui
455 2704 510 2758 in
537 2705 822 2761 occasione
852 2706 1190 2762 rescribendi
1234 2707 1301 2762 ad
1350 2707 1589 2764 littteras
1619 2709 1825 2782 quibus
1866 2712 1965 2766 Ar-

95 2799 445 2874 chiepiscopi,
476 2801 723 2876 Episcopi
765 2810 816 2858 et
861 2802 951 2858 alii
1001 2804 1363 2861 ecclesiastici
1412 2805 1516 2860 viri
1551 2809 1857 2882 supradicti
1901 2811 1967 2864 de

97 2897 256 2952 rebus
285 2898 350 2952 ab
389 2898 522 2972 ipsis
563 2900 729 2971 gestis
760 2901 1055 2957 certiorem
1099 2921 1226 2958 eum
1254 2903 1637 2975 reddiderant,
1667 2925 1765 2980 per
1802 2926 1965 2980 quas-

98 2992 219 3047 dam
252 3012 376 3051 suas
398 2995 452 3050 in
475 2996 643 3051 simili
672 2997 846 3052 forma
876 2998 1059 3054 Brevis
1087 2998 1176 3055 die
1205 3000 1267 3054 11
1295 2999 1487 3074 aprilis
1516 3001 1657 3056 ‘1682
1679 3003 1964 3075 expeditas

97 3089 304 3146 litteras
327 3091 671 3166 improbavit,
690 3095 913 3150 rescidit
941 3101 991 3151 et
1021 3097 1276 3164 cassavit,
1296 3115 1419 3169 quae
1448 3098 1505 3152 in
1532 3098 1692 3154 dictis
1719 3099 1963 3156 comitiis

95 3185 211 3234 acta
241 3180 456 3238 fuerant
484 3182 538 3237 in
566 3185 782 3258 negotio
809 3186 1028 3259 regaliae
1049 3205 1174 3242 cum
1210 3187 1472 3242 omnibus
1497 3187 1625 3242 inde
1657 3189 1961 3261 secutis...,

92 3278 330 3351 vestigiis
365 3281 818 3340 inhaerentes:
866 3291 1021 3340 motu
1067 3284 1291 3357 proprio
1329 3292 1382 3340 et
1427 3303 1488 3339 ex
1529 3291 1678 3339 certa
1724 3285 1959 3344 scientia

91 3382 142 3430 et
175 3383 389 3433 matura
427 3379 824 3436 deliberatione
851 3381 1081 3450 nostris,
1115 3382 1292 3453 deque
1318 3381 1634 3453 apostolicae
1667 3386 1958 3457 potestatis

89 3471 450 3546 plenitudine,
477 3477 665 3532 omnia
690 3483 742 3531 et
768 3476 1010 3548 singula,
1038 3495 1160 3548 quae
1183 3486 1289 3531 tam
1317 3479 1488 3548 quoad
1510 3483 1855 3538 extensionem
1873 3485 1959 3556 ju-

86 3571 156 3626 ris
178 3573 407 3645 reyaliae,
435 3593 583 3646 quam
610 3574 777 3645 quoad
803 3575 1207 3629 declarationem
1235 3575 1297 3628 cle
1316 3584 1578 3647 potestate
1603 3580 1955 3638 ecclesiastica

322 3698 369 3729 11.
1659 3689 1715 3734 10
