<?xml version="1.0" encoding="UTF-8"?>
<!DOCTYPE html PUBLIC "-//W3C//DTD XHTML 1.0 Transitional//EN"
    "http://www.w3.org/TR/xhtml1/DTD/xhtml1-transitional.dtd">
<html xmlns="http://www.w3.org/1999/xhtml" xml:lang="en" lang="en">
 <head>
  <title>
</title>
<meta http-equiv="Content-Type" content="text/html;charset=utf-8" />
  <meta name='ocr-system' content='tesseract 3.04.00' />
  <meta name='ocr-capabilities' content='ocr_page ocr_carea ocr_par ocr_line ocrx_word'/>
</head>
<body>
  <div class='ocr_page' id='page_1' title='image "a548470102bouiuoft_0079.png"; bbox 0 0 2306 4010; ppageno 0'>
   <div class='ocr_carea' id='block_1_1' title="bbox 897 123 2039 179">
    <p class='ocr_par' dir='ltr' id='par_1_1' title="bbox 897 123 2039 179">
     <span class='ocr_line' id='line_1_1' title="bbox 897 123 2039 179; baseline -0.007 -1"><span class='ocrx_word' id='word_1_1' title='bbox 897 130 1022 179; x_wconf 83' lang='lat' dir='ltr'><strong>PARS</strong></span> <span class='ocrx_word' id='word_1_2' title='bbox 1050 128 1286 176; x_wconf 82' lang='lat' dir='ltr'>SECUNDA.</span> <span class='ocrx_word' id='word_1_3' title='bbox 1989 123 2039 171; x_wconf 83' lang='lat'>71</span> 
     </span>
    </p>
   </div>
   <div class='ocr_carea' id='block_1_2' title="bbox 139 229 2044 3636">
    <p class='ocr_par' dir='ltr' id='par_1_2' title="bbox 154 229 2044 1563">
     <span class='ocr_line' id='line_1_2' title="bbox 159 229 2041 300; baseline -0.009 0"><span class='ocrx_word' id='word_1_4' title='bbox 159 241 360 300; x_wconf 87' lang='lat' dir='ltr'>asserit</span> <span class='ocrx_word' id='word_1_5' title='bbox 397 239 715 297; x_wconf 89' lang='lat' dir='ltr'>Bossuetius</span> <span class='ocrx_word' id='word_1_6' title='bbox 751 239 809 295; x_wconf 92' lang='lat' dir='ltr'>in</span> <span class='ocrx_word' id='word_1_7' title='bbox 851 240 954 295; x_wconf 89' lang='lat' dir='ltr'>hoc</span> <span class='ocrx_word' id='word_1_8' title='bbox 993 253 1179 295; x_wconf 88' lang='lat' dir='ltr'>errore</span> <span class='ocrx_word' id='word_1_9' title='bbox 1214 238 1495 292; x_wconf 84' lang='lat' dir='ltr'>versatum</span> <span class='ocrx_word' id='word_1_10' title='bbox 1528 249 1650 290; x_wconf 88' lang='lat' dir='ltr'>esse</span> <span class='ocrx_word' id='word_1_11' title='bbox 1689 229 2041 287; x_wconf 85' lang='lat' dir='ltr'>Cardinalem</span> 
     </span>
     <span class='ocr_line' id='line_1_3' title="bbox 160 326 2041 410; baseline -0.007 -16"><span class='ocrx_word' id='word_1_12' title='bbox 160 337 449 410; x_wconf 88' lang='lat' dir='ltr'>d’Aguirre</span> <span class='ocrx_word' id='word_1_13' title='bbox 493 358 504 391; x_wconf 91' lang='lat'>:</span> <span class='ocrx_word' id='word_1_14' title='bbox 549 357 576 389; x_wconf 79' lang='grc' dir='ltr'>α</span> <span class='ocrx_word' id='word_1_15' title='bbox 615 334 981 408; x_wconf 79' lang='lat' dir='ltr'>DaguirraeuS,</span> <span class='ocrx_word' id='word_1_16' title='bbox 1030 332 1235 407; x_wconf 90' lang='lat' dir='ltr'>inquit,</span> <span class='ocrx_word' id='word_1_17' title='bbox 1272 330 1588 406; x_wconf 82' lang='lat' dir='ltr'>objectabat·</span> <span class='ocrx_word' id='word_1_18' title='bbox 1618 327 1880 385; x_wconf 74' lang='lat' dir='ltr'>catholicae</span> <span class='ocrx_word' id='word_1_19' title='bbox 1919 326 2041 382; x_wconf 85' lang='lat' dir='ltr'>doc-</span> 
     </span>
     <span class='ocr_line' id='line_1_4' title="bbox 160 424 2035 508; baseline -0.006 -16"><span class='ocrx_word' id='word_1_20' title='bbox 160 438 307 492; x_wconf 79' lang='lat' dir='ltr'>trinae</span> <span class='ocrx_word' id='word_1_21' title='bbox 333 435 614 508; x_wconf 83' lang='lat' dir='ltr'>formulam</span> <span class='ocrx_word' id='word_1_22' title='bbox 644 452 756 506; x_wconf 82' lang='lat' dir='ltr'>quae</span> <span class='ocrx_word' id='word_1_23' title='bbox 782 434 982 489; x_wconf 81' lang='lat' dir='ltr'>animas</span> <span class='ocrx_word' id='word_1_24' title='bbox 1001 432 1375 502; x_wconf 73' lang='lat' dir='ltr'>constrinyeret</span> <span class='ocrx_word' id='word_1_25' title='bbox 1410 450 1434 479; x_wconf 89' lang='lat'>«</span> <span class='ocrx_word' id='word_1_26' title='bbox 1478 428 1618 501; x_wconf 89' lang='lat' dir='ltr'>(loco</span> <span class='ocrx_word' id='word_1_27' title='bbox 1647 424 1837 496; x_wconf 86' lang='lat' dir='ltr'>citato,</span> <span class='ocrx_word' id='word_1_28' title='bbox 1859 441 1919 480; x_wconf 92' lang='lat' dir='ltr'>n.</span> <span class='ocrx_word' id='word_1_29' title='bbox 1942 424 2035 497; x_wconf 82' lang='lat' dir='ltr'>vi).</span> 
     </span>
     <span class='ocr_line' id='line_1_5' title="bbox 160 524 2042 602; baseline -0.005 -13"><span class='ocrx_word' id='word_1_30' title='bbox 160 532 262 589; x_wconf 85' lang='lat' dir='ltr'>Sed</span> <span class='ocrx_word' id='word_1_31' title='bbox 301 533 404 588; x_wconf 89' lang='lat' dir='ltr'>hoc</span> <span class='ocrx_word' id='word_1_32' title='bbox 443 549 553 587; x_wconf 91' lang='lat' dir='ltr'>non</span> <span class='ocrx_word' id='word_1_33' title='bbox 591 530 728 587; x_wconf 87' lang='lat' dir='ltr'>dixit</span> <span class='ocrx_word' id='word_1_34' title='bbox 770 527 1077 602; x_wconf 82' lang='lat' dir='ltr'>d’Aguirre.</span> <span class='ocrx_word' id='word_1_35' title='bbox 1140 527 1218 583; x_wconf 89' lang='lat' dir='ltr'>En</span> <span class='ocrx_word' id='word_1_36' title='bbox 1251 528 1372 602; x_wconf 86' lang='lat' dir='ltr'>ejus</span> <span class='ocrx_word' id='word_1_37' title='bbox 1409 526 1598 597; x_wconf 87' lang='lat' dir='ltr'>verba,</span> <span class='ocrx_word' id='word_1_38' title='bbox 1641 524 1806 599; x_wconf 87' lang='lat' dir='ltr'>paulo</span> <span class='ocrx_word' id='word_1_39' title='bbox 1843 528 1972 580; x_wconf 91' lang='lat' dir='ltr'>ante</span> <span class='ocrx_word' id='word_1_40' title='bbox 2012 541 2042 579; x_wconf 90' lang='lat' dir='ltr'>a</span> 
     </span>
     <span class='ocr_line' id='line_1_6' title="bbox 160 621 2043 698; baseline -0.005 -12"><span class='ocrx_word' id='word_1_41' title='bbox 160 630 447 686; x_wconf 88' lang='lat' dir='ltr'>Bossuetio</span> <span class='ocrx_word' id='word_1_42' title='bbox 501 628 664 686; x_wconf 86' lang='lat' dir='ltr'>citata</span> <span class='ocrx_word' id='word_1_43' title='bbox 702 649 713 682; x_wconf 78' lang='lat' dir='ltr'>z</span> <span class='ocrx_word' id='word_1_44' title='bbox 754 649 782 681; x_wconf 74' lang='grc' dir='ltr'><em>α</em></span> <span class='ocrx_word' id='word_1_45' title='bbox 808 624 1112 682; x_wconf 89' lang='lat' dir='ltr'>Galliarum</span> <span class='ocrx_word' id='word_1_46' title='bbox 1153 625 1486 698; x_wconf 90' lang='lat' dir='ltr'>praesulibus</span> <span class='ocrx_word' id='word_1_47' title='bbox 1530 641 1643 680; x_wconf 91' lang='lat' dir='ltr'>non</span> <span class='ocrx_word' id='word_1_48' title='bbox 1681 621 1910 679; x_wconf 82' lang='lat' dir='ltr'><strong>licuisse</strong></span> <span class='ocrx_word' id='word_1_49' title='bbox 1940 639 2043 678; x_wconf 89' lang='lat' dir='ltr'>sua</span> 
     </span>
     <span class='ocr_line' id='line_1_7' title="bbox 162 717 2043 802; baseline -0.005 -19"><span class='ocrx_word' id='word_1_50' title='bbox 162 726 429 802; x_wconf 84' lang='lat' dir='ltr'>paradoxa</span> <span class='ocrx_word' id='word_1_51' title='bbox 458 724 665 799; x_wconf 79' lang='lat' dir='ltr'>publici</span> <span class='ocrx_word' id='word_1_52' title='bbox 685 722 828 796; x_wconf 91' lang='lat' dir='ltr'>juris</span> <span class='ocrx_word' id='word_1_53' title='bbox 853 721 1034 776; x_wconf 83' lang='lat' dir='ltr'>facere</span> <span class='ocrx_word' id='word_1_54' title='bbox 1065 726 1118 776; x_wconf 91' lang='lat' dir='ltr'>et</span> <span class='ocrx_word' id='word_1_55' title='bbox 1144 722 1396 776; x_wconf 83' lang='lat' dir='ltr'>mittenda</span> <span class='ocrx_word' id='word_1_56' title='bbox 1419 739 1605 776; x_wconf 83' lang='lat' dir='ltr'>curare</span> <span class='ocrx_word' id='word_1_57' title='bbox 1640 721 1707 776; x_wconf 88' lang='lat' dir='ltr'>ad</span> <span class='ocrx_word' id='word_1_58' title='bbox 1734 736 1911 775; x_wconf 78' lang='lat' dir='ltr'>omnes</span> <span class='ocrx_word' id='word_1_59' title='bbox 1945 717 2043 774; x_wconf 91' lang='lat' dir='ltr'>Ec-</span> 
     </span>
     <span class='ocr_line' id='line_1_8' title="bbox 162 816 2044 895; baseline -0.005 -14"><span class='ocrx_word' id='word_1_60' title='bbox 162 827 362 894; x_wconf 64' lang='lat' dir='ltr'>clesiae,</span> <span class='ocrx_word' id='word_1_61' title='bbox 394 823 563 879; x_wconf 90' lang='lat' dir='ltr'>veluti</span> <span class='ocrx_word' id='word_1_62' title='bbox 589 822 868 895; x_wconf 84' lang='lat' dir='ltr'>quandam</span> <span class='ocrx_word' id='word_1_63' title='bbox 905 836 1052 876; x_wconf 86' lang='lat' dir='ltr'>sanae</span> <span class='ocrx_word' id='word_1_64' title='bbox 1090 818 1319 874; x_wconf 89' lang='lat' dir='ltr'>omnino</span> <span class='ocrx_word' id='word_1_65' title='bbox 1351 817 1463 873; x_wconf 92' lang='lat' dir='ltr'>imo</span> <span class='ocrx_word' id='word_1_66' title='bbox 1508 823 1562 873; x_wconf 93' lang='lat' dir='ltr'>et</span> <span class='ocrx_word' id='word_1_67' title='bbox 1598 817 1886 874; x_wconf 84' lang='lat' dir='ltr'>catholicae</span> <span class='ocrx_word' id='word_1_68' title='bbox 1916 816 2044 872; x_wconf 88' lang='lat' dir='ltr'>doc-</span> 
     </span>
     <span class='ocr_line' id='line_1_9' title="bbox 159 914 2041 992; baseline -0.005 -13"><span class='ocrx_word' id='word_1_69' title='bbox 159 924 318 979; x_wconf 83' lang='lat' dir='ltr'>trinae</span> <span class='ocrx_word' id='word_1_70' title='bbox 354 921 653 983; x_wconf 87' lang='lat' dir='ltr'>formulam</span> <span class='ocrx_word' id='word_1_71' title='bbox 693 937 798 992; x_wconf 84' lang='lat' dir='ltr'>qua</span> <span class='ocrx_word' id='word_1_72' title='bbox 835 935 1008 974; x_wconf 82' lang='lat' dir='ltr'>omnes</span> <span class='ocrx_word' id='word_1_73' title='bbox 1037 920 1470 988; x_wconf 74' lang='lat' dir='ltr'>constrinqerent.</span> <span class='ocrx_word' id='word_1_74' title='bbox 1501 936 1528 966; x_wconf 93' lang='lat'>»</span> <span class='ocrx_word' id='word_1_75' title='bbox 1573 914 1881 988; x_wconf 88' lang='lat' dir='ltr'>Exprobrat</span> <span class='ocrx_word' id='word_1_76' title='bbox 1917 914 2041 969; x_wconf 93' lang='lat' dir='ltr'>d&#39;A-</span> 
     </span>
     <span class='ocr_line' id='line_1_10' title="bbox 156 1011 2042 1091; baseline -0.006 -16"><span class='ocrx_word' id='word_1_77' title='bbox 156 1019 343 1091; x_wconf 85' lang='lat' dir='ltr'>guirre</span> <span class='ocrx_word' id='word_1_78' title='bbox 376 1017 523 1091; x_wconf 93' lang='lat' dir='ltr'>quod</span> <span class='ocrx_word' id='word_1_79' title='bbox 561 1016 839 1091; x_wconf 88' lang='lat' dir='ltr'>paradoxa</span> <span class='ocrx_word' id='word_1_80' title='bbox 882 1033 986 1071; x_wconf 91' lang='lat' dir='ltr'>sua</span> <span class='ocrx_word' id='word_1_81' title='bbox 1015 1016 1253 1069; x_wconf 78' lang='lat' dir='ltr'><strong><em>miserint</em></strong></span> <span class='ocrx_word' id='word_1_82' title='bbox 1289 1014 1358 1068; x_wconf 84' lang='lat' dir='ltr'>ad</span> <span class='ocrx_word' id='word_1_83' title='bbox 1380 1029 1556 1067; x_wconf 78' lang='lat' dir='ltr'>omnes</span> <span class='ocrx_word' id='word_1_84' title='bbox 1591 1011 1879 1079; x_wconf 71' lang='lat' dir='ltr'>EcclesiaS,</span> <span class='ocrx_word' id='word_1_85' title='bbox 1912 1027 2042 1064; x_wconf 87' lang='lat' dir='ltr'>cum</span> 
     </span>
     <span class='ocr_line' id='line_1_11' title="bbox 155 1106 2041 1190; baseline -0.005 -19"><span class='ocrx_word' id='word_1_86' title='bbox 155 1134 263 1172; x_wconf 91' lang='lat' dir='ltr'>non</span> <span class='ocrx_word' id='word_1_87' title='bbox 307 1116 517 1172; x_wconf 81' lang='lat' dir='ltr'>soleant</span> <span class='ocrx_word' id='word_1_88' title='bbox 561 1117 628 1171; x_wconf 90' lang='lat' dir='ltr'>ab</span> <span class='ocrx_word' id='word_1_89' title='bbox 667 1114 950 1190; x_wconf 89' lang='lat' dir='ltr'>Episcopis</span> <span class='ocrx_word' id='word_1_90' title='bbox 993 1112 1072 1168; x_wconf 92' lang='lat' dir='ltr'>sic</span> <span class='ocrx_word' id='word_1_91' title='bbox 1109 1113 1177 1168; x_wconf 91' lang='lat' dir='ltr'>ad</span> <span class='ocrx_word' id='word_1_92' title='bbox 1205 1130 1385 1167; x_wconf 80' lang='lat' dir='ltr'>omnes</span> <span class='ocrx_word' id='word_1_93' title='bbox 1415 1110 1669 1167; x_wconf 80' lang='lat' dir='ltr'>Ecclesias</span> <span class='ocrx_word' id='word_1_94' title='bbox 1715 1106 1886 1178; x_wconf 89' lang='lat' dir='ltr'>mitti,</span> <span class='ocrx_word' id='word_1_95' title='bbox 1931 1107 2041 1163; x_wconf 93' lang='lat' dir='ltr'>nisi</span> 
     </span>
     <span class='ocr_line' id='line_1_12' title="bbox 155 1206 2039 1287; baseline -0.004 -19"><span class='ocrx_word' id='word_1_96' title='bbox 155 1213 438 1270; x_wconf 86' lang='lat' dir='ltr'>catholicae</span> <span class='ocrx_word' id='word_1_97' title='bbox 466 1213 593 1269; x_wconf 86' lang='lat' dir='ltr'>fidei</span> <span class='ocrx_word' id='word_1_98' title='bbox 620 1212 990 1287; x_wconf 83' lang='lat' dir='ltr'>professiones</span> <span class='ocrx_word' id='word_1_99' title='bbox 1023 1230 1120 1267; x_wconf 92' lang='lat' dir='ltr'>seu</span> <span class='ocrx_word' id='word_1_100' title='bbox 1152 1209 1372 1267; x_wconf 82' lang='lat' dir='ltr'>articuli</span> <span class='ocrx_word' id='word_1_101' title='bbox 1405 1210 1472 1265; x_wconf 90' lang='lat' dir='ltr'>ab</span> <span class='ocrx_word' id='word_1_102' title='bbox 1499 1209 1762 1265; x_wconf 89' lang='lat' dir='ltr'>omnibus</span> <span class='ocrx_word' id='word_1_103' title='bbox 1790 1206 2039 1263; x_wconf 90' lang='lat' dir='ltr'>tenendi.</span> 
     </span>
     <span class='ocr_line' id='line_1_13' title="bbox 154 1307 2042 1384; baseline -0.003 -20"><span class='ocrx_word' id='word_1_104' title='bbox 154 1311 218 1366; x_wconf 90' lang='lat' dir='ltr'>At</span> <span class='ocrx_word' id='word_1_105' title='bbox 243 1329 353 1374; x_wconf 88' lang='lat' dir='ltr'>non</span> <span class='ocrx_word' id='word_1_106' title='bbox 380 1310 534 1378; x_wconf 84' lang='lat' dir='ltr'>dixit,</span> <span class='ocrx_word' id='word_1_107' title='bbox 569 1327 670 1366; x_wconf 91' lang='lat' dir='ltr'>nec</span> <span class='ocrx_word' id='word_1_108' title='bbox 697 1309 910 1384; x_wconf 88' lang='lat' dir='ltr'>putavit</span> <span class='ocrx_word' id='word_1_109' title='bbox 941 1327 1034 1364; x_wconf 90' lang='lat' dir='ltr'>eos</span> <span class='ocrx_word' id='word_1_110' title='bbox 1064 1326 1255 1364; x_wconf 87' lang='lat' dir='ltr'>revera</span> <span class='ocrx_word' id='word_1_111' title='bbox 1286 1307 1527 1363; x_wconf 90' lang='lat' dir='ltr'>voluisse</span> <span class='ocrx_word' id='word_1_112' title='bbox 1555 1309 1756 1362; x_wconf 80' lang='lat' dir='ltr'>animas</span> <span class='ocrx_word' id='word_1_113' title='bbox 1785 1307 2042 1360; x_wconf 79' lang='lat' dir='ltr'>constrin-</span> 
     </span>
     <span class='ocr_line' id='line_1_14' title="bbox 156 1403 2039 1482; baseline -0.004 -17"><span class='ocrx_word' id='word_1_114' title='bbox 156 1429 276 1482; x_wconf 79' lang='lat' dir='ltr'>9e1·e</span> <span class='ocrx_word' id='word_1_115' title='bbox 317 1411 386 1466; x_wconf 93' lang='lat' dir='ltr'>ad</span> <span class='ocrx_word' id='word_1_116' title='bbox 427 1409 766 1465; x_wconf 87' lang='lat' dir='ltr'>credendum</span> <span class='ocrx_word' id='word_1_117' title='bbox 810 1409 1099 1465; x_wconf 88' lang='lat' dir='ltr'>declaratae</span> <span class='ocrx_word' id='word_1_118' title='bbox 1138 1426 1252 1464; x_wconf 87' lang='lat' dir='ltr'>suae</span> <span class='ocrx_word' id='word_1_119' title='bbox 1292 1407 1558 1463; x_wconf 84' lang='lat' dir='ltr'>doctrinae</span> <span class='ocrx_word' id='word_1_120' title='bbox 1593 1412 1862 1478; x_wconf 84' lang='lat' dir='ltr'>tanquam</span> <span class='ocrx_word' id='word_1_121' title='bbox 1912 1403 2039 1459; x_wconf 86' lang='lat' dir='ltr'>fidei</span> 
     </span>
     <span class='ocr_line' id='line_1_15' title="bbox 156 1507 425 1563; baseline 0.004 -1"><span class='ocrx_word' id='word_1_122' title='bbox 156 1507 425 1563; x_wconf 75' lang='lat' dir='ltr'>articulis,</span> 
     </span>
    </p>

    <p class='ocr_par' dir='ltr' id='par_1_3' title="bbox 144 1601 2042 2557">
     <span class='ocr_line' id='line_1_16' title="bbox 228 1601 2042 1661; baseline -0.003 -1"><span class='ocrx_word' id='word_1_123' title='bbox 228 1606 281 1660; x_wconf 79' lang='lat'>2⁰</span> <span class='ocrx_word' id='word_1_124' title='bbox 313 1605 534 1660; x_wconf 87' lang='lat' dir='ltr'>Falsum</span> <span class='ocrx_word' id='word_1_125' title='bbox 582 1613 663 1661; x_wconf 89' lang='lat' dir='ltr'>est</span> <span class='ocrx_word' id='word_1_126' title='bbox 710 1606 986 1661; x_wconf 90' lang='lat' dir='ltr'>Romanos</span> <span class='ocrx_word' id='word_1_127' title='bbox 1018 1603 1305 1660; x_wconf 87' lang='lat' dir='ltr'>Pontifices</span> <span class='ocrx_word' id='word_1_128' title='bbox 1354 1602 1599 1658; x_wconf 83' lang='lat' dir='ltr'>doluisse</span> <span class='ocrx_word' id='word_1_129' title='bbox 1638 1602 1931 1658; x_wconf 81' lang='lat' dir='ltr'>dumtaxat</span> <span class='ocrx_word' id='word_1_130' title='bbox 1976 1601 2042 1655; x_wconf 91' lang='lat' dir='ltr'>de</span> 
     </span>
     <span class='ocr_line' id='line_1_17' title="bbox 148 1699 2040 1775; baseline -0.002 -17"><span class='ocrx_word' id='word_1_131' title='bbox 148 1703 392 1758; x_wconf 86' lang='lat' dir='ltr'>chimera</span> <span class='ocrx_word' id='word_1_132' title='bbox 448 1702 566 1771; x_wconf 91' lang='lat' dir='ltr'>illa,</span> <span class='ocrx_word' id='word_1_133' title='bbox 609 1704 889 1767; x_wconf 89' lang='lat' dir='ltr'>videlicet,</span> <span class='ocrx_word' id='word_1_134' title='bbox 929 1703 1076 1775; x_wconf 91' lang='lat' dir='ltr'>quod</span> <span class='ocrx_word' id='word_1_135' title='bbox 1111 1702 1378 1757; x_wconf 88' lang='lat' dir='ltr'>Gallicani</span> <span class='ocrx_word' id='word_1_136' title='bbox 1430 1701 1693 1774; x_wconf 86' lang='lat' dir='ltr'>praesules</span> <span class='ocrx_word' id='word_1_137' title='bbox 1735 1699 2040 1755; x_wconf 86' lang='lat' dir='ltr'>voluissent</span> 
     </span>
     <span class='ocr_line' id='line_1_18' title="bbox 147 1797 2037 1873; baseline -0.002 -19"><span class='ocrx_word' id='word_1_138' title='bbox 147 1804 349 1855; x_wconf 65' lang='lat' dir='ltr'>aretinos</span> <span class='ocrx_word' id='word_1_139' title='bbox 373 1803 442 1856; x_wconf 84' lang='lat' dir='ltr'>ad</span> <span class='ocrx_word' id='word_1_140' title='bbox 467 1803 780 1857; x_wconf 77' lang='lat' dir='ltr'>credendum</span> <span class='ocrx_word' id='word_1_141' title='bbox 799 1805 905 1856; x_wconf 79' lang='lat' dir='ltr'>suis</span> <span class='ocrx_word' id='word_1_142' title='bbox 928 1810 1149 1873; x_wconf 75' lang='lat' dir='ltr'>quatuor</span> <span class='ocrx_word' id='word_1_143' title='bbox 1169 1801 1405 1855; x_wconf 76' lang='lat' dir='ltr'>articulis</span> <span class='ocrx_word' id='word_1_144' title='bbox 1437 1799 1684 1870; x_wconf 63' lang='lat' dir='ltr'>obligare.</span> <span class='ocrx_word' id='word_1_145' title='bbox 1708 1797 1778 1851; x_wconf 93' lang='lat' dir='ltr'>De</span> <span class='ocrx_word' id='word_1_146' title='bbox 1802 1797 1905 1852; x_wconf 91' lang='lat' dir='ltr'>hoc</span> <span class='ocrx_word' id='word_1_147' title='bbox 1925 1814 2037 1851; x_wconf 92' lang='lat' dir='ltr'>non</span> 
     </span>
     <span class='ocr_line' id='line_1_19' title="bbox 147 1895 2036 1970; baseline -0.002 -19"><span class='ocrx_word' id='word_1_148' title='bbox 147 1897 466 1967; x_wconf 88' lang='lat' dir='ltr'>doluerunt,</span> <span class='ocrx_word' id='word_1_149' title='bbox 505 1898 633 1970; x_wconf 91' lang='lat' dir='ltr'>quia</span> <span class='ocrx_word' id='word_1_150' title='bbox 658 1916 759 1954; x_wconf 88' lang='lat' dir='ltr'>nec</span> <span class='ocrx_word' id='word_1_151' title='bbox 781 1916 1029 1970; x_wconf 91' lang='lat' dir='ltr'>unquam</span> <span class='ocrx_word' id='word_1_152' title='bbox 1063 1897 1417 1954; x_wconf 90' lang='lat' dir='ltr'>crediderunt</span> <span class='ocrx_word' id='word_1_153' title='bbox 1446 1902 1543 1952; x_wconf 90' lang='lat' dir='ltr'>aut</span> <span class='ocrx_word' id='word_1_154' title='bbox 1574 1895 1946 1951; x_wconf 81' lang='lat' dir='ltr'>somniarunt.</span> <span class='ocrx_word' id='word_1_155' title='bbox 1971 1895 2036 1949; x_wconf 90' lang='lat' dir='ltr'>At</span> 
     </span>
     <span class='ocr_line' id='line_1_20' title="bbox 147 1994 2032 2072; baseline -0.001 -22"><span class='ocrx_word' id='word_1_156' title='bbox 147 1996 472 2067; x_wconf 87' lang='lat' dir='ltr'>doluerunt,</span> <span class='ocrx_word' id='word_1_157' title='bbox 522 2002 574 2052; x_wconf 92' lang='lat' dir='ltr'>et</span> <span class='ocrx_word' id='word_1_158' title='bbox 619 1997 845 2070; x_wconf 91' lang='lat' dir='ltr'>quidem</span> <span class='ocrx_word' id='word_1_159' title='bbox 895 2014 1277 2072; x_wconf 90' lang='lat' dir='ltr'>summopere,</span> <span class='ocrx_word' id='word_1_160' title='bbox 1324 1996 1389 2051; x_wconf 92' lang='lat' dir='ltr'>de</span> <span class='ocrx_word' id='word_1_161' title='bbox 1431 1996 1652 2051; x_wconf 90' lang='lat' dir='ltr'>duobus</span> <span class='ocrx_word' id='word_1_162' title='bbox 1700 1994 2032 2051; x_wconf 82' lang='lat' dir='ltr'>certissimis</span> 
     </span>
     <span class='ocr_line' id='line_1_21' title="bbox 144 2094 2032 2168; baseline 0 -19"><span class='ocrx_word' id='word_1_163' title='bbox 144 2094 406 2151; x_wconf 90' lang='lat' dir='ltr'>Gallicani</span> <span class='ocrx_word' id='word_1_164' title='bbox 433 2101 734 2151; x_wconf 84' lang='lat' dir='ltr'>conventus</span> <span class='ocrx_word' id='word_1_165' title='bbox 760 2096 1044 2151; x_wconf 89' lang='lat' dir='ltr'>attentatis</span> <span class='ocrx_word' id='word_1_166' title='bbox 1074 2118 1083 2148; x_wconf 89' lang='lat'>:</span> <span class='ocrx_word' id='word_1_167' title='bbox 1120 2099 1288 2168; x_wconf 79' lang='lat' dir='ltr'>primo</span> <span class='ocrx_word' id='word_1_168' title='bbox 1316 2095 1542 2167; x_wconf 88' lang='lat' dir='ltr'>quidem</span> <span class='ocrx_word' id='word_1_169' title='bbox 1578 2094 1725 2167; x_wconf 92' lang='lat' dir='ltr'>quod</span> <span class='ocrx_word' id='word_1_170' title='bbox 1751 2094 2032 2150; x_wconf 89' lang='lat' dir='ltr'>detestan-</span> 
     </span>
     <span class='ocr_line' id='line_1_22' title="bbox 144 2191 2032 2266; baseline 0.002 -21"><span class='ocrx_word' id='word_1_171' title='bbox 144 2191 271 2246; x_wconf 90' lang='lat' dir='ltr'>dam</span> <span class='ocrx_word' id='word_1_172' title='bbox 309 2199 545 2265; x_wconf 91' lang='lat' dir='ltr'>quatuor</span> <span class='ocrx_word' id='word_1_173' title='bbox 570 2193 936 2249; x_wconf 88' lang='lat' dir='ltr'>articulorum</span> <span class='ocrx_word' id='word_1_174' title='bbox 981 2194 1289 2250; x_wconf 83' lang='lat' dir='ltr'>doctrinam</span> <span class='ocrx_word' id='word_1_175' title='bbox 1324 2213 1481 2249; x_wconf 86' lang='lat' dir='ltr'>suam</span> <span class='ocrx_word' id='word_1_176' title='bbox 1521 2212 1641 2249; x_wconf 93' lang='lat' dir='ltr'>esse</span> <span class='ocrx_word' id='word_1_177' title='bbox 1675 2194 1910 2266; x_wconf 87' lang='lat' dir='ltr'>professi</span> <span class='ocrx_word' id='word_1_178' title='bbox 1949 2211 2032 2249; x_wconf 92' lang='lat' dir='ltr'>es-</span> 
     </span>
     <span class='ocr_line' id='line_1_23' title="bbox 149 2275 2030 2363; baseline 0.003 -23"><span class='ocrx_word' id='word_1_179' title='bbox 149 2294 291 2352; x_wconf 88' lang='lat' dir='ltr'>sent;</span> <span class='ocrx_word' id='word_1_180' title='bbox 343 2290 568 2342; x_wconf 76' lang='lat' dir='ltr'>secundo</span> <span class='ocrx_word' id='word_1_181' title='bbox 608 2290 753 2360; x_wconf 93' lang='lat' dir='ltr'>quod</span> <span class='ocrx_word' id='word_1_182' title='bbox 791 2298 1182 2363; x_wconf 87' lang='lat' dir='ltr'>procurassent</span> <span class='ocrx_word' id='word_1_183' title='bbox 1226 2293 1367 2345; x_wconf 87' lang='lat' dir='ltr'>hanc</span> <span class='ocrx_word' id='word_1_184' title='bbox 1405 2275 1579 2345; x_wconf 77' lang='lat' dir='ltr'>solam</span> <span class='ocrx_word' id='word_1_185' title='bbox 1621 2291 1930 2345; x_wconf 88' lang='lat' dir='ltr'>doctrinam</span> <span class='ocrx_word' id='word_1_186' title='bbox 1974 2291 2030 2345; x_wconf 94' lang='lat' dir='ltr'>in</span> 
     </span>
     <span class='ocr_line' id='line_1_24' title="bbox 149 2384 2029 2460; baseline 0.001 -22"><span class='ocrx_word' id='word_1_187' title='bbox 149 2384 349 2439; x_wconf 85' lang='lat' dir='ltr'>scholis</span> <span class='ocrx_word' id='word_1_188' title='bbox 399 2392 449 2440; x_wconf 91' lang='lat' dir='ltr'>et</span> <span class='ocrx_word' id='word_1_189' title='bbox 492 2386 711 2459; x_wconf 89' lang='lat' dir='ltr'>scriptis</span> <span class='ocrx_word' id='word_1_190' title='bbox 748 2387 1017 2459; x_wconf 83' lang='lat' dir='ltr'>permitti,</span> <span class='ocrx_word' id='word_1_191' title='bbox 1052 2388 1501 2458; x_wconf 87' lang='lat' dir='ltr'>contrariamque</span> <span class='ocrx_word' id='word_1_192' title='bbox 1543 2387 1646 2441; x_wconf 93' lang='lat' dir='ltr'>sub</span> <span class='ocrx_word' id='word_1_193' title='bbox 1687 2387 1861 2460; x_wconf 82' lang='lat' dir='ltr'>poenis</span> <span class='ocrx_word' id='word_1_194' title='bbox 1906 2406 2029 2460; x_wconf 92' lang='lat' dir='ltr'>pro-</span> 
     </span>
     <span class='ocr_line' id='line_1_25' title="bbox 146 2479 2025 2557; baseline 0.002 -23"><span class='ocrx_word' id='word_1_195' title='bbox 146 2479 347 2550; x_wconf 86' lang='lat' dir='ltr'>hiberi,</span> <span class='ocrx_word' id='word_1_196' title='bbox 378 2482 566 2553; x_wconf 91' lang='lat' dir='ltr'>sicque</span> <span class='ocrx_word' id='word_1_197' title='bbox 605 2481 918 2539; x_wconf 80' lang='lat' dir='ltr'>effecissent</span> <span class='ocrx_word' id='word_1_198' title='bbox 951 2502 1140 2539; x_wconf 89' lang='lat' dir='ltr'>verum</span> <span class='ocrx_word' id='word_1_199' title='bbox 1175 2501 1236 2538; x_wconf 89' lang='lat' dir='ltr'>ac</span> <span class='ocrx_word' id='word_1_200' title='bbox 1258 2483 1480 2557; x_wconf 88' lang='lat' dir='ltr'>proprie</span> <span class='ocrx_word' id='word_1_201' title='bbox 1501 2483 1714 2539; x_wconf 88' lang='lat' dir='ltr'>dictum</span> <span class='ocrx_word' id='word_1_202' title='bbox 1743 2485 2025 2539; x_wconf 78' lang='lat' dir='ltr'>decretum.</span> 
     </span>
    </p>

    <p class='ocr_par' dir='ltr' id='par_1_4' title="bbox 139 2578 2028 3636">
     <span class='ocr_line' id='line_1_26' title="bbox 217 2578 2028 2655; baseline 0.002 -23"><span class='ocrx_word' id='word_1_203' title='bbox 217 2578 273 2632; x_wconf 83' lang='lat'>5⁰</span> <span class='ocrx_word' id='word_1_204' title='bbox 304 2578 521 2634; x_wconf 87' lang='lat' dir='ltr'>Falsum</span> <span class='ocrx_word' id='word_1_205' title='bbox 552 2587 632 2635; x_wconf 92' lang='lat' dir='ltr'>est</span> <span class='ocrx_word' id='word_1_206' title='bbox 662 2598 772 2635; x_wconf 89' lang='lat' dir='ltr'>non</span> <span class='ocrx_word' id='word_1_207' title='bbox 814 2581 965 2636; x_wconf 91' lang='lat' dir='ltr'>aliud</span> <span class='ocrx_word' id='word_1_208' title='bbox 1006 2582 1386 2655; x_wconf 84' lang='lat' dir='ltr'>expostulasse</span> <span class='ocrx_word' id='word_1_209' title='bbox 1429 2600 1457 2635; x_wconf 93' lang='lat' dir='ltr'>a</span> <span class='ocrx_word' id='word_1_210' title='bbox 1490 2581 1795 2637; x_wconf 90' lang='lat' dir='ltr'>nominatis</span> <span class='ocrx_word' id='word_1_211' title='bbox 1831 2581 2028 2635; x_wconf 90' lang='lat' dir='ltr'>Roma-</span> 
     </span>
     <span class='ocr_line' id='line_1_27' title="bbox 143 2676 2027 2753; baseline 0.003 -23"><span class='ocrx_word' id='word_1_212' title='bbox 143 2693 241 2731; x_wconf 92' lang='lat' dir='ltr'>nos</span> <span class='ocrx_word' id='word_1_213' title='bbox 285 2676 569 2733; x_wconf 85' lang='lat' dir='ltr'>Pontifices</span> <span class='ocrx_word' id='word_1_214' title='bbox 605 2695 772 2749; x_wconf 92' lang='lat' dir='ltr'>quam</span> <span class='ocrx_word' id='word_1_215' title='bbox 814 2684 876 2734; x_wconf 94' lang='lat' dir='ltr'>ut</span> <span class='ocrx_word' id='word_1_216' title='bbox 912 2686 1243 2753; x_wconf 91' lang='lat' dir='ltr'>respuerent</span> <span class='ocrx_word' id='word_1_217' title='bbox 1279 2679 1731 2746; x_wconf 82' lang='lat' dir='ltr'>declarationem,</span> <span class='ocrx_word' id='word_1_218' title='bbox 1776 2687 2027 2751; x_wconf 79' lang='lat' dir='ltr'>quatenus</span> 
     </span>
     <span class='ocr_line' id='line_1_28' title="bbox 141 2772 2026 2851; baseline 0.004 -25"><span class='ocrx_word' id='word_1_219' title='bbox 141 2772 398 2827; x_wconf 82' lang='lat' dir='ltr'>decretum</span> <span class='ocrx_word' id='word_1_220' title='bbox 429 2775 627 2829; x_wconf 79' lang='lat' dir='ltr'>animas</span> <span class='ocrx_word' id='word_1_221' title='bbox 659 2777 1012 2848; x_wconf 58' lang='lat' dir='ltr'>constringens</span> <span class='ocrx_word' id='word_1_222' title='bbox 1049 2777 1117 2830; x_wconf 79' lang='lat' dir='ltr'>acl</span> <span class='ocrx_word' id='word_1_223' title='bbox 1152 2778 1484 2832; x_wconf 74' lang='lat' dir='ltr'>credendum.</span> <span class='ocrx_word' id='word_1_224' title='bbox 1518 2777 1634 2831; x_wconf 92' lang='lat' dir='ltr'>Non</span> <span class='ocrx_word' id='word_1_225' title='bbox 1664 2776 1873 2833; x_wconf 91' lang='lat' dir='ltr'>scilicet</span> <span class='ocrx_word' id='word_1_226' title='bbox 1902 2796 2026 2851; x_wconf 91' lang='lat' dir='ltr'>pos-</span> 
     </span>
     <span class='ocr_line' id='line_1_29' title="bbox 142 2867 2024 2948; baseline 0.005 -27"><span class='ocrx_word' id='word_1_227' title='bbox 142 2867 346 2924; x_wconf 90' lang='lat' dir='ltr'>tulabat</span> <span class='ocrx_word' id='word_1_228' title='bbox 373 2869 536 2926; x_wconf 84' lang='lat' dir='ltr'>Sedes</span> <span class='ocrx_word' id='word_1_229' title='bbox 561 2871 870 2945; x_wconf 82' lang='lat' dir='ltr'>Apostolica</span> <span class='ocrx_word' id='word_1_230' title='bbox 898 2873 952 2927; x_wconf 93' lang='lat' dir='ltr'>id</span> <span class='ocrx_word' id='word_1_231' title='bbox 979 2873 1186 2947; x_wconf 92' lang='lat' dir='ltr'>respui,</span> <span class='ocrx_word' id='word_1_232' title='bbox 1225 2874 1374 2945; x_wconf 90' lang='lat' dir='ltr'>quod</span> <span class='ocrx_word' id='word_1_233' title='bbox 1399 2874 1652 2948; x_wconf 89' lang='lat' dir='ltr'>apprime</span> <span class='ocrx_word' id='word_1_234' title='bbox 1680 2875 1887 2931; x_wconf 90' lang='lat' dir='ltr'>scicbat</span> <span class='ocrx_word' id='word_1_235' title='bbox 1910 2894 2024 2931; x_wconf 91' lang='lat' dir='ltr'>non</span> 
     </span>
     <span class='ocr_line' id='line_1_30' title="bbox 140 2966 2024 3048; baseline 0.006 -29"><span class='ocrx_word' id='word_1_236' title='bbox 140 2966 406 3023; x_wconf 84' lang='lat' dir='ltr'>extitisse.</span> <span class='ocrx_word' id='word_1_237' title='bbox 434 2969 598 3024; x_wconf 90' lang='lat' dir='ltr'>Porro</span> <span class='ocrx_word' id='word_1_238' title='bbox 624 2970 900 3027; x_wconf 91' lang='lat' dir='ltr'>dementia</span> <span class='ocrx_word' id='word_1_239' title='bbox 927 2972 1041 3040; x_wconf 91' lang='lat' dir='ltr'>illa,</span> <span class='ocrx_word' id='word_1_240' title='bbox 1069 2972 1173 3045; x_wconf 90' lang='lat' dir='ltr'>qua</span> <span class='ocrx_word' id='word_1_241' title='bbox 1199 2972 1568 3029; x_wconf 87' lang='lat' dir='ltr'>intendissent</span> <span class='ocrx_word' id='word_1_242' title='bbox 1592 2974 1858 3030; x_wconf 91' lang='lat' dir='ltr'>Gallicani</span> <span class='ocrx_word' id='word_1_243' title='bbox 1886 2992 2024 3048; x_wconf 84' lang='lat' dir='ltr'>prae-</span> 
     </span>
     <span class='ocr_line' id='line_1_31' title="bbox 143 3061 2024 3142; baseline 0.006 -28"><span class='ocrx_word' id='word_1_244' title='bbox 143 3061 291 3117; x_wconf 92' lang='lat' dir='ltr'>sules</span> <span class='ocrx_word' id='word_1_245' title='bbox 324 3083 482 3120; x_wconf 91' lang='lat' dir='ltr'>suam</span> <span class='ocrx_word' id='word_1_246' title='bbox 519 3066 947 3124; x_wconf 91' lang='lat' dir='ltr'>declarationem</span> <span class='ocrx_word' id='word_1_247' title='bbox 989 3075 1258 3142; x_wconf 88' lang='lat' dir='ltr'>tanquam</span> <span class='ocrx_word' id='word_1_248' title='bbox 1299 3072 1584 3126; x_wconf 72' lang='lat' dir='ltr'>credendos</span> <span class='ocrx_word' id='word_1_249' title='bbox 1620 3073 1740 3142; x_wconf 70' lang='lat' dir='ltr'>fidet</span> <span class='ocrx_word' id='word_1_250' title='bbox 1774 3070 2024 3126; x_wconf 76' lang='lat' dir='ltr'>articulos</span> 
     </span>
     <span class='ocr_line' id='line_1_32' title="bbox 141 3159 2025 3237; baseline 0.005 -25"><span class='ocrx_word' id='word_1_251' title='bbox 141 3159 490 3216; x_wconf 84' lang='lat' dir='ltr'>conscientiis</span> <span class='ocrx_word' id='word_1_252' title='bbox 522 3163 829 3237; x_wconf 87' lang='lat' dir='ltr'>imponere,</span> <span class='ocrx_word' id='word_1_253' title='bbox 869 3185 969 3222; x_wconf 91' lang='lat' dir='ltr'>nec</span> <span class='ocrx_word' id='word_1_254' title='bbox 1004 3168 1278 3234; x_wconf 87' lang='lat' dir='ltr'>extiterat,</span> <span class='ocrx_word' id='word_1_255' title='bbox 1318 3186 1419 3223; x_wconf 89' lang='lat' dir='ltr'>nec</span> <span class='ocrx_word' id='word_1_256' title='bbox 1448 3186 1476 3222; x_wconf 86' lang='lat' dir='ltr'>a</span> <span class='ocrx_word' id='word_1_257' title='bbox 1509 3167 1772 3223; x_wconf 86' lang='lat' dir='ltr'>Romanis</span> <span class='ocrx_word' id='word_1_258' title='bbox 1804 3167 2025 3223; x_wconf 85' lang='lat' dir='ltr'>Pontifi-</span> 
     </span>
     <span class='ocr_line' id='line_1_33' title="bbox 141 3255 2023 3338; baseline 0.007 -30"><span class='ocrx_word' id='word_1_259' title='bbox 141 3255 297 3310; x_wconf 83' lang='lat' dir='ltr'>cibus</span> <span class='ocrx_word' id='word_1_260' title='bbox 328 3259 601 3314; x_wconf 89' lang='lat' dir='ltr'>somniata</span> <span class='ocrx_word' id='word_1_261' title='bbox 639 3261 840 3319; x_wconf 82' lang='lat' dir='ltr'>fuerat.</span> <span class='ocrx_word' id='word_1_262' title='bbox 881 3265 1057 3337; x_wconf 84' lang='lat' dir='ltr'>Igitur</span> <span class='ocrx_word' id='word_1_263' title='bbox 1079 3267 1503 3338; x_wconf 87' lang='lat' dir='ltr'>expostulabant</span> <span class='ocrx_word' id='word_1_264' title='bbox 1536 3284 1564 3319; x_wconf 88' lang='lat' dir='ltr'>a</span> <span class='ocrx_word' id='word_1_265' title='bbox 1589 3265 1892 3322; x_wconf 89' lang='lat' dir='ltr'>nominatis</span> <span class='ocrx_word' id='word_1_266' title='bbox 1922 3267 2023 3322; x_wconf 90' lang='lat' dir='ltr'>Ro-</span> 
     </span>
     <span class='ocr_line' id='line_1_34' title="bbox 141 3355 2023 3436; baseline 0.007 -29"><span class='ocrx_word' id='word_1_267' title='bbox 141 3355 292 3409; x_wconf 91' lang='lat' dir='ltr'>mani</span> <span class='ocrx_word' id='word_1_268' title='bbox 334 3356 641 3426; x_wconf 82' lang='lat' dir='ltr'>PontiticeS,</span> <span class='ocrx_word' id='word_1_269' title='bbox 695 3365 756 3414; x_wconf 87' lang='lat' dir='ltr'>ut</span> <span class='ocrx_word' id='word_1_270' title='bbox 802 3370 1130 3436; x_wconf 88' lang='lat' dir='ltr'>respuerent</span> <span class='ocrx_word' id='word_1_271' title='bbox 1179 3363 1605 3419; x_wconf 91' lang='lat' dir='ltr'>declarationem</span> <span class='ocrx_word' id='word_1_272' title='bbox 1654 3369 1771 3419; x_wconf 89' lang='lat' dir='ltr'>tum</span> <span class='ocrx_word' id='word_1_273' title='bbox 1818 3365 1888 3420; x_wconf 93' lang='lat' dir='ltr'>ob</span> <span class='ocrx_word' id='word_1_274' title='bbox 1930 3365 2023 3420; x_wconf 91' lang='lat' dir='ltr'>de-</span> 
     </span>
     <span class='ocr_line' id='line_1_35' title="bbox 139 3452 2022 3535; baseline 0.008 -31"><span class='ocrx_word' id='word_1_275' title='bbox 139 3452 445 3510; x_wconf 85' lang='lat' dir='ltr'>testandam</span> <span class='ocrx_word' id='word_1_276' title='bbox 487 3456 732 3528; x_wconf 86' lang='lat' dir='ltr'>ejusdem</span> <span class='ocrx_word' id='word_1_277' title='bbox 777 3457 1163 3514; x_wconf 86' lang='lat' dir='ltr'>declarationis</span> <span class='ocrx_word' id='word_1_278' title='bbox 1203 3459 1535 3530; x_wconf 88' lang='lat' dir='ltr'>doctrinam,</span> <span class='ocrx_word' id='word_1_279' title='bbox 1583 3466 1702 3517; x_wconf 90' lang='lat' dir='ltr'>tum</span> <span class='ocrx_word' id='word_1_280' title='bbox 1746 3469 2022 3535; x_wconf 89' lang='lat' dir='ltr'>quatenus</span> 
     </span>
     <span class='ocr_line' id='line_1_36' title="bbox 142 3546 2021 3636; baseline 0.01 -36"><span class='ocrx_word' id='word_1_281' title='bbox 142 3546 439 3608; x_wconf 87' lang='lat' dir='ltr'>declaratio</span> <span class='ocrx_word' id='word_1_282' title='bbox 485 3553 579 3609; x_wconf 91' lang='lat' dir='ltr'>illa</span> <span class='ocrx_word' id='word_1_283' title='bbox 619 3554 821 3610; x_wconf 90' lang='lat' dir='ltr'>decreti</span> <span class='ocrx_word' id='word_1_284' title='bbox 870 3561 1132 3611; x_wconf 89' lang='lat' dir='ltr'>naturam</span> <span class='ocrx_word' id='word_1_285' title='bbox 1177 3557 1458 3629; x_wconf 89' lang='lat' dir='ltr'>induerat,</span> <span class='ocrx_word' id='word_1_286' title='bbox 1505 3576 1566 3615; x_wconf 90' lang='lat' dir='ltr'>ex</span> <span class='ocrx_word' id='word_1_287' title='bbox 1615 3560 1911 3636; x_wconf 88' lang='lat' dir='ltr'>implorato</span> <span class='ocrx_word' id='word_1_288' title='bbox 1960 3580 2021 3617; x_wconf 88' lang='lat' dir='ltr'>ac</span> 
     </span>
    </p>
   </div>
  </div>
 </body>
</html>
