2306 4010
889 178 1018 226 PARS
1048 177 1285 224 SECUNDA.
1974 177 2030 223 69

152 291 287 348 adeo
312 289 596 346 notorium
629 294 731 359 est,
762 293 826 343 ut
856 284 1323 362 praetermittenda
1344 283 1434 340 hic
1465 283 1582 340 visa
1612 283 1724 340 sint
1748 283 1911 358 plura
1935 281 2030 337 do-

150 394 410 445 cumenta
444 405 567 460 quae
593 386 814 443 abunde
836 386 894 441 in
917 383 1298 460 probationem
1329 381 1528 439 adduci
1554 387 1800 457 possent.

227 486 281 541 5⁰
323 486 362 539 Α
394 484 608 540 fortiori
655 483 781 539 Sedi
823 480 1135 556 apostolicae
1169 497 1523 555 summopere
1557 478 1843 554 displicuit
1883 478 2031 552 quod

150 583 405 638 Gallicani
438 581 726 656 praesuleS‚
755 596 868 635 non
892 582 1113 633 tantum
1147 583 1390 649 quatuor
1417 577 1680 634 articulos
1718 595 1878 633 suam
1913 594 2034 632 esse

152 679 460 734 doctrinam
496 674 913 743 declaraverint,
942 671 1037 728 sed
1071 671 1302 747 insuper
1327 668 1746 747 procuraverint
1778 675 1920 730 hanc
1946 692 2033 730 so-

151 776 261 830 lam
298 775 354 830 in
394 773 598 829 scholis
636 778 688 827 et
724 770 945 844 scriptis
985 769 1225 836 admitti,
1266 772 1604 827 contrariam
1642 778 1828 828 autem
1856 772 2033 850 edicto

157 871 303 944 regio
339 870 444 925 sub
484 867 663 942 poenis
706 865 1006 940 prohiberi.
1051 865 1327 920 Nimirum
1373 885 1731 940 summopere
1770 869 2033 927 Romanis

149 967 502 1025 Pontificibus
538 964 822 1039 displicuit
850 963 1151 1019 declaratio
1181 964 1312 1018 anni
1351 964 1520 1033 1682,
1554 971 1830 1037 quatenus
1861 968 2032 1023 simul

150 1065 253 1120 suit
277 1067 534 1120 decretam
572 1062 835 1137 praedicto
869 1079 1037 1118 sensu
1065 1061 1475 1134 obligatorium.

218 1163 495 1217 Paoposmo
520 1162 619 1217 ΙΨ.
649 1193 716 1202 —
736 1159 889 1216 Falso
918 1163 1143 1215 asseruit
1169 1159 1497 1229 BossuetiuS,
1518 1163 1572 1215 in
1597 1161 1725 1215 libro
1752 1161 2029 1233 Defensio-

143 1264 246 1331 ni3,
267 1260 388 1316 Secti
402 1259 711 1333 Apostolicae
723 1259 1331 1330 displicuissedumtaxat
1342 1259 1478 1330 qaod
1494 1259 1752 1316 Gallicani
1767 1259 2030 1315 Praesales

148 1361 406 1414 decretam.
445 1359 506 1413 de
548 1359 651 1429 sicle
685 1359 1026 1412 conscientias
1072 1358 1393 1429 obstrinyens
1439 1365 1614 1428 (prout
1660 1360 1776 1429 ipsa
1817 1376 2034 1413 erronee

145 1457 380 1528 putabat)
426 1456 580 1509 edere
618 1455 1102 1526 praesnmpsissent;
1131 1472 1293 1524 neque
1325 1455 1463 1508 aliud
1486 1473 1516 1507 a
1544 1457 1822 1509 nominatis
1856 1464 2030 1525 posta-

151 1560 331 1618 tatnm,
359 1570 511 1622 qnam
536 1559 591 1605 ut
610 1551 859 1621 ejusmodi
879 1551 1141 1605 decretam
1160 1552 1227 1604 acl
1246 1552 1556 1606 eredendum
1577 1552 1813 1622 obliyans
1835 1560 2030 1607 retrac-

152 1656 314 1702 tarent
333 1650 406 1702 vel
431 1665 462 1701 α
487 1657 652 1702 mente
674 1666 770 1702 sua
789 1650 1013 1701 alienam
1039 1649 1208 1718 fnisse
1229 1648 1558 1702 declararent
1572 1671 1589 1711 ;
1620 1656 1669 1702 et
1693 1649 1902 1702 tandem
1926 1666 2031 1702 non

149 1746 212 1799 de
233 1747 335 1799 alio
362 1762 417 1799 se
434 1745 609 1799 dolere
635 1752 847 1799 testatos
874 1762 984 1799 esse
1009 1745 1172 1798 dictos
1196 1747 1513 1811 nominato&
1539 1762 1694 1814 qaam
1716 1745 1852 1815 quod
1876 1744 2028 1800 Sam-

146 1857 256 1894 mus
287 1839 558 1911 Pontifeae,
590 1842 647 1894 ab
679 1858 893 1895 erronee
918 1843 1235 1913 suppositam
1263 1842 1518 1912 ejusmodi
1541 1841 1824 1911 decretam,
1843 1859 2028 1912 anqus-

148 1939 273 1992 tiam
311 1955 498 2009 passas
537 1947 687 1992 esset.
716 1971 783 1978 ——
807 1938 1201 1994 Praemiuimus
1243 1938 1481 2011 ipsamet
1526 1939 1656 1993 libri
1690 1939 2029 2011 Defensionis

145 2034 329 2103 verba,
365 2053 486 2106 quae
517 2035 792 2109 triplicem
821 2036 973 2090 illam
1005 2037 1365 2092 assertionem
1404 2036 1688 2092 continent
1723 2058 1732 2089 :
1764 2060 1790 2088 «
1820 2037 2025 2093 Idcirco

146 2147 243 2186 nec
269 2131 446 2203 piguit
462 2132 641 2187 Gallos
668 2133 734 2187 ad
760 2134 1136 2208 episcopatum
1166 2135 1595 2207 pi‘olnovcnclt)*S,
1631 2134 1774 2189 datis
1805 2134 1873 2190 ad
1890 2136 2026 2190 Pon-

146 2226 349 2283 tificem
386 2229 693 2284 maximum
722 2231 946 2298 litteris,
985 2232 1041 2286 id
1068 2232 1523 2287 obedientissime
1551 2233 1796 2306 profiteri
1823 2239 1874 2288 et
1897 2234 2026 2289 sub-

149 2324 389 2379 scribere
415 2345 425 2376 :
451 2324 707 2396 Quidquid
735 2330 785 2380 in
804 2329 985 2381 iisdem
1011 2331 1228 2382 comitiis
1257 2332 1393 2382 circa
1425 2331 1828 2383 ecclesiasticam
1856 2339 2026 2400 potes-

149 2427 302 2475 tatem
340 2429 389 2475 et
419 2424 736 2493 pontificiam
776 2427 1135 2479 (uictoritatem
1164 2426 1423 2480 decretum
1460 2428 1660 2480 censeri
1696 2429 1889 2498 potnit,
1925 2446 2023 2499 pro

149 2535 249 2571 non
274 2519 480 2573 decreto
523 2520 698 2574 haberi
735 2521 862 2575 velle
901 2542 915 2572 :
956 2540 1098 2576 mens
1131 2541 1334 2594 nempe,
1378 2523 1663 2594 inquiunt,
1698 2532 1877 2579 nostra
1919 2543 2024 2579 non

148 2613 244 2683 snit
278 2614 554 2685 quidquam
587 2615 879 2670 decernere.
921 2615 1074 2678 Quod
1117 2617 1174 2671 in
1222 2618 1338 2690 ipso
1382 2624 1658 2674 conventu
1702 2620 1851 2675 clara
1895 2640 2024 2677 voce

146 2715 373 2766 testatos
402 2729 465 2766 ex
496 2712 664 2784 gestis
701 2712 960 2770 vidimus,
987 2715 1135 2770 Nihil
1158 2733 1357 2790 nempe
1381 2716 1665 2772 decretum
1693 2719 1842 2791 quod
1873 2737 2026 2792 spec·

147 2812 286 2862 taret
319 2807 385 2863 ad
411 2808 597 2879 fidem,
621 2811 750 2865 nihil
766 2829 824 2866 eo
849 2814 1017 2867 animo
1042 2821 1098 2867 at
1130 2817 1469 2869 conscientias
1513 2818 1907 2887 constrinqeret,
1933 2825 2028 2873 aut

147 2905 372 2961 alterius
406 2908 691 2964 sententiae
741 2910 1255 2967 condemnationem
1291 2912 1579 2969 induceret
1611 2935 1620 2965 :
1651 2914 1706 2969 id
1737 2915 1886 2969 enim
1924 2933 2025 2971 nec

147 3019 242 3074 per
281 3005 558 3060 somnium
608 3007 939 3078 cogitabant.
980 3010 1178 3079 Quare,
1222 3029 1334 3066 cum
1377 3014 1479 3067 tale
1509 3013 1771 3068 decretum
1818 3032 1848 3066 a
1888 3013 2024 3068 clero

150 3099 408 3155 Gallicano
436 3104 628 3158 editam
668 3115 969 3177 putaretur,
1006 3109 1060 3162 icl
1090 3126 1121 3162 a
1145 3127 1200 3163 se
1237 3111 1439 3165 amoliti
1467 3121 1586 3166 sunt
1621 3111 1780 3178 Galli,
1823 3129 2024 3166 summo

149 3215 260 3250 cnm
292 3200 451 3251 animi
496 3199 703 3269 dolore‚·
730 3222 892 3275 neque
928 3205 1072 3259 aliud
1105 3208 1382 3278 quidquam
1426 3209 1487 3262 (Ie
1521 3211 1633 3281 ipsa
1669 3209 2027 3265 deelaratione

148 3302 238 3348 ant
262 3294 501 3348 Ponrirex
533 3314 698 3350 vomnr
734 3308 818 3354 aut
846 3300 1083 3373 Episcopi
1120 3306 1470 3372 praestiterant
1525 3303 1603 3375 (in
1634 3303 2023 3361 dissertatione

149 3389 347 3462 praevia
378 3391 467 3446 cui
500 3391 695 3447 titulus
722 3394 892 3450 Gallia
917 3398 1229 3464 orthodoxam
1253 3416 1306 3453 n.
1331 3400 1422 3469 v1).

227 3508 253 3538 «
285 3487 472 3560 Itaque
493 3490 639 3544 haud
672 3490 795 3546 aliis
820 3475 1232 3548 conditionibus
1249 3496 1565 3569 compositae
1591 3515 1678 3553 res
1702 3506 1853 3556 sunt.
1881 3501 2021 3565 Quid

150 3581 295 3637 enim
325 3585 392 3639 ab
418 3585 699 3658 Episcopis
721 3586 1014 3643 Gallicanis
1039 3589 1390 3647 Innocentius
1415 3592 1522 3660 XII,
1556 3595 1824 3672 honus-ac
1840 3597 2024 3670 paciti*
