2306 4010
323 133 412 194 150
997 132 1288 184 TRACTATUS
1317 127 1385 177 DE
1416 129 1561 178 PAPA.

317 271 499 329 nuper
523 268 759 310 censura
796 246 1194 324 praedictarum
1225 218 1702 314 propositionum,
1737 244 1792 295 et
1817 255 2005 296 severa
2040 240 2232 316 prohi-

316 353 453 410 bitio
480 370 550 407 ne
574 349 700 424 quis
726 348 853 403 illas
874 344 988 401 ullo
1017 338 1186 395 modo
1214 337 1392 408 editas
1430 343 1528 395 aut
1549 338 1795 414 scriptas
1817 338 1969 414 apud
1991 356 2055 396 se
2096 339 2231 396 reti-

315 456 444 509 neat
473 471 501 503 »
532 446 790 522 (ibidem,
814 454 1052 498 numero
1075 437 1190 511 19).

303 666 328 717 g
361 663 398 703 5.
427 683 480 691 -
505 660 703 700 Censores
728 653 918 703 Romani,
946 655 989 696 in
1025 652 1360 708 Congregatione
1382 650 1684 699 Cardinalium,
1710 650 1761 692 ab
1788 649 2032 692 Innocentio
2062 650 2115 692 XI
2139 663 2231 704 spe-

357 728 523 769 cialiter
547 726 758 778 deputata,
779 724 1029 777 judicarunt
1053 729 1234 778 quatuor
1260 722 1491 764 Gallicanos
1515 720 1714 763 articulos
1743 720 1845 762 anni
1871 720 1974 761 1682
2002 732 2087 762 non
2111 731 2231 774 posse

355 796 500 838 mitius
524 793 733 848 proscribi
760 805 888 846 quam
917 794 1173 835 abstinendo
1196 794 1247 835 ad
1272 804 1490 834 summum
1513 805 1536 832 a
1565 796 1662 833 nota
1692 791 1898 833 haereseos
1909 802 1928 840 ‚·
1950 790 2120 832 omnino
2142 790 2230 831 sci-
2292 786 2306 797 ⁸

350 866 449 907 licet
476 866 536 907 eis
560 861 791 905 inurendas
807 873 900 904 esse
923 867 1096 905 caeteras
1120 863 1346 905 inferiores
1369 866 1504 904 notas.

371 987 429 1043 Id
466 993 737 1061 testatum
773 986 1009 1061 reliquit
1060 984 1373 1042 Cardinalis
1419 985 1488 1041 de
1527 985 1768 1058 Aguirre
1813 983 1872 1039 in
1922 1001 2092 1059 opere
2124 1001 2226 1039 suo

295 1086 546 1158 Defensio
590 1087 854 1143 cathedrae
885 1086 943 1143 S.
973 1085 1145 1156 Petri,
1175 1084 1423 1142 sectione
1447 1088 1649 1156 quarta
1688 1082 2096 1157 disputationis
2137 1101 2219 1137 XL.

294 1184 471 1248 Quam
513 1176 819 1240 sectionem
855 1182 932 1238 ita
967 1180 1260 1256 inscripsit
1293 1202 1304 1235 ε
1340 1181 1600 1236 Praesules
1643 1179 1949 1238 Gallicanos
1987 1199 2094 1236 non
2127 1198 2224 1252 po-

292 1285 453 1338 tuisse
474 1284 588 1338 sine
627 1283 939 1354 =qravissimo
981 1287 1138 1335 reatu
1171 1279 1417 1353 proferre
1449 1297 1563 1334 eam
1595 1278 2052 1342 declarationem;
2081 1287 2223 1334 tene-

290 1385 438 1455 rique
467 1382 618 1439 illam
648 1383 860 1439 abolere
883 1382 1085 1455 palam,
1122 1387 1308 1454 utpote
1332 1380 1639 1436 damnatam
1675 1398 1705 1435 a
1755 1379 1975 1453 reliquis
2003 1380 2222 1435 catholi-

296 1485 389 1552 cis,
438 1492 488 1539 et
512 1503 680 1558 nuper
707 1485 768 1539 ab
793 1484 1131 1556 inquisitione
1163 1482 1454 1555 Hispaniae.
1489 1479 1569 1535 lbi
1597 1479 1860 1536 meminit
1885 1479 1953 1536 de
1987 1479 2219 1554 praefata

289 1581 672 1637 Cardinalium
705 1581 1142 1655 congregatione
1178 1580 1237 1635 in
1271 1580 1422 1636 hunc
1448 1579 1682 1636 modum
1714 1599 1724 1631 :

367 1700 395 1732 «
418 1680 599 1743 Quare
627 1681 783 1736 nullo
817 1682 945 1749 jure
981 1680 1142 1736 licuit
1188 1679 1598 1736 illustrissimis
1632 1678 1978 1734 Praesulibus
2027 1676 2217 1734 Galliae

286 1778 727 1835 declarationem
758 1779 942 1849 edere,
988 1779 1181 1834 minus
1224 1785 1416 1835 autem
1443 1778 1832 1852 constringere
1869 1786 1962 1834 aut
2004 1776 2216 1833 hortari

284 1878 353 1933 ad
380 1878 539 1934 illam
564 1878 620 1933 in
653 1878 912 1934 Ecclesiis
948 1878 1069 1952 ejus
1094 1877 1438 1934 nobilissimi
1466 1877 1629 1951 regni
1656 1876 2006 1950 sequendam
2035 1899 2044 1942 3
2078 1894 2210 1932 cum

284 1976 518 2049 singulae
551 1977 672 2050 ejus
695 1977 884 2033 theses
914 1978 1238 2048 qravissimis
1265 1979 1496 2032 censuris
1521 1984 1724 2032 notatae
1758 1976 2122 2032 inveniantur
2151 1978 2214 2031 ab

283 2077 517 2131 omnibus
547 2075 662 2146 fere
688 2076 982 2132 catholicis
1010 2075 1389 2151 scriptoribus
1416 2075 1884 2149 doctoribusque3
1919 2080 1972 2130 et
2001 2093 2211 2150 nuper-

283 2171 427 2228 rime
448 2192 480 2228 a
499 2175 799 2228 censoribus
826 2174 1078 2229 Romanis
1100 2197 1116 2239 ;
1145 2173 1294 2229 inter
1318 2192 1461 2246 quos
1488 2173 1917 2230 illustrissimus
1941 2172 2210 2229 dominus

279 2272 522 2345 Angelus
550 2290 579 2326 a
610 2272 780 2339 Nuce,
822 2271 1293 2347 Archiepiscopus
1316 2273 1679 2343 Rosanensis,
1712 2273 1850 2329 olim
1880 2265 2055 2328 abbas
2083 2270 2210 2328 Cas:

276 2370 520 2426 sinensis
545 2371 1073 2443 Archimonasterii,
1096 2373 1332 2446 ejusque
1357 2372 1603 2430 Chronici
1621 2371 2047 2429 eruditissimus
2071 2390 2201 2428 auc-

277 2474 386 2524 tor.
420 2470 666 2542 Rogatus
701 2471 1037 2526 sententiam
1070 2470 1130 2525 in
1158 2471 1388 2546 speciali
1415 2472 1848 2546 congregatione
1876 2471 2207 2528 eminentis-

280 2564 558 2619 simorum
587 2565 968 2620 Cardinalium
996 2572 1049 2621 et
1071 2567 1487 2641 theologorum,
1512 2569 1770 2626 instituta
1791 2589 1821 2626 a
1847 2568 2206 2626 sanctissimo

280 2659 507 2716 domino
546 2667 740 2717 nostro
784 2662 1109 2720 Innocentio
1142 2665 1230 2733 XI,
1278 2683 1399 2720 eam
1434 2669 1693 2741 protulit,
1729 2677 1803 2739 ut,
1835 2672 1997 2725 etiam
2035 2671 2206 2725 mitis-

281 2760 413 2814 sime
442 2762 815 2833 pronuntianQ
865 2763 1104 2834 sinqulas
1143 2783 1327 2820 earum
1369 2770 1802 2840 propositionum
1849 2776 2052 2825 tantum
2101 2787 2206 2824 non
2276 2840 2279 2842 ,

285 2859 531 2914 traducat
584 2860 744 2915 veluti
776 2880 1079 2917 HAERETICAS.
1139 2862 1298 2926 Quod
1328 2864 1498 2921 etiam
1550 2874 1607 2921 ut
1640 2871 1912 2925 minimum
1935 2871 2206 2942 judicasse

281 2963 511 3014 caeteros
542 2959 657 3016 fere
688 2978 949 3017 censores
970 2961 1277 3033 Romanos,
1307 2982 1371 3019 ex
1395 2964 1567 3020 variis
1594 2967 1975 3039 quorumdam
2004 2985 2200 3023 eorum

286 3057 541 3131 epistolis
564 3058 886 3117 didicimus
925 3083 950 3112 »

280 3270 304 3322 S
330 3270 370 3310 6.
391 3292 443 3300 -
466 3273 511 3312 In
537 3273 698 3324 Galliis,
725 3274 804 3316 etsi
831 3276 884 3317 ab
917 3288 1026 3318 anno
1050 3277 1170 3326 1682,
1200 3290 1328 3330 quam
1351 3277 1527 3331 plurimi
1551 3284 1754 3332 perpetuo
1784 3279 2002 3323 extiterint
2025 3282 2203 3323 Pontifi-

334 3338 409 3379 ciae
435 3340 747 3385 infallibilitatis
774 3352 1126 3398 propugnatores,
1146 3347 1356 3400 paulatim
1381 3353 1521 3389 tamen
1553 3350 1778 3401 praevaluit
1801 3350 2039 3392 contrarius
2062 3364 2197 3402 error,

334 3417 461 3458 quem
490 3412 815 3455 seminariorum
840 3415 1025 3456 alumnis
1050 3421 1292 3458 constanter
1313 3417 1488 3466 infudit,
1515 3429 1564 3458 ac
1581 3418 1707 3459 etiam
1732 3429 1845 3459 nunc
1874 3416 2060 3458 infundit
2091 3419 2201 3460 Con-

333 3476 525 3528 gregatio
547 3479 682 3522 Sancti
709 3483 892 3537 Sulpitii.

356 3592 512 3657 Quod
538 3593 598 3649 in
619 3595 801 3656 Galliae
832 3601 983 3658 clero
1008 3601 1300 3660 Pontificia
1331 3602 1710 3661 infallibilitas
1741 3609 2193 3679 propugnatores
