2306 4010
332 129 418 175 5512
1005 125 1298 172 TRAGTATUS
1328 125 1394 171 DE
1424 125 1572 172 ΡΑΡΑ.

326 236 535 294 diserte
560 234 730 290 tradit
756 231 916 288 dictae
948 231 1409 290 condemnationi
1432 233 1492 289 in
1518 232 1831 291 Honorium
1858 242 2239 312 pronuntiata1

327 348 623 405 nunquam
648 328 825 386 ullius
849 328 1087 388 Romani
1113 331 1398 389 Pontificis
1424 333 1890 410 approbationem
1918 339 2241 411 accessisse,
2297 343 2303 348 '

327 435 492 506 prout
524 427 713 485 videre
739 434 823 486 est
849 447 1023 506 supra
1054 432 1101 506 (ἓ
1126 431 1182 501 2,
1222 431 1560 489 documento
1581 433 1742 506 XIII).

399 526 685 582 Pnoposrno
712 527 817 585 VI·.
846 561 928 570 -—
948 527 1100 597 Quod
1132 530 1353 587 Honorii
1383 532 1746 588 condemnatio
1778 534 1880 588 vim
1907 533 2139 591 habuerit
2155 516 2245 607 ju:

322 629 445 684 dicii
496 631 808 686 oecumenice
838 633 1194 704 pronuntiati,
1239 651 1570 706 nequaquam
1600 634 1863 707 probatur
1902 653 1968 691 ex
2004 654 2063 692 eo
2107 638 2245 709 quod

321 729 375 783 in
400 729 531 784 actis
565 730 806 802 septimae
845 748 906 786 ac
941 738 1142 787 octavae
1167 732 1429 806 yeneralis
1469 733 1657 806 synodi
1696 734 1885 789 iterum
1916 735 2099 790 eadem
2131 753 2246 790 con-
2290 790 2298 794 ,,

321 825 585 883 demnatio
613 830 933 901 reperiatur.
957 861 1030 871 ·-
1049 828 1326 903 Equidem
1351 829 1409 886 in
1439 829 1658 887 duobus
1686 830 1851 888 dictis
1881 832 2241 906 generalibus
2287 863 2306 932 i

315 927 573 985 conciliis
607 934 947 1005 repetuntur
974 936 1129 1005 gesta
1167 930 1366 1007 synodi
1403 937 1594 1004 sextae,
1627 950 1692 988 ac
1728 933 1963 1008 proinde
1989 952 2238 1009 pronun·
2286 928 2306 966 ἕ

313 1028 446 1086 tiata
469 1030 638 1088 etiam
662 1014 858 1088 contra
885 1031 1192 1089 Honorium
1229 1033 1538 1090 damnatio,
1569 1033 1664 1091 Ast
1695 1034 2091 1091 condemnatio
2123 1036 2238 1091 haec
2293 1040 2306 1100 {33

318 1131 785 1189 oecumenicitatis
812 1131 947 1200 vim,
969 1150 1139 1206 quam
1166 1150 1280 1188 non
1307 1132 1505 1190 habuit
1533 1152 1598 1189 ex
1621 1134 1830 1209 synodo
1858 1139 2033 1204 sexta,
2053 1153 2238 1208 neque
2290 1170 2300 1201 5

318 1248 382 1285 ex
411 1229 632 1286 duabus
660 1230 787 1288 aliis
829 1230 1065 1305 recepit.
1102 1231 1319 1287 Etenim
2304 1300 2306 1302 ¹

401 1330 450 1385 1⁰
485 1330 830 1388 OEcumenici
858 1330 1060 1405 judicii
1088 1331 1202 1387 vim
1236 1350 1351 1388 non
1386 1332 1596 1390 habent
1630 1352 1756 1408 quae
1787 1335 1847 1391 in
1878 1335 2237 1409 generalibus

315 1428 540 1485 concilii
595 1447 695 1504 per
731 1430 973 1488 formam
1029 1434 1357 1488 narrationis
1399 1439 1816 1506 memorantur,
1867 1434 2006 1508 quin
2048 1436 2116 1492 de
2168 1435 2236 1490 iis
2284 1424 2286 1426 ’

315 1527 548 1600 quaestio
590 1526 923 1586 instituatur
963 1535 1016 1586 et
1058 1530 1373 1604 quidquam
1421 1549 1670 1605 expresse
1695 1532 2118 1607 pronuntietur.
2150 1533 2239 1588 At·
2291 1547 2306 1565 ’·

314 1626 496 1699 quiin
525 1627 761 1703 septima
799 1635 852 1685 et
894 1636 1083 1686 octava
1131 1631 1367 1709 synodo,
1395 1650 1465 1688 ne
1496 1631 1555 1687 in
1595 1632 1961 1705 quaestionem
2007 1633 2234 1723 quidem

316 1722 467 1779 venit
516 1723 742 1780 Honorii
800 1726 1221 1797 condemnatiO,
1270 1746 1372 1785 nec
1411 1729 1479 1786 de
1509 1747 1571 1786 ea
1616 1729 1927 1804 quidquam
1977 1749 2237 1807 expresse

314 1823 767 1898 pronuntiatum,
809 1826 907 1882 sed
944 1828 1248 1884 enarrando
1292 1835 1518 1886 tantum
1571 1829 1745 1886 relata
1784 1838 1916 1887 sunt
1955 1836 2123 1888 sextae
2150 1849 2235 1904 sy·

318 1920 451 1978 nodi
482 1927 625 1979 acta.
648 1923 786 1997 Ergo
811 1923 945 1980 inde
970 1925 1130 1981 dictae
1157 1926 1620 1985 condemnationi
1659 1928 2129 1986 oecumenicitatis
2155 1928 2235 1985 vis

314 2039 674 2096 nequaquam
713 2025 968 2081 accessit.
2278 2017 2298 2111 ι’

390 2124 445 2177 2⁰
487 2122 567 2177 Ad
598 2123 899 2198 septimam
929 2123 1207 2203 synodum
1249 2126 1400 2199 quod
1442 2126 1664 2196 attinet,
1705 2146 1766 2183 cx
1799 2146 1862 2184 ea
1895 2135 2116 2204 recepta
2150 2135 2230 2185 est
2275 2074 2306 2247 ἰ

310 2227 530 2278 tantum
576 2241 606 2279 a
639 2222 778 2280 Sede
826 2223 1135 2299 apostolica
1179 2232 1233 2282 et
1284 2225 1397 2280 vim
1449 2225 1784 2282 oecumenici
1816 2227 2016 2300 judicii
2045 2217 2234 2284 'habet

312 2322 548 2395 delinitio
576 2321 645 2378 de
675 2340 968 2379 sacrarum
997 2322 1312 2398 imaginum
1350 2324 1530 2381 cultu.
1567 2326 1835 2382 Caeterum
1871 2327 2116 2402 synodus
2139 2327 2231 2383 illa

308 2421 367 2478 in
395 2421 654 2497 pluribus
681 2421 887 2479 erravit
925 2422 1068 2493 (vide
1095 2424 1246 2499 apud
1272 2424 1476 2493 Labbe,
1510 2429 1663 2481 tomo
1688 2425 1796 2495 vll,
1825 2425 1932 2482 col.
1966 2425 2061 2496 29,
2093 2444 2231 2500 prae·
2271 2468 2274 2470 -

309 2523 562 2593 {ationem
596 2521 880 2579 Anastasii
923 2522 1389 2592 Bibliothecarii).
1439 2523 1590 2581 Unde
1616 2543 1911 2600 perperam
1959 2525 2286 2599 allegaturg.

315 2622 430 2677 haec
458 2621 698 2696 septima
727 2622 973 2699 synodus
1017 2629 1080 2679 ut
1123 2623 1284 2679 dictae
1318 2623 1547 2680 Honorii
1590 2624 2047 2682 condemnationi
2086 2572 2294 2892 cem-I

311 2721 651 2779 nlenicitatis
683 2723 767 2779 vis
803 2723 1175 2780 adsciscatur.

384 2821 667 2878 Pnoposmo
691 2821 818 2877 vlr.
848 2852 920 2862 ——-
949 2823 1203 2881 Genuinae
1229 2841 1331 2880 non
1355 2834 1479 2880 sunt
1510 2831 1615 2880 tres
1643 2826 1875 2898 epistolae
1910 2826 2095 2882 Leonis
2126 2825 2182 2883 II
2200 2842 2262 2902 ⁶..

311 2923 492 2996 quibus
541 2930 770 2998 aryuunt
808 2923 1106 2979 adversarii
1148 2926 1516 2996 confirmatam
1547 2925 1717 2997 fuisse
1746 2927 1809 2982 ab
1851 2925 1942 2981 illo
1973 2925 2261 2997 Pantilice

307 3032 517 3080 seaetam
544 3024 846 3098 yeneralem
879 3024 1159 3097 synodum,
1203 3026 1362 3081 etiam
1409 3025 1581 3098 quoad
1605 3027 2012 3099 pronuntiatam
2045 3033 2221 3082 contra

308 3119 596 3178 Honorium
635 3124 989 3180 anathematis
1017 3126 1355 3180 sententiam.
1380 3159 1451 3170 —
1475 3124 1758 3198 Allegatos
1792 3126 1995 3181 harum
2023 3127 2218 3200 episto*

306 3221 493 3278 larum
513 3228 698 3280 textus
717 3223 892 3281 habes
920 3241 1092 3299 supra
1123 3226 1166 3296 (ἓ
1193 3224 1249 3294 2,
1273 3224 1627 3280 documentis
1651 3225 1712 3295 Χ,
1743 3224 1809 3279 XI
1839 3230 1891 3281 et
1917 3225 2047 3298 XII).
2071 3219 2216 3290 Quod

308 3322 544 3380 sincerae
568 3341 683 3379 non
715 3323 852 3395 sint,
884 3323 982 3380 sed
1007 3323 1361 3399 interpolatae
1380 3324 1469 3380 vel
1487 3324 1720 3380 omnino
1745 3324 2070 3399 suppositae,

383 3421 653 3478 Probatur
685 3423 739 3478 1⁰
761 3422 943 3496 quoad·
964 3431 1071 3478 tres
1097 3421 1257 3478 simul
1281 3421 1556 3496 epistolas.
1578 3455 1647 3464 —
1667 3420 2002 3478 Anastasius
2018 3416 2215 3491 Biblio-

308 3518 608 3590 thecarius,
637 3521 735 3595 qui
758 3521 1019 3578 ducentis
1042 3527 1167 3596 post
1194 3520 1475 3597 synodum
1501 3525 1715 3578 sextam
1750 3518 1912 3575 annis
1934 3516 2070 3573 vixit
2095 3510 2213 3588 qui-

302 3632 412 3688 que
436 3615 493 3671 in
533 3619 760 3677 scriniis
788 3621 1056 3678 Romanis
1093 3620 1514 3679 versatissimus
1557 3619 1689 3689 fuit,
1727 3617 1947 3674 nullam
1979 3615 2047 3671 de
2092 3608 2211 3668 istis
