2306 4010
795 193 923 241 PARS
953 193 1192 241 SECUNDA.
1475 189 1481 194 “
1840 188 1930 237 2⁶7

54 311 313 371 inimicus
355 309 521 363 homo
554 303 610 360 in
635 300 799 358 dictis
825 302 1127 358 Galliarum
1160 300 1436 374 religiosis
1475 297 1701 355 familiis
1736 313 1931 372 super-

55 407 364 467 seminavit.
395 403 677 460 Enimvero
700 415 794 453 eas
818 391 1013 455 omnes
1047 400 1106 455 in
1138 402 1240 457 hac
1266 399 1491 472 regione
1514 398 1633 453 lues
1657 397 1776 467 illa,
1808 413 1932 469 quae

57 506 322 565 Gallicani
354 496 662 579 systematis
686 497 913 551 nomine
941 498 1123 553 vocari
1150 499 1309 569 solet,
1346 498 1627 554 infecerat.
1670 497 1846 552 Immo
1870 513 1932 551 ex

64 608 199 683 ipsis
238 599 516 660 nonnullae
559 611 734 666 usquc
788 594 856 649 ad
897 595 1286 651 Jansenianam
1330 596 1584 652 haeresim
1621 613 1822 669 magna
1873 613 1934 651 ex

67 709 220 780 parte
259 695 675 782 declinaverant.
713 689 872 744 Nunc
905 694 1093 746 autem
1134 709 1227 746 eas
1263 710 1456 747 omnes
1491 692 1551 747 in
1581 692 1791 761 Galliis,
1834 691 1938 746 Deo

68 802 253 870 dante,
278 796 522 854 videmus
546 788 914 859 reflorescere,
944 806 1056 843 non
1081 793 1302 844 tantum
1328 791 1551 864 penitus
1585 792 1786 865 rejecto
1810 792 1838 846 J
1843 808 1938 846 an-

71 895 326 954 senistico
345 890 484 955 viru,
513 885 607 941 sed
638 890 690 939 et
720 884 879 940 valde
903 884 1019 957 jam
1054 891 1304 941 correcto
1332 886 1706 943 Gallicanismi
1733 906 1938 944 errore.

70 995 185 1059 Quo
202 1008 325 1063 ergo
342 1003 432 1044 eas
452 982 625 1059 pretio
651 982 985 1038 habebimus
1011 1000 1075 1038 ac
1099 983 1256 1039 loco?
1279 984 1595 1049 Laetandum
1622 1003 1754 1041 sane
1781 994 1945 1059 atque.

71 1089 204 1165 ipsis
233 1090 284 1141 et
307 1079 556 1137 Ecclesiae
586 1078 985 1151 gratulandum
1018 1079 1351 1154 plurimum.
1391 1079 1453 1134 Et
1498 1081 1627 1153 quia
1667 1082 1734 1137 de
1765 1082 1945 1156 Sulpi-

64 1180 208 1239 tiana
235 1177 443 1235 familia
488 1176 821 1232 nominatim
847 1196 1017 1252 supra
1058 1178 1444 1248 meminimus,
1483 1177 1593 1252 ipsi
1635 1178 1802 1235 etiam
1848 1197 1945 1234 no·

65 1277 311 1335 minatim
345 1276 818 1349 congratulamur,
856 1282 979 1332 tum
1021 1277 1168 1350 quod
1210 1277 1353 1351 ipsa,
1401 1284 1568 1352 prout
1613 1282 1667 1332 et
1706 1277 1949 1333 Societas

66 1378 209 1448 Jesu,
252 1374 578 1430 Janseniano
620 1392 830 1430 veneno
883 1393 1120 1449 prorsus
1171 1393 1396 1449 exspers
1439 1382 1702 1450 perpetuo
1748 1375 1944 1438 fuerit;

71 1480 188 1531 tum
207 1471 350 1547 quod
382 1472 441 1526 in
464 1472 754 1527 teterrimo
782 1473 912 1528 anni
940 1473 1086 1528 1795
1111 1473 1359 1541 turbine,
1388 1473 1543 1528 nulla
1569 1473 1746 1547 ipsius
1775 1490 1950 1528 mem-

74 1571 167 1628 bra
188 1568 434 1624 infecerit
460 1570 736 1643 apostasia
763 1575 859 1625 aut
884 1569 1303 1625 schismaticum
1331 1569 1747 1625 constitutionis
1775 1569 1951 1624 civilis

71 1666 195 1725 cleri
231 1667 640 1739 juramentum;
688 1674 804 1723 tum
848 1668 1088 1740 denique
1129 1669 1277 1741 quod
1320 1667 1587 1723 Gallicani
1634 1670 1952 1745 systematis

71 1783 274 1823 errores
296 1766 410 1839 jam
447 1785 510 1821 cx
540 1771 697 1840 parte
721 1766 1106 1839 derelinquere
1131 1767 1383 1841 coeperit,
1411 1765 1486 1821 ita
1509 1772 1570 1821 ut
1599 1765 1767 1820 etiam
1793 1765 1952 1838 plura

69 1865 239 1941 ipsius
269 1865 519 1920 membra
552 1864 790 1938 (utinam
822 1883 950 1920 mox
988 1865 1192 1931 omnia)
1234 1865 1301 1920 ad
1333 1865 1661 1933 Romanam,
1698 1863 1754 1917 id
1788 1869 1886 1932 est,
1926 1881 1952 1917 a

68 1962 197 2019 Sede
222 1962 523 2037 apostolica
554 1962 842 2036 probatam
871 1963 1183 2018 doctrinam
1213 1981 1334 2019 sese
1370 1961 1702 2036 receperint.
1741 1960 1893 2023 Quod
1927 1978 1954 2014 a

70 2065 314 2134 tempore
335 2060 486 2116 tertii
521 2060 796 2132 generalis
825 2060 1132 2134 superioris
1161 2061 1246 2116 sui
1270 2059 1482 2115 domini
1508 2060 1757 2114 Tronson
1778 2076 1956 2130 usqne

70 2176 216 2214 nunc
252 2157 629 2214 Gallicanismi
675 2159 789 2214 fece
827 2159 1017 2214 vitiata
1055 2159 1244 2226 fuerit,
1293 2177 1404 2213 non
1436 2158 1779 2230 indignando
1806 2175 1954 2212 com-

72 2273 465 2323 memoramuS,
509 2255 606 2310 sed
643 2255 1014 2326 ignoscendo:
1047 2256 1155 2310 fuit
1196 2257 1296 2311 hoc
1339 2255 1616 2327 siquidem
1658 2272 1957 2310 commune

72 2352 238 2408 totius
280 2353 393 2408 fere
441 2352 723 2407 saecularis
768 2371 829 2408 ac
872 2353 1140 2425 regularis
1189 2351 1455 2406 Gallicani
1501 2351 1634 2406 cleri
1682 2357 1952 2406 erratum.

71 2449 186 2506 Jam
226 2450 296 2520 si,
336 2457 397 2506 ut
427 2468 548 2506 meo
583 2450 1086 2524 quantulicumque
1113 2450 1402 2524 scriptoris
1441 2448 1622 2504 officio
1666 2448 1955 2519 defungar,

73 2555 126 2604 et
149 2549 331 2604 theses
365 2566 514 2604 meas
544 2556 735 2604 contra
763 2549 1011 2622 ejusdem
1049 2547 1491 2622 congregationis
1524 2547 1794 2620 objectam
1831 2563 1958 2601 aur-

77 2647 351 2702 toritatem
388 2653 439 2702 et
468 2647 717 2722 opposita
754 2647 953 2721 placita
990 2647 1306 2716 defendam,
1341 2645 1638 2702 hodiernos
1674 2645 1794 2718 ejus
1835 2661 1959 2718 pro-

81 2743 308 2798 fessores
334 2761 398 2798 ac
422 2745 717 2818 scriptores
752 2744 1055 2800 identidem
1088 2762 1407 2817 coarguam,
1437 2760 1642 2816 eosque
1670 2742 1959 2797 traducam

84 2843 343 2908 tanquam
371 2840 674 2896 etiamnum
715 2842 920 2912 deviOS,
962 2861 1022 2897 ac
1065 2842 1445 2897 claudicantes
1484 2842 1541 2895 in
1579 2841 1717 2895 duas
1757 2846 1960 2914 parteS,

87 2948 295 2986 necnon
328 2935 699 2993 Gallicanismi
728 2957 1022 3007 venenum,
1056 2940 1183 2996 licet
1211 2941 1315 2995 sub
1347 2940 1598 2995 Romanae
1635 2942 1758 3007 (nou
1792 2945 1959 2991 tamen

87 3037 427 3098 exaqyeratae,
477 3038 539 3086 ut
588 3033 770 3106 aiunt)
825 3037 1089 3092 doctrinae
1130 3038 1312 3106 larva,
1353 3037 1499 3091 clero
1544 3034 1729 3089 Galliae
1775 3031 1960 3085 infun-

89 3123 316 3188 dentes;
368 3126 539 3181 amica
581 3146 682 3183 vox
717 3130 829 3187 haec
869 3139 974 3202 est,
1011 3151 1122 3188 non
1156 3152 1407 3189 amarum
1451 3132 1586 3204 quid
1633 3127 1963 3185 revolventis

91 3218 281 3287 animi,
310 3220 402 3274 scd
429 3220 564 3292 ipsis
587 3221 643 3277 in
661 3226 929 3282 charitate
950 3229 1080 3284 Jesu
1107 3228 1497 3294 addictissimi,
1521 3234 1686 3298 atque
1708 3226 1759 3279 id
1786 3243 1959 3280 unum

94 3315 427 3371 intendentis
449 3335 511 3371 ac
535 3322 870 3399 peroptantis
893 3329 976 3390 ut,
1003 3324 1060 3378 id
1084 3324 1269 3397 ipsum
1295 3342 1424 3379 cum
1442 3323 1686 3378 Romana
1707 3322 1958 3378 omnium

92 3420 268 3470 matre
301 3432 363 3469 ac
404 3415 660 3486 magistra
699 3415 936 3472 Ecclesia
978 3419 1244 3481 dicentes,
1291 3420 1591 3476 Galliarum
1634 3421 1843 3476 clerum
1890 3421 1959 3476 ab

92 3513 391 3568 inveterato
429 3532 526 3568 suo
564 3513 854 3568 doctrinali
895 3517 1089 3571 morbo
1134 3519 1318 3590 (prout
1354 3525 1466 3575 tam
1504 3519 1662 3575 facile
1706 3528 1955 3594 possunt)

92 3616 283 3664 sanent
317 3610 558 3682 penituS,
597 3629 907 3684 sanumque
934 3622 1277 3670 conservent.
1306 3616 1414 3672 Hoc
1434 3618 1502 3673 ab
1542 3618 1700 3692 ipsis,
1727 3637 1825 3694 pro
1866 3637 1960 3674 no·
