2306 4010
301 126 389 174 562
702 137 706 140 ·
973 117 1272 166 ‘FRACTATUS
1302 118 1368 163 DE
1397 118 1541 167 PAPA.
1580 128 1593 142 *

300 246 540 294 sanctam
582 241 789 288 sea-lam
829 227 1161 301 synodum...
1210 226 1272 283 In
1316 244 1423 300 qua
1464 228 1667 301 synodo
1718 231 2055 287 condemnati
2099 241 2221 293 sunt

302 338 494 409 (lyram,
530 330 770 403 Serqius‘,
805 326 1092 400 Honorius,
1133 325 1399 400 Pyrrha-5,
1430 325 1655 396 PaulaS,
1685 334 1737 383 et
1771 327 1983 401 Petrus,
2021 347 2220 391 necnon

300 432 564 489 Macarius
593 445 710 484 oum
741 426 998 500 discipulo
1039 444 1133 483 suo
1170 425 1439 500 Stephano
1482 426 1586 502 (ita
1622 426 1760 485 citat
1797 427 2055 500 Garnier‚
2093 413 2255 499 libau-Z
2294 430 2295 434 ’

300 529 557 596 marnac,
581 525 786 603 pagina
809 525 943 596 185,
971 525 1104 582 edit.
1140 523 1369 582 Parisiis
1399 525 1594 600 1680).
1628 524 1800 582 Hodie
1827 543 1977 596 ver0‚
2003 525 2063 582 in
2088 527 2219 587 Pro-
2236 523 2246 529 '⁴

296 632 412 703 prio
454 647 556 703 pro
605 610 753 684 clero
791 626 1067 698 RomanO,
1103 625 1352 699 legitur:
1398 625 1461 682 In
1503 644 1562 682 eo
1604 625 1824 682 concilio
1866 625 2060 699 cyrus,
2104 626 2223 685 Ser-
2256 704 2258 706 ¹
2296 648 2299 651 ·

298 731 411 800 qius
449 736 500 784 et
541 727 782 801 Pyrrhus
821 727 1155 784 condemnati
1186 735 1328 797 sunt,
1380 744 1541 782 unam
1577 726 1940 782 tantummodo
1986 722 2249 787 volunta·
2298 707 2299 712 ἵ

300 836 403 885 tem
433 835 482 884 et
505 829 869 901 operationem
910 828 963 882 ia
989 826 1198 883 Christo
1234 827 1616 900 praedicantes.
1639 825 1899 899 Arguunt
1923 814 2290 911 adversariis-'2

299 945 366 982 ex
393 926 563 984 citata
597 926 770 1002 prisci
805 925 1073 983 breviarii
1104 924 1341 982 Romani
1382 924 1641 999 lectione,
1673 925 1742 981 ab
1770 923 1894 1000 ipsa
1925 924 2096 982 etiam
2126 925 2249 983 Ro-v·
2286 924 2289 935 ’

299 1044 466 1083 mana
504 1025 754 1082 Ecclesia
788 1031 1071 1100 receptam
1106 1023 1285 1081 fuisse
1320 1043 1384 1082 ac
1427 1023 1795 1100 approbatam
1839 1024 2068 1081 llonorii
2095 1030 2248 1087 con-1

301 1124 741 1181 demnationem.
773 1124 1200 1199 Respondemus
1236 1146 1246 1178 :
2236 1127 2246 1194 'v

378 1225 433 1282 1⁰
463 1225 522 1281 In
554 1225 723 1282 citata
746 1225 987 1281 lectione
1022 1223 1192 1281 officii
1220 1223 1399 1280 sancti
1426 1224 1621 1279 Leonis
1648 1223 1714 1294 ll,
1756 1221 1965 1279 dicitur
1995 1222 2221 1298 quidem
2244 1213 2302 1295 ,ᾔῗς

297 1344 427 1382 cum
451 1325 582 1381 aliis
610 1324 684 1380 ibi
713 1324 1020 1380 nominatis
1047 1324 1378 1382 damnatum
1405 1323 1577 1380 etiam
1608 1323 1784 1381 fuisse
1814 1310 2123 1382 Honorium
2158 1325 2215 1382 in
2250 1306 2256 1327 ἶ
2292 1347 2303 1399 ῑ

298 1433 450 1483 sexta
496 1424 746 1500 generali
789 1425 1034 1500 synod03
1086 1425 1183 1482 sed
1223 1426 1326 1481 hoc
1364 1423 1575 1482 dicitur
1613 1424 1902 1482 dumtaxat
1953 1424 2281 1486 historice.

299 1528 607 1584 Enarratur
645 1526 859 1582 scilicet
903 1525 1117 1583 factum
1163 1525 1495 1584 historicum
1539 1525 1928 1583 damnationis
1973 1527 2222 1600 Honorii,
2251 1551 2259 1563 ·’

300 1626 449 1699 quod
478 1643 676 1683 verum
715 1644 837 1684 esse
884 1626 1267 1684 concedimus
1309 1628 1374 1683 At
1421 1644 1783 1700 nequaquam
1819 1626 2050 1682 additur
2097 1628 2253 1707 con-J
2279 1627 2306 1709 ·

303 1728 725 1786 demnationem
763 1729 906 1784 hane
935 1730 1147 1804 justam
1188 1729 1385 1800 fuisse,
1419 1734 1471 1784 et.
1494 1728 1606 1784 vim
1637 1728 1839 1784 habere
1867 1727 2069 1802 judicii
2097 1747 2226 1785 oeca·
2251 1765 2254 1775 ι
2277 1706 2306 1773 -3

303 1831 500 1885 metrice
535 1828 762 1903 prolati,
805 1846 904 1884 seu
948 1848 978 1884 a
1013 1828 1151 1885 Sede
1199 1828 1503 1905 apostolica
1540 1827 1749 1903 recepti
1781 1846 1844 1884 ac
1882 1828 2220 1886 confirmati.
2252 1863 2253 1866 =
2299 1858 2306 1897 Δς

301 1928 408 1984 Nec
434 1927 734 2002 objiciatur
761 1928 869 1983 dici
902 1947 1165 2003 expresse
1203 1929 1268 1985 de
1299 1937 1491 1987 sancto
1522 1930 1699 1985 Leone
1731 1929 1774 1984 Il
1806 1950 1815 1982 :
1863 1929 1957 1986 Hic
2000 1932 2227 2003 suscepit
2287 1934 2306 1979 ’ἶ

300 2037 539 2086 sanctcmz
580 2037 782 2086 sartam
826 2031 1102 2104 synodum.
1143 2030 1282 2086 Nam
1328 2030 1439 2085 dici
1473 2037 1662 2104 potest
1697 2031 1800 2086 Leo
1838 2031 1882 2086 ΙΙ
1913 2031 2255 2106 suscepisse
2296 2077 2298 2079 »

299 2132 510 2188 dictam
538 2133 840 2208 synodum,
871 2133 1131 2205 quamvis
1156 2150 1278 2188 eam
1311 2151 1421 2188 non
1453 2132 1763 2208 susceperit
1792 2132 1902 2189 nisi
1942 2132 2128 2207 quoad
2167 2131 2254 2188 eas
2286 2187 2306 2198 ,,

300 2249 400 2306 pro
438 2231 648 2306 quihus
686 2232 900 2305 Agatho
941 2231 1085 2305 Papa
1123 2231 1500 2304 delegaverat,
1546 2237 1595 2287 et
1641 2250 1766 2305 quae
1801 2232 1858 2287 in
1903 2232 2027 2305 ejus
2070 2250 2228 2288 man·
2263 2226 2291 2292 f,

260 2397 262 2399 Ι
300 2332 429 2387 dato
463 2331 680 2405 Legatis
727 2331 846 2387 suis
891 2330 1098 2387 tradito
1136 2337 1504 2406 expresserat.
1541 2331 1787 2407 Supponi
1832 2332 2027 2407 nequit
2074 2315 2267 2408 Sedis}-

300 2430 622 2506 apostolicae
636 2430 867 2503 Legatos
898 2430 1358 2487 condemnationi
1386 2431 1611 2487 Honorii
1630 2431 2004 2506 consensisse,
2034 2433 2099 2488 dc
2119 2451 2224 2507 qua

305 2530 443 2586 nihil
490 2531 547 2586 in
588 2531 855 2588 mandato
889 2531 1196 2603 habebant,
1235 2530 1496 2604 quamvis
1538 2530 1683 2586 nihil
1724 2531 1791 2587 de
1823 2549 2019 2587 eorum
2056 2522 2222 2588 recla-

303 2631 549 2688 mationc
600 2632 919 2707 reperiatur
958 2632 1013 2688 in
1058 2631 1217 2703 actis,
1274 2632 1331 2687 in
1378 2631 1586 2705 quihus
1619 2632 1965 2705 caeteroquin
2011 2636 2223 2689 constat
2261 2701 2266 2706 ,γ

301 2732 463 2805 plura
489 2730 699 2788 deesse.
723 2731 982 2801 Proinde,
1002 2750 1067 2787 ex
1093 2749 1155 2787 co
1176 2731 1323 2805 quod
1345 2731 1569 2788 dicatur
1589 2733 1691 2789 Leo
1714 2731 1992 2808 synodum
2014 2738 2219 2789 sextam
2259 2798 2261 2801 ¹

301 2830 642 2906 suscepisse,
673 2849 784 2887 non
817 2831 1077 2904 sequitur
1104 2832 1255 2904 quod
1287 2830 1453 2888 ctiam
1495 2831 1678 2905 quoad
1712 2831 1940 2888 Honorii
1967 2831 2220 2888 condem·
2303 2817 2306 2820 ’

302 2929 589 2986 nationem
621 2929 955 3005 susceperit.
983 2929 1122 2994 Quia
1151 2934 1343 2985 tamen
1370 2927 1536 2986 lectio
1565 2930 1662 2986 illa
1698 2936 1916 3006 poterat
1953 2930 2218 3003 quosdam
2238 2946 2257 2967 ³1

304 3027 495 3084 minus
544 3033 755 3084 attento
783 3027 841 3083 in
872 3045 1120 3084 errorem
1167 3027 1351 3100 quoad
1382 3027 1438 3083 id
1467 3027 1761 3102 inducere,
1801 3028 2002 3085 merito
2037 3033 2219 3105 postea

302 3134 548 3185 correcta
581 3127 707 3183 fuit.

379 3229 435 3286 2⁰
460 3229 618 3302 Date,
656 3247 770 3286 non
804 3247 1091 3299 concesse,
1127 3230 1277 3303 quod
1310 3229 1673 3306 interpretari
1706 3229 1883 3306 possit
1913 3229 2077 3286 lectio
2118 3227 2218 3283 ista

304 3329 359 3384 in
388 3347 559 3386 sensu
588 3329 1060 3401 adversariorum,
1091 3335 1423 3405 sequeretur
1452 3330 1743 3387 dumtaxat
1770 3330 1827 3386 in
1862 3328 2094 3404 legenda
2124 3324 2214 3383 illa

306 3445 551 3485 errorem
580 3430 894 3506 irrepsisse.
918 3429 1085 3487 Sedes
1110 3436 1301 3487 autem
1332 3429 1640 3505 apostolica
1672 3448 1784 3486 non
1811 3427 2072 3504 proponit
2098 3431 2216 3482 tan-

307 3543 478 3596 quam
515 3537 666 3587 certo
697 3549 887 3589 veram
931 3549 1054 3588 eam
1086 3537 1306 3607 partem
1339 3530 1682 3602 officiorum,
1723 3546 1845 3604 quae
1883 3527 2121 3584 habetur
2159 3522 2215 3578 in

305 3623 582 3696 ejusmodi
614 3630 844 3702 leqendis
874 3608 1177 3688 historicis,
1206 3631 1323 3686 lmo
1362 3648 1457 3686 eas
1489 3627 1794 3686 identidem
1824 3624 2076 3696 corrigit,
2102 3637 2215 3678 me-
