2262 3990
843 160 969 211 PARS
996 159 1199 210 raam.
1725 199 1728 202 ,
1810 144 1812 146 ’
1867 160 1958 213 525

92 271 299 335 latitate
340 269 490 326 Sedis
523 267 840 343 apostolicae,
882 267 1021 342 quod
1059 283 1321 341 nunquam
1355 267 1551 340 sactum
1588 274 1688 339 est,
1718 285 1815 327 nec
1838 270 1955 343 fieri

87 366 225 424 licet.
261 366 559 423 Damnatus
582 371 768 424 autem
790 365 897 423 suit
927 364 1215 423 Dioscorus
1240 383 1302 423 ea
1322 364 1671 440 potissimum
1696 364 1764 423 de
1788 384 1952 427 eausa

87 463 232 536 quod
265 463 514 536 judicare
549 463 603 519 in
637 461 880 536 generali
924 462 1132 537 synodo
1157 481 1220 520 ae
1258 462 1524 521 damnare
1560 480 1732 534 ausus
1758 461 1955 522 fuisset

87 578 367 617 summum
413 559 726 617 Pontificem
774 559 1027 620 Leonem.
1082 580 1111 612 «
1136 559 1251 616 Non
1293 565 1404 616 tam
1448 561 1518 617 ob
1558 560 1836 631 haeresim,
1877 560 1956 621 ait

86 656 337 713 Nicolaus
363 655 382 711 l
415 656 596 731 (epist.
632 656 700 712 ad
732 655 1043 712 Michaelem
1074 653 1513 729 imperatorem),
1544 655 1844 714 damnatus
1871 662 1957 716 est

84 751 391 822 Dioscorus),
443 769 611 824 quam
664 750 735 807 ob
787 749 1119 806 horrendam
1170 750 1688 826 praesumptionem,
1731 770 1840 825 qua
1894 752 1955 809 in

83 866 365 906 summum
402 847 711 905 Pontificem
752 846 1082 903 sententiam
1112 846 1319 902 dictare
1353 865 1525 903 ausus
1552 849 1752 907 suerat..
1779 871 1806 903 »
1832 850 1951 908 Jam

83 962 229 1015 vero,
260 967 287 998 «
309 946 353 1002 si
375 945 683 1013 DioscoruS,
707 942 799 1017 qui
824 949 939 1001 erat
962 943 1273 1000 Patriarcha
1300 942 1729 1018 Alexandrinus,
1762 948 1815 1003 id
1845 955 1949 1019 est,

80 1041 294 1114 primus
340 1048 457 1116 post
499 1042 830 1112 Romanum,
879 1059 1007 1101 cum
1054 1041 1294 1114 generali
1337 1042 1570 1098 concilio
1621 1062 1728 1099 non
1772 1045 1952 1119 potuit

73 1136 198 1209 jure
213 1137 463 1210 judicare
484 1138 791 1194 Romanum
829 1137 1170 1207 Pontificem,
1207 1144 1353 1194 certe
1385 1138 1640 1212 sequitur·
1671 1141 1954 1199 evidenter

78 1233 369 1289 concilium
413 1252 523 1289 non
566 1252 685 1291 esse
715 1252 880 1307 supra
914 1234 1250 1292 Pontificem.
1296 1235 1585 1291 Curenim
1620 1255 1730 1303 non
1770 1239 1951 1312 potuit

77 1330 389 1388 Pontificem
412 1332 683 1405 judicare,
720 1334 763 1388 si
792 1339 909 1389 erat
943 1352 1109 1407 supra
1140 1334 1347 1407 ipsum,
1391 1334 1563 1391 immo
1604 1335 1722 1409 ejus
1756 1338 1946 1411 judex,

77 1433 138 1482 ut
167 1428 463 1484 adversarii
503 1430 722 1486 volunt?
747 1453 772 1483 »
806 1431 1221 1501 (Be-llarminuS,
1250 1433 1312 1490 de
1349 1432 1695 1489 Conciliorum
1723 1439 1949 1492 anctori-

79 1531 205 1593 tate,
239 1524 336 1580 lib.
374 1526 435 1593 ΙΙ,
466 1545 582 1601 cap.
616 1529 801 1598 xvn.).'

152 1622 388 1679 Tandem
415 1624 496 1681 sie
525 1625 682 1681 habet
712 1619 982 1682 sententia
1003 1633 1187 1683 eontra
1213 1626 1526 1683 Dioscorum
1553 1629 1910 1702 pronuntiata
1933 1651 1944 1684 :

153 1736 181 1767 «
210 1716 437 1774 Sanctus
482 1738 544 1775 ae
590 1720 943 1777 beatissimus
982 1721 1122 1795 Papa
1166 1730 1319 1794 capnt
1363 1725 1672 1780 universalis
1708 1725 1950 1782 Ecclesiae

74 1812 243 1868 Le0...
304 1815 445 1870 Petri
505 1817 723 1889 apostoli
772 1819 1029 1889 praeditus
1092 1821 1404 1891 clifflzitate...
1463 1820 1759 1894 episcopali
1817 1840 1945 1879 eum

75 1907 433 1981 (Dioscorum)
476 1910 739 1984 dignitate
780 1913 1081 1970 nudavit.»
1124 1915 1239 1969 Non
1281 1921 1455 1989 potest
1495 1916 1773 1974 Romanus
1814 1921 1947 1976 Pon-

72 2004 199 2061 tifex
242 2022 361 2063 esse
392 2016 544 2080 caput
578 2011 890 2067 universalis
941 2012 1207 2082 Ecclesiae,
1261 2012 1305 2068 si
1350 2014 1632 2087 subjaceat
1684 2018 1940 2075 coneilio,

70 2101 201 2157 Nam
228 2106 534 2161 universalis
569 2107 799 2163 Ecclesia
825 2109 1239 2181 comprehendit
1270 2110 1435 2164 etiam
1472 2118 1523 2166 et
1562 2112 1944 2187 principaliter

73 2196 363 2271 Episcopus
391 2218 604 2271 omneS,
644 2203 757 2258 sive
788 2204 1163 2272 distributive,
1200 2205 1312 2260 sive
1346 2207 1625 2263 collective
1667 2218 1937 2284 sumptos;

74 2294 488 2366 comprehendit
531 2298 758 2370 proinde
799 2300 982 2371 ipsum
1037 2299 1203 2354 etiam
1254 2302 1573 2357 concilium.
1619 2304 1756 2376 Ergo
1800 2307 1941 2381 Papa

73 2393 153 2444 est
202 2397 363 2463 caput
403 2391 642 2458 eoncilii;
698 2410 826 2465 ergo
875 2400 957 2451 est
997 2413 1161 2468 supra
1206 2398 1529 2454 concilium.
1572 2399 1741 2462 Quam
1782 2421 1943 2478 supe-

70 2484 372 2543 rioritatem
396 2489 560 2545 etiam
589 2508 774 2547 seeum
799 2493 970 2548 trahit
990 2494 1136 2549 Petri
1166 2496 1389 2567 diynitas
1409 2516 1516 2569 qua
1545 2500 1756 2572 potitur
1776 2503 1936 2577 Papa.

142 2582 198 2638 5.
233 2584 279 2640 E
298 2587 493 2656 synodo
525 2592 829 2644 oecumeuica
865 2598 1069 2658 octava,
1108 2610 1221 2662 qnae
1246 2594 1343 2663 snit
1364 2594 1941 2670 constantinopolitana

69 2688 272 2751 quarta.
293 2682 461 2738 -Sie
485 2685 666 2754 habet,
694 2686 910 2742 actione
937 2687 1148 2744 decima
1182 2710 1192 2741 :
1234 2691 1589 2749 «Romanum
1620 2696 1935 2754 Pontificem

70 2775 135 2829 de
172 2778 420 2833 omnium
458 2781 816 2838 eeclesiarum
861 2784 1215 2842 Pontificibus
1247 2788 1527 2861 judicasse
1563 2793 1824 2865 legimuS,
1873 2796 1938 2851 de

69 2886 132 2924 eo
155 2888 283 2927 vero
313 2890 647 2948 quemquam
665 2879 944 2951 judicasse
974 2899 1084 2937 non
1113 2883 1372 2956 legimus,
1398 2908 1424 2939 »
1456 2888 1513 2945 Et
1550 2889 1608 2943 in
1633 2891 1824 2946 eadem
1856 2909 1938 2946 ae-

70 2965 216 3022 tione
253 2985 283 3023 x
316 2967 449 3026 editi
485 2979 613 3028 sunt
650 2991 909 3045 eanoneS‚
940 2995 1178 3049 quorum
1213 2982 1710 3054 quinquagesimus
1739 2986 1935 3042 tertius

70 3060 161 3116 hie
202 3068 283 3117 est
320 3085 332 3118 ε
369 3084 397 3116 α
426 3064 479 3119 Si
510 3083 617 3137 qua
653 3086 781 3125 vero
827 3075 1168 3131 oeeumeniea
1209 3078 1418 3150 synodo
1457 3080 1706 3150 collecta,
1746 3082 1812 3136 de
1840 3082 1937 3139 Ro-

72 3175 232 3216 mana
274 3160 438 3216 etiam
472 3162 708 3221 Ecclesia
740 3172 1110 3227 controversia
1147 3175 1411 3244 extiterit,
1453 3177 1638 3233 licebit
1676 3196 1799 3235 cum
1843 3181 1934 3237 de-

70 3255 212 3310 eenti
245 3259 540 3314 reverentia
578 3260 644 3314 de
670 3265 941 3336 proposita
970 3269 1271 3337 quaestione
1303 3280 1629 3329 veneranter
1665 3295 1930 3350 pereunc-

0 3366 1 3392 1
70 3353 195 3421 tari,
224 3370 661 3429 responsumque
687 3359 1044 3422 admittere...
1074 3383 1173 3421 non
1202 3375 1373 3424 tamen
1399 3373 1723 3444 impudenter
1750 3386 1927 3436 contra

66 3451 285 3506 senioris
331 3452 507 3508 Romae
547 3455 823 3529 Pontifices
854 3465 1162 3520 sementiam
1201 3465 1443 3524 dicere.»
1486 3471 1607 3526 Jam
1654 3475 1924 3547 superiori

69 3548 322 3618 sectione,
364 3554 735 3626 propositione
773 3557 834 3629 V,
866 3560 1091 3617 technas
1123 3564 1457 3636 explosimus
1487 3587 1516 3626 a
1551 3570 1830 3631 Bossuetio
1868 3582 1922 3631 et
