2262 3990
880 168 1008 218 PARS
1037 165 1278 216 SECUNDA.
1931 165 2017 214 591

140 278 284 339 foret
311 275 594 354 decretum
621 273 881 351 Stephani
914 273 1082 349 quale
1104 273 1307 331 citatur
1338 270 1399 328 in
1423 269 1653 346 epistola
1668 267 1925 345 Cypriani
1949 269 2021 326 ad

139 375 488 449 Pompeium,
521 348 821 431 dicendum
866 372 1010 429 foret
1046 369 1252 428 editam
1288 368 1460 428 fuisse
1501 386 1535 425 a
1560 367 1834 444 Stephano
1872 367 2021 443 >Papa

135 487 426 528 erroneam
484 470 843 527 decisionem·
868 468 928 525 in
982 466 1216 525 materia
1264 465 1596 540 dogmatica.
1648 464 1783 522 Cum
1830 469 2019 521 autem

141 566 365 626 aliunde
407 572 623 624 certum
665 566 934 641 probetur
975 580 1164 622 errare
1193 579 1304 620 non
1337 580 1498 637 posse
1528 561 1843 620 Romanum
1880 560 2017 618 Pon-

143 664 344 722 tificem
385 664 443 719 in
475 661 802 720 definiendis
833 659 962 716 fidei
985 660 1413 732 quaestionibuS‚
1453 659 1902 717 concludendum
1936 664 2021 716 est

139 767 475 835 praetensum
507 758 648 815 illud
678 756 941 831 Stephani
967 756 1123 830 Papae
1161 756 1444 812 decretum
1477 774 1699 813 merum
1736 773 2019 813 commen-

137 864 259 916 tum
290 874 428 926 esse,
457 873 558 912 nec
589 872 654 911 ex
682 853 788 910 alia
825 869 995 924 qua-m
1026 851 1412 908 haereticorum
1450 853 1861 911 Donatistarum
1898 853 2017 910 offi-

134 953 259 1009 cina
292 951 583 1026 prodiisse.

207 1051 287 1106 vl.
314 1048 550 1122 Epistola
578 1046 825 1119 Cypriani
853 1046 924 1102 acl
949 1047 1275 1119 Pompeium.

202 1142 442 1198 Habetur
466 1141 524 1196 in
549 1136 853 1214 Patroloqia
871 1142 1064 1214 Miyne,
1097 1147 1250 1197 tomo
1274 1141 1360 1213 III,
1387 1141 1493 1197 col.
1534 1140 1700 1207 11273
1735 1147 1791 1197 et
1813 1146 1897 1198 est
1927 1143 2017 1200 74³

126 1240 187 1297 in
210 1239 546 1295 editionibus
580 1238 806 1294 Pamelii
835 1245 886 1295 et
911 1238 1138 1295 Baluzii.
1167 1239 1412 1296 llabetur
1442 1239 1608 1296 etiam
1641 1239 1784 1313 apud
1816 1239 2014 1310 Labbe,

130 1343 279 1394 tomo
302 1338 343 1406 1,
369 1336 474 1392 col.
506 1336 635 1407 765,
658 1335 908 1405 Parisiis,
939 1337 1106 1392 1671.

202 1435 256 1490 1⁰
295 1433 552 1507 Spuriam
587 1451 709 1490 esse
751 1433 907 1489 illam
950 1433 1267 1507 epistolam,
1330 1433 1612 1506 colligitur
1664 1452 1729 1490 cx
1765 1452 1827 1492 eo
1869 1437 2017 1509 quod

127 1532 288 1606 plena
318 1531 388 1587 sit
425 1531 646 1604 injuriis
688 1549 752 1587 ac
788 1531 1076 1602 conviciiS,
1127 1549 1250 1604 quae
1286 1549 1643 1605 nequaquam
1686 1538 1875 1589 sancto
1926 1532 2016 1608 Cy-

124 1629 316 1704 priano
375 1628 549 1684 tribui
613 1635 870 1703 possunt.
933 1630 1132 1686 Sancto
1181 1629 1461 1704 Stephano
1523 1631 1820 1705 exprobrat
1874 1630 2018 1704 epis-

125 1725 249 1781 tolae
291 1732 504 1797 auctor,
542 1726 688 1798 quod
726 1728 1084 1782 haereticorum
1119 1746 1330 1782 ccnisam
1373 1735 1558 1782 contra
1606 1727 1934 1784 Christianos
1968 1737 2018 1783 et

123 1830 303 1878 contra
328 1823 613 1878 Ecclesiam
641 1824 739 1878 Dei
773 1841 1007 1878 asserere
1036 1832 1272 1889 sonetum
1305 1823 1452 1896 quod
1475 1825 1716 1896 imperite
1745 1832 1896 1896 atque
1918 1826 2014 1879 im-

119 1920 336 1989 provide
375 1919 676 1993 scripserit3
726 1919 874 1992 quod
907 1922 1157 1993 superba,
1202 1921 1270 1975 acl
1314 1939 1425 1976 rem
1464 1939 1567 1976 non
1600 1923 1924 1994 pertinentia
1966 1928 2018 1978 ct

126 2014 223 2068 sibi
254 2018 519 2071 contraria
556 2016 780 2083 dixerit3
821 2018 969 2089 quod
1002 2035 1129 2073 cum
1177 2020 1405 2074 omnium
1446 2019 1731 2075 haerescon
1759 2020 2013 2093 baptismo

129 2115 530 2181 commumcans,
574 2105 931 2169 imiversorinn
975 2116 1163 2170 delicta
1205 2118 1256 2170 in
1294 2118 1467 2170 sinum
1512 2135 1664 2170 snam
1703 2126 2013 2172 coacervata

133 2210 466 2274 congesserim
506 2208 652 2279 quod
687 2210 1018 2279 infamaverit
1049 2210 1332 2281 apostolos,
1361 2213 1512 2281 quasi
1542 2210 1622 2264 illi
1651 2213 2013 2267 haereticoram

129 2294 381 2372 bap'tisma
398 2303 744 2372 probaverint‚·
776 2303 923 2373 quod
944 2308 1108 2358 tantae
1131 2305 1494 2359 obstinationis
1519 2312 1571 2360 ct
1588 2310 2010 2378 praesumptionis

127 2397 317 2467 fucrit,
369 2405 423 2452 nt
467 2399 745 2454 humanam
798 2401 1133 2455 traditionem
1189 2403 1360 2456 divina
1411 2404 1739 2475 dispositioni
1795 2413 2011 2478 antepo-

127 2496 348 2558 suerit¹3
397 2496 559 2567 quod,
610 2513 707 2568 per
744 2497 996 2569 regulam
1042 2516 1073 2552 a
1116 2498 1393 2572 Stephano
1440 2501 1723 2569 traditam,
1775 2501 2010 2557 Ecclesia

127 2587 223 2643 Dei
259 2597 308 2643 et
340 2608 531 2663 sponsa
569 2592 756 2647 Christi
796 2596 862 2648 ad
899 2595 991 2650 hoc
1019 2597 1273 2651 malornm
1304 2598 1544 2653 devotata
1581 2601 1669 2668 sit,
1712 2607 1769 2653 nt
1803 2601 2010 2655 haereti-

130 2702 304 2741 coram
356 2690 591 2761 exempla
641 2697 888 2762 sectetur,
939 2700 989 2747 et
1031 2694 1084 2748 id
1121 2695 1314 2765 saciant
1355 2695 1639 2751 Christiani
1682 2699 1816 2769 qaod
1854 2698 2007 2753 Ami-

133 2781 310 2837 christi
335 2786 552 2854 saciimt,·
592 2788 739 2859 quod
769 2789 1079 2863 Stephanus
1117 2796 1283 2848 tantae
1315 2793 1385 2848 sit
1419 2798 1693 2863 caeeitatis,
1730 2799 2010 2868 pra-vitatis

133 2883 318 2947 tantae,
348 2886 409 2934 ut
441 2884 569 2937 nolit
601 2902 900 2955 coynoscere
941 2890 1199 2943 unitatem
1232 2890 1296 2945 de
1324 2890 1433 2945 Deo
1466 2892 1629 2947 Patre
1661 2901 1710 2946 et
1743 2895 1805 2946 (le
1840 2896 2005 2947 tradi-

130 2975 266 3027 tione
306 2974 433 3029 Jesn
477 2977 666 3034 Christi
705 2984 1022 3050 veniente-m,-
1080 2986 1227 3057 quod
1276 2987 1433 3042 valde
1470 2990 1699 3059 ineptam
1742 2989 1815 3043 sit
1856 2991 2005 3060 quod

130 3077 463 3141 propugnat3
513 3074 658 3143 quod
703 3077 978 3134 obstinatio
1028 3081 1160 3135 (Iura
1195 3082 1378 3151 fratris
1421 3084 1673 3155 Stephani
1711 3087 1764 3138 in
1805 3093 2006 3141 tantam

124 3168 451 3237 proruperit,
491 3174 543 3220 nt
574 3172 845 3227 contendat
869 3175 1021 3229 etiam
1047 3177 1110 3230 cle
1131 3178 1411 3235 Marcionis
1446 3182 1723 3252 baptismo,
1752 3183 1878 3238 item
1909 3184 2005 3241 Va-

134 3261 311 3314 lentini
341 3269 388 3315 et
410 3263 679 3333 Apelletis,
699 3266 829 3335 [ilios
857 3268 963 3323 Deo
988 3274 1155 3335 nasci‚·
1188 3275 1334 3344 quod
1364 3276 1713 3331 haereticorum
1733 3271 1925 3336 anticus
1954 3292 2004 3338 et

134 3358 369 3412 inimicas
396 3359 811 3432 christianorinn‚
838 3366 1132 3422 sacerdotes
1160 3369 1279 3437 Dei,
1312 3373 1582 3429 veritatem
1608 3374 1800 3432 Christi
1830 3386 1880 3435 et
1907 3380 2002 3436 Ec-

188 3495 231 3548 (t‘
267 3497 494 3539 Adhibetur
520 3500 644 3540 eliam
672 3503 758 3543 lucc
785 3502 970 3546 irrisoria
994 3506 1188 3558 loquendi
1215 3510 1345 3552 forma
1369 3525 1378 3553 ε
1401 3514 1603 3564 plaeclara
1627 3528 1726 3560 sane
1747 3524 1789 3562 et
1809 3521 1999 3575 lepite'ma

129 3563 303 3607 traditio
326 3567 462 3616 fratrc
486 3574 622 3610 nostro
649 3571 817 3614 docente
838 3575 1111 3624 proponitur!
