2262 3990
855 188 979 235 PARS
1006 185 1205 233 Teum.
1876 174 1960 222 651

26 335 34 342 -
96 302 246 360 enim
289 302 405 359 haec
446 299 716 357 sententia
759 300 1028 372 praecepta
1082 287 1499 368 praesidentium
1554 285 1622 341 ad
1669 283 1966 341 cathedram

95 401 413 472 pertinentia
434 397 754 454 obedienter
779 391 999 468 impleri
1032 386 1269 458 (etiamsi
1296 385 1434 442 tales
1462 383 1574 440 sint
1598 381 1790 455 quales
1812 386 1969 437 erant

100 492 403 568 pharisaei),
437 510 544 547 non
582 508 674 548 eos
708 488 935 544 factiosa
967 482 1376 557 conspiratione
1414 498 1445 536 a
1475 480 1592 536 suis
1617 477 1843 534 sedibus
1885 492 1969 532 re-

102 589 328 646 moveri.
373 588 429 644 Si
471 605 595 644 vero
643 604 707 643 ea
755 583 1073 660 praecipiant
1114 598 1237 654 quae
1277 578 1387 635 sint
1428 582 1619 633 contra
1661 574 1971 631 doctrinam

102 685 466 757 evangelicam
506 685 590 741 vel
634 683 1015 759 apostolicam,
1057 678 1133 734 ibi
1173 696 1284 733 non
1324 693 1445 732 esse
1482 675 1560 731 eis
1600 671 1971 730 obediendum

101 781 350 855 exemplo
376 781 640 836 docemur
670 777 822 834 Pauli
858 774 1112 850 apostoli,
1141 770 1239 844 qui
1273 773 1428 828 Petro
1471 770 1574 826 sibi
1614 768 1834 843 praelato
1861 783 1973 824 non

102 883 248 934 recte
286 876 558 933 incedenti
586 875 654 931 ad
679 874 963 930 veritatem
987 868 1251 941 evangelii
1282 868 1338 922 in
1373 867 1567 922 faciem
1595 865 1822 935 restitit,
1863 881 1974 919 non

104 980 289 1030 tamen
328 992 454 1030 cum
485 971 728 1045 abjecit»
761 970 938 1043 (epist.
985 986 1191 1022 ccxxxiii
1231 964 1299 1020 ad
1343 964 1637 1019 ilem-icum
1673 963 1972 1034 abbatem).

104 1070 366 1125 Eamdem
392 1070 594 1124 iterum
624 1067 932 1122 doctrinam
959 1064 1242 1139 professus
1263 1067 1346 1118 est
1373 1067 1597 1116 sanctus
1621 1061 1728 1128 lvo,
1754 1060 1976 1133 quando

106 1166 211 1220 sub
241 1165 388 1220 idem
421 1171 642 1237 tempus
676 1163 950 1219 indictum
987 1168 1067 1217 est
1110 1158 1399 1234 provinciae
1430 1156 1808 1230 Lugdunensis
1848 1174 1978 1211 con-

105 1261 320 1327 cilium,
365 1261 421 1315 in
461 1279 569 1332 quo
610 1260 678 1315 de
708 1259 932 1334 praetata
980 1255 1256 1313 Pasclialis
1295 1255 1338 1310 Π
1379 1253 1731 1310 concessione
1773 1254 1980 1326 pariter

110 1358 381 1430 agendum
425 1365 560 1413 erat.
606 1358 684 1412 Ad
731 1359 868 1411 hanc
910 1355 1182 1429 synodum
1225 1353 1442 1409 invitati
1485 1358 1614 1408 sunt
1649 1350 1978 1407 Senonensis

112 1455 406 1527 provincia>
444 1454 715 1509 antistites
748 1456 799 1526 (e
824 1471 1061 1526 quorum
1095 1470 1327 1507 numero
1357 1457 1580 1506 sanctus
1600 1450 1732 1521 lvo),
1767 1448 1863 1520 qui
1894 1465 1983 1502 ac-

112 1548 305 1604 cedere
346 1555 670 1619 renuerunt‚
717 1551 858 1604 lianc
899 1550 1040 1604 inter
1081 1547 1219 1603 alias
1265 1547 1534 1602 rationem
1578 1545 1980 1600 obtendentes:

115 1645 282 1700 «Non
325 1646 537 1701 videtur
576 1647 734 1702 nobis
771 1646 910 1703 utile
943 1646 1239 1702 consilium
1286 1645 1355 1700 ad
1394 1645 1486 1699 illa
1526 1643 1760 1698 concilia
1794 1660 1987 1697 conve-

115 1742 252 1812 nire,
281 1742 336 1796 in
356 1744 558 1814 quibus
585 1761 686 1798 non
715 1762 988 1816 possumus
1013 1760 1105 1797 eas
1132 1759 1396 1815 personas
1420 1746 1611 1795 contra
1639 1758 1777 1811 quas
1805 1739 1990 1810 agitur

113 1839 453 1893 condemnare
482 1840 560 1893 rel
579 1841 839 1910 judicare;
868 1838 998 1910 quia
1026 1855 1130 1893 nec
1162 1843 1375 1906 nostro,
1408 1855 1502 1890 nec
1531 1837 1691 1890 ullius
1729 1837 1990 1889 hominum

111 1936 391 2006 probantur
430 1938 690 2007 subjacere
719 1938 988 2007 judicio...
1023 1934 1360 2007 principales
1394 1933 1648 1987 Ecclesiae
1677 1933 1857 1987 claves
1897 1949 1990 1985 no-

111 2030 299 2086 lumus
327 2038 594 2105 potestate
627 2050 726 2086 sua
765 2031 1003 2105 privare,
1047 2047 1413 2102 quaecumque
1443 2048 1678 2102 persona
1713 2029 1860 2084 vices
1894 2029 1989 2083 Pe-

117 2127 186 2182 tri
224 2129 441 2198 habeat,
490 2129 594 2183 nisi
634 2129 923 2184 manifeste
962 2129 1028 2182 ab
1069 2128 1379 2198 evangelica
1422 2127 1654 2182 veritate
1688 2126 1987 2181 discedat»

120 2223 301 2295 (epist.
337 2244 536 2278 ccxxxw
573 2225 795 2295 lvonis).
836 2225 1028 2296 Igitur,
1067 2231 1287 2296 excepto
1331 2242 1459 2278 casu
1499 2224 1654 2296 Papae
1702 2222 1993 2278 manifeste

117 2316 378 2387 haeretici,
414 2324 624 2373 certum
649 2319 796 2374 Ivoni
833 2325 949 2374 erat
988 2319 1262 2374 Romanos
1299 2319 1608 2388 PontificeS,
1637 2317 1994 2389 quantumvis

117 2414 367 2469 moribus
396 2417 1098 2488 pravosmulliushominum
1123 2417 1387 2488 subjacere
1394 2417 1762 2487 jurisdictioni.
1793 2414 1995 2470 Simul-

116 2526 226 2581 que
259 2510 486 2565 docebat
521 2510 702 2565 solum
727 2511 978 2566 adhiberi
1023 2530 1181 2585 posse
1213 2512 1511 2568 caritativa}
1544 2510 1996 2568 commonitionis

114 2607 445 2662 remedium.
486 2607 642 2669 Quod
689 2625 821 2663 sane
857 2608 1185 2674 remedium,
1233 2610 1278 2664 si
1312 2610 1700 2665 convenienter
1739 2628 1765 2664 a
1799 2627 1995 2681 quam-

118 2703 378 2776 plurimis
417 2704 699 2778 Episcopis
744 2706 1097 2774 adhibeatur,
1143 2713 1402 2780 magnam
1444 2708 1688 2780 profecto
1728 2708 1837 2762 vim
1882 2707 1994 2780 ple-

113 2818 350 2873 rumque
371 2802 611 2858 habebit.
640 2834 709 2842 --
727 2803 782 2857 4⁰
801 2802 943 2865 Quid
966 2821 1115 2871 verO,
1151 2804 1198 2859 si
1223 2803 1496 2877 ejusmodi
1523 2804 1850 2859 charitativa
1877 2822 1996 2860 cor-

113 2897 283 2953 rectio
306 2897 553 2953 inefficax
570 2901 885 2955 remaneat?
903 2901 983 2954 An
1008 2901 1228 2956 nullum
1253 2901 1529 2974 supererit.
1552 2907 1750 2974 praeter
1772 2899 1995 2955 concilii

116 2994 174 3048 in
194 2993 393 3065 Papam
414 2992 889 3063 jurisdictionem?
913 2995 1176 3069 Superest
1202 3014 1332 3051 sane
1356 2996 1529 3063 aliud,
1559 2995 1718 3066 cujus
1743 2993 1996 3050 efficacia

113 3088 448 3156 certissima,
476 3088 720 3144 videlicet
769 3090 1078 3146 scandalosi
1120 3091 1397 3147 Pontificis
1445 3109 1618 3159 mors,
1646 3108 1767 3163 quie
1805 3089 1998 3162 nequit

114 3183 295 3239 serius
346 3183 498 3238 ocius
544 3201 650 3238 non
692 3184 1028 3255 contingere.
1089 3187 1299 3242 Interea
1349 3188 1592 3260 proferto
1637 3204 1747 3242 non
1789 3185 1995 3260 peribit

117 3278 373 3334 Ecclesia.
419 3278 590 3350 Igitur
634 3279 700 3358 10,
743 3279 1058 3350 jurisdictio
1106 3283 1326 3338 concilii
1371 3283 1427 3337 in
1478 3283 1700 3357 Papam,
1750 3283 1805 3338 in
1849 3282 1992 3338 dicto

118 3393 276 3444 casu,
321 3392 429 3429 non
457 3381 538 3430 est
575 3374 881 3430 remedium
912 3381 1259 3434 necessarium
1292 3381 1362 3434 ml
1391 3380 1483 3435 hoc
1518 3386 1573 3435 ut
1607 3380 1836 3435 Ecclesia
1882 3397 1990 3435 non

117 3478 318 3543 pereat.

195 3567 260 3624 11.
302 3567 478 3640 Neque
513 3571 994 3626 necessarium'dici
1024 3580 1194 3644 potest
1235 3573 1303 3628 acl
1342 3574 1437 3629 hoc
1475 3583 1531 3629 ut
1570 3574 1797 3631 Ecclesia
1833 3593 1988 3648 qrave
