2306 4010
0 891 6 955 l

866 207 996 256 rins
1025 205 1262 281 saeuum.
1917 202 2008 252 357

131 317 388 374 dictionis
413 323 625 390 notam,
664 316 936 374 asseritur
961 315 1018 371 in
1053 331 1116 372 ea
1159 311 1413 388 epistola,
1463 310 1611 385 quod
1643 316 1869 368 sanctus
1895 309 1997 367 Leo

127 414 571 490 Archiepiscopos
596 414 663 471 ad
699 413 970 489 synodum
1015 417 1226 469 sextam
1272 409 1539 484 ablegarit
1571 430 1584 465 ε
1613 408 2000 483 Archiepiscopi

125 521 302 568 sunta
322 514 467 569 nobis
505 514 766 581 destinati,
811 514 897 584 qui
941 528 1054 567 cum
1081 512 1171 583 pio
1201 511 1456 583 principe,
1497 508 1652 564 simul
1688 516 1737 565 et
1770 508 2000 564 omnibus

123 612 211 682 qui
258 614 368 682 ejus
394 610 639 665 maridato
681 614 1046 675 convenerunt,
1083 606 1439 662 Ecclesiarum
1466 605 1779 678 praesulibus
1818 606 2003 678 praesi-

123 706 305 761 dentes
344 722 407 760 ac
433 704 776 773 considentes,
801 711 898 759 etc.
928 702 994 756 At
1018 699 1376 756 revolvantur
1415 706 1536 757 acta
1560 706 1726 757 sextae
1756 700 1951 780 synodi
1976 719 1988 752 t

121 818 192 856 an
211 801 294 856 vel
318 817 464 856 unus
497 798 976 873 ArchiepiscopuS‚
1005 796 1176 851 Roma
1202 797 1437 867 missus,
1467 797 1808 854 interfuerit.
1848 797 2000 862 Quod

118 913 243 952 vero
266 894 626 951 combefisius
651 901 704 950 et
737 892 831 949 alii
864 891 1080 961 dieunt,
1110 892 1417 948 destinatos
1442 893 1669 966 quidem
1697 894 1766 949 ad
1786 899 1998 950 sextam

121 991 388 1069 synodum
417 990 588 1047 fuisse
625 991 694 1046 ab
738 990 1004 1063 Aqathone
1048 988 1526 1063 Archiepiscopos,
1569 991 1665 1046 sed
1707 990 1842 1046 illuc
1887 1009 1999 1048 non

126 1088 299 1159 ivisse,
326 1086 580 1161 equidem
612 1086 668 1142 id
692 1103 883 1143 verum
918 1093 1001 1142 est
1026 1110 1035 1151 3
1063 1085 1158 1141 sed
1183 1085 1528 1142 insufficiens
1552 1105 1614 1142 ac
1644 1087 1904 1144 frivolum
1933 1088 2000 1144 ad

121 1187 256 1243 hanc
289 1173 579 1260 epistolam
609 1190 796 1240 saneto
829 1184 991 1239 Leoni
1031 1182 1439 1242 vindicandam.
1476 1183 1614 1239 Nam
1639 1191 1832 1240 auctor
1857 1184 2000 1259 epis-

119 1284 239 1341 101ae
275 1285 374 1340 hos
412 1282 856 1357 archiepiscopos
910 1301 940 1337 a
978 1301 1033 1338 se
1064 1281 1198 1337 illuc
1232 1281 1538 1338 destinatos
1582 1287 1634 1338 et
1679 1282 1880 1337 missos
1914 1301 2001 1338 os-

118 1382 292 1440 tendit
322 1404 332 1436 :
362 1382 494 1439 Sunt
526 1400 557 1438 a
595 1383 739 1437 nobis
771 1382 1039 1437 destinati.
1088 1380 1228 1436 Neve
1271 1379 1378 1435 dici
1421 1379 1596 1454 possit
1631 1380 1734 1436 hoc
1777 1399 1807 1436 a
1851 1381 1997 1436 nobis

64 1536 70 1541 ,
122 1482 377 1539 denotare
405 1481 695 1538 Pontifices
721 1487 783 1537 ut
802 1481 900 1549 sic,
924 1480 1169 1553 adeoque
1187 1486 1240 1536 et
1265 1481 1629 1553 Agathonem,
1651 1481 1830 1536 obstat
1852 1481 1999 1536 clara

121 1578 382 1655 oppositio
434 1596 602 1650 quam
650 1584 840 1634 auctor
880 1576 1029 1632 facit.
1066 1575 1201 1631 Nam
1230 1574 1551 1630 immediate
1597 1581 1723 1631 ante
1754 1575 1822 1631 de
1864 1576 1999 1648 Aga-

126 1677 291 1732 thone
318 1676 550 1748 loquens
579 1675 762 1747 inquit
791 1697 802 1728 z
833 1675 914 1731 Ad
954 1675 1090 1747 quod
1117 1673 1441 1747 (concilium
1467 1675 1709 1746 sextum)
1739 1674 2001 1729 celebran-

119 1774 232 1831 dum
260 1792 324 1830 ex
343 1775 747 1847 praedecessoris
792 1776 958 1829 nostri
1009 1773 1301 1847 apostolicae
1329 1774 1588 1828 memoriae
1627 1773 1821 1828 domini
1864 1772 1999 1844 Aqu-

117 1873 280 1928 thonis
307 1872 466 1946 Papae
486 1891 741 1945 persona,
764 1874 1055 1945 presbyteri
1081 1873 1391 1944 diaconique
1413 1872 1597 1926 directi
1629 1880 1770 1926 sunt.
1796 1871 2000 1928 Deinde

116 1968 180 2025 de
214 1989 311 2026 sua
361 1988 594 2045 persona
643 1972 893 2045 loquitur
930 1993 940 2027 :
981 1972 1058 2027 De
1103 1972 1326 2027 diversis
1362 1978 1529 2026 autem
1573 1969 1825 2038 conciliis,
1889 1971 2000 2026 huic

112 2076 294 2124 sanctae
310 2070 602 2140 apostolicae
628 2069 772 2139 Sedi,
803 2070 946 2141 cujus
963 2071 1251 2130 ministerio
1274 2070 1564 2141 fungimur,
1590 2069 1992 2140 subjacentibus‘,

115 2165 492 2238 Archiepiscopi
541 2175 656 2231 sunt
705 2186 736 2221 a
780 2168 925 2222 nobis
981 2168 1242 2221 destinati.
1288 2165 1428 2236 Ergo
1474 2183 1573 2238 per
1622 2167 1738 2221 haec
1777 2185 1807 2221 a
1852 2169 1998 2222 nobis

118 2260 358 2332 seipsum
401 2261 680 2333 intelligit.
735 2262 837 2316 Sed
892 2280 1014 2332 quae
1062 2262 1286 2316 fuerunt
1341 2262 1435 2315 illa
1490 2261 1707 2316 diversa
1759 2264 1993 2318 concilia

120 2357 294 2412 sancti
314 2357 541 2411 Leonis?
565 2357 665 2420 Qui
688 2358 767 2412 illi
793 2358 1230 2432 archiepiscopi?
1254 2380 1280 2411 ›>
1303 2358 1828 2431 (wirceburgenses,
1859 2367 1997 2416 trac-

121 2459 235 2509 tatu
276 2454 339 2508 de
367 2454 746 2522 Incarnatione‚
780 2454 1000 2510 dissert.
1030 2474 1083 2523 11,
1133 2461 1268 2511 sect.
1313 2455 1398 2526 ΙΙΙ,
1428 2460 1531 2510 art.
1567 2457 1618 2523 5,
1663 2474 1719 2511 n.
1760 2456 1913 2529 250).

193 2551 419 2624 Insuper
439 2552 720 2608 inducitur
750 2553 852 2607 Leo
892 2553 934 2606 ΙΙ
968 2552 1042 2609 ita
1080 2553 1325 2609 scribens
1350 2574 1358 2605 :
1384 2553 1749 2626 Definitionem
1785 2557 1989 2610 interim

114 2649 276 2703 sancti
300 2650 435 2702 sexti
462 2648 684 2718 concilii,
723 2656 772 2703 et
813 2649 1231 2705 acclamationem
1262 2668 1376 2722 quae
1408 2653 1839 2723 prosphoneticus
1876 2654 1994 2709 dici-

117 2753 268 2800 tur...
310 2747 512 2816 pariter
545 2745 765 2800 edictum
802 2744 1187 2802 clementissimi
1222 2749 1650 2819 imperatoris...,
1691 2757 1879 2805 vestrae
1922 2751 1993 2806 di-

118 2840 320 2894 lectioni
343 2842 642 2896 direximus.
681 2841 783 2898 Sed
813 2849 1039 2898 sanctus
1060 2843 1160 2900 Leo
1182 2863 1282 2900 nec
1311 2846 1802 2919 prosphoneticum
1836 2866 1989 2904 acce-

118 2939 286 3005 perat,
326 2951 427 2989 nec
460 2935 722 3004 edictum,
752 2938 847 2993 sed
876 2939 1050 2994 solam
1083 2939 1481 2997 definitionem.

193 3032 439 3104 Insuper,
475 3033 760 3090 inducitur
798 3036 899 3091 Leo
928 3037 970 3091 ΙΙ
1004 3038 1275 3108 scribenS,
1311 3040 1702 3112 imperatorem
1732 3058 1795 3094 ea:
1836 3044 1988 3095 totius

120 3128 294 3181 mundi
307 3128 539 3197 partibus
556 3128 848 3203 Episcopos
871 3131 938 3186 ad
961 3140 1167 3189 sextam
1187 3135 1459 3207 synodum
1476 3151 1860 3206 congregasse.
1885 3135 1987 3191 Sed

122 3224 221 3278 hoc
257 3223 467 3278 notorie
508 3223 710 3279 falsum
741 3233 854 3291 est3
900 3246 1030 3283 nam
1076 3230 1320 3303 Hispani,
1366 3232 1434 3286 ad
1464 3250 1602 3304 quos
1649 3239 1838 3297 tamen
1884 3234 1986 3290 hoc

117 3317 403 3391 scripsisse
431 3318 763 3392 supponitur
786 3329 1013 3377 sanetus
1040 3323 1164 3391 Le0,
1188 3341 1259 3380 ne
1286 3325 1498 3381 invitati
1526 3326 1749 3399 quidem
1769 3328 1983 3398 fuerant

123 3414 189 3469 ad
217 3414 369 3469 illam
404 3414 695 3489 synodum.

191 3509 673 3584 interpolationem
698 3511 865 3567 etiam
896 3513 1100 3587 prodit,
1133 3516 1281 3587 quod
1305 3526 1530 3576 sanctus
1552 3520 1675 3593 Leo,
1702 3523 1769 3579 ad
1796 3523 1982 3600 Hispa-

117 3623 214 3662 nos
238 3607 503 3677 scribens,
532 3608 749 3664 extollat
783 3611 1005 3682 quinqtie
1034 3614 1350 3671 universalia
1379 3618 1617 3688 concilia,
1645 3626 1695 3676 et
1725 3621 1978 3679 ultimam
