2306 4010
758 214 888 262 PARS
918 212 1157 261 SECUNDA.
1818 211 1906 258 219

4 337 233 394 ‚eumque
263 320 567 392 ligaveritis,
602 326 741 387 ete.;
783 293 879 375 sed
916 321 1020 376 hoc
1057 318 1268 376 dictum
1298 324 1382 375 est
1418 317 1706 393 apostoliS‚
1738 333 1852 373 non
1878 335 1910 373 a

5 415 176 491 §Petro
219 415 503 488 sejunctiS,
545 414 643 471 sed
692 420 916 471 econtra
958 414 1037 471 ihi
1084 415 1341 472 adstante
1378 415 1560 486 Petro,
1590 431 1756 487 quem
1795 413 1911 488 jam

15 511 273 573 Christus
325 518 650 567 caeterorum
688 510 1024 584 principem,
1077 518 1130 569 et
1185 519 1460 587 pastorem
1514 511 1911 582 universalem,

25 618 84 671 et
113 609 363 668 Ecclesiae
396 607 850 677 fundamentum,
879 612 932 663 et
969 601 1206 664 fratrum
1238 609 1683 666 confirmatorem
1711 608 1914 665 consti-

30 714 227 769 tuerat.
263 707 438 780 Igitur
462 705 519 761 id
545 705 758 762 dictum
797 710 881 762 est
914 705 1199 779 apostolis,
1233 715 1509 780 quatenus
1533 710 1692 765 Petro
1717 707 1912 775 unitiS,

35 813 89 866 et
109 824 238 864 cum
255 805 373 880 ipso
399 801 919 878 pronuntiantibu8‚
946 807 1000 857 et
1022 801 1128 875 ipsi
1158 790 1618 878 tanquam⁸eapiti
1637 806 1919 861 adhaeren-

39 904 205 960 tibus.
232 902 295 958 Et
317 901 397 958 sic
420 918 611 957 revera
638 899 1038 974 Episcoporum
1065 898 1295 972 collegio
1317 900 1594 968 convenit,
1625 907 1677 957 et
1703 921 1767 958 ex
1797 901 1920 957 istis

35 999 212 1057 verbis
229 998 496 1055 evincitur
521 1014 785 1072 suprema
805 995 1113 1052 auctoritas
1131 1000 1185 1052 et
1210 995 1579 1051 infallibilitas
1602 1021 1610 1063 ;
1641 998 1770 1068 quia
1788 1003 1922 1053 tunc

38 1096 245 1153 dictum
293 1095 588 1168 collegium
641 1093 974 1167 intelligitur
1023 1093 1091 1148 de
1131 1092 1313 1166 capite
1351 1092 1522 1149 simul
1567 1099 1619 1147 et
1653 1094 1924 1150 membris

40 1179 422 1249 definientibus
441 1199 492 1249 et
517 1192 964 1249 decernentibus,
988 1191 1092 1246 Sed
1127 1192 1243 1246 haee
1259 1207 1519 1264 suprema
1540 1190 1841 1246 auctoritas
1872 1196 1924 1245 et

41 1289 404 1347 infallibilitas
432 1290 648 1363 collegii
670 1289 1091 1363 Episcoporum,
1125 1294 1403 1360 quatenus
1431 1289 1542 1361 agit
1573 1307 1703 1343 cum
1739 1294 1792 1343 et
1818 1288 1924 1343 sub

45 1384 219 1458 capite
243 1402 342 1440 suo
374 1385 621 1440 Romano
649 1382 930 1450 Pontifice‚
958 1400 1308 1455 nequaquam
1327 1382 1563 1455 impedit
1589 1381 1728 1453 quin
1747 1388 1799 1437 et
1827 1382 1928 1436 soli

48 1479 200 1536 Petro
225 1481 464 1538 Christus
509 1482 714 1538 dixerit
750 1482 1107 1552 quodcumque
1140 1482 1378 1535 solveris,
1426 1481 1540 1533 lmo
1577 1479 1680 1552 ipsi
1714 1479 1837 1546 soli,
1876 1484 1928 1533 et

56 1590 160 1628 non
186 1575 307 1632 aliis
342 1578 496 1649 dixit,
528 1582 613 1635 tibi
637 1580 770 1634 (labo
803 1579 988 1634 claves,
1020 1577 1084 1632 Et
1107 1577 1186 1633 sic
1213 1577 1420 1650 optime
1446 1577 1684 1632 cohaeret
1711 1581 1763 1631 et
1787 1574 1928 1630 veri-

51 1668 272 1741 ficatur,
293 1674 437 1744 quod
455 1683 506 1732 et
532 1677 682 1732 solus
710 1677 1010 1731 decernens
1031 1674 1312 1729 Romanus
1331 1673 1579 1727 Pontifex
1602 1690 1925 1746 supremam

52 1767 434 1824 auctoritatem
467 1789 526 1828 ac
553 1772 1002 1827 infallibilitatem
1033 1771 1248 1839 habeat,
1292 1775 1345 1824 et
1377 1787 1499 1824 eam
1533 1769 1699 1823 etiam
1728 1768 1925 1824 habeat

54 1860 342 1932 collegium
375 1864 767 1940 Episcoporum
800 1886 927 1922 eum
954 1884 1061 1939 quo
1091 1870 1361 1937 tanquam
1402 1870 1566 1937 caput
1598 1863 1921 1937 pronuntiat

47 1961 100 2011 et
128 1957 373 2013 decernit
400 1961 688 2020 Romanus
721 1965 982 2020 Pontifex.
1008 1992 1021 2000 -

122 2053 176 2108 2⁰
202 2053 335 2110 Item
359 2058 577 2127 quando
607 2060 867 2131 apostolis
895 2059 1034 2115 dixit
1062 2059 1312 2115 Christus
1337 2067 1515 2114 euntes
1541 2060 1788 2114 docete...
1813 2077 1926 2114 ecce

48 2167 136 2221 eyo
164 2153 418 2207 vobiscum
454 2173 567 2208 sum
596 2174 757 2226 usque
786 2158 853 2212 acl
879 2160 1371 2212 consumutationem
1393 2158 1596 2225 saeculi,
1630 2156 1707 2211 ibi
1738 2155 1928 2211 aderat

49 2247 262 2316 Petrus,
302 2250 416 2320 jam
449 2253 788 2307 constitutus
827 2253 1214 2308 universorum
1246 2260 1456 2325 pastor,
1489 2253 1846 2308 confirmator
1880 2259 1933 2307 et

53 2342 500 2397 fundamentum.
530 2345 680 2399 Unde
720 2347 917 2418 probat
949 2348 1175 2417 quidem
1204 2348 1291 2402 hic
1323 2354 1507 2403 textus
1538 2348 1933 2420 Episcoporum

60 2437 220 2492 fidem
256 2435 568 2494 docentium
607 2440 1088 2513 infallibilitatem,
1133 2446 1226 2500 sed
1270 2451 1545 2516 quatenus
1581 2462 1700 2500 eam
1735 2445 1933 2500 docent

57 2534 208 2588 simul
239 2552 350 2588 cum
388 2536 544 2591 Petro
575 2554 672 2592 seu
716 2538 959 2594 Romano
994 2539 1271 2596 Pontifice.
1318 2541 1471 2604 Quod
1515 2559 1647 2596 sane
1680 2558 1790 2595 non
1826 2541 1931 2594 im-

56 2630 202 2703 pedit
225 2631 357 2702 quin
385 2633 741 2704 singulariter
764 2635 919 2691 Petro
947 2637 1401 2693 infallibilitatem
1427 2638 1724 2694 contulerit
1752 2638 1932 2694 Chris-

57 2732 145 2782 tus
175 2728 394 2799 quando
429 2729 534 2802 ipsi
575 2730 743 2786 dixit:
782 2732 889 2805 qu
911 2736 1092 2804 roystvi
1125 2752 1218 2807 pro
1247 2742 1297 2789 te
1329 2742 1383 2789 ut
1418 2752 1519 2789 non
1562 2736 1770 2805 deficiat
1804 2735 1933 2805 sides

59 2829 211 2880 tua...
238 2827 485 2896 confir-ma
508 2827 773 2898 fratre-3...
797 2829 962 2885 Pasce
984 2848 1167 2902 agnos,
1187 2850 1343 2905 pasce
1372 2850 1510 2887 oves.
1527 2876 1560 2887 ..
1586 2832 1659 2887 Ta
1675 2851 1727 2888 es
1746 2833 1933 2888 Petrus

62 2926 110 2973 et
133 2937 284 2992 super
313 2923 442 2978 lianc
472 2932 674 2996 petram
699 2927 967 2998 aedisicabo
1000 2927 1287 2983 Ecclesiam
1318 2947 1504 2984 meam.

139 3014 194 3068 5⁰
219 3015 351 3072 Item
388 3019 484 3074 ubi
513 3026 566 3076 et
601 3021 707 3095 ipsi
745 3023 978 3096 apostoli
1019 3023 1285 3080 dicuntur
1324 3024 1583 3081 Ecclesiae
1623 3026 1935 3095 sinzdamen-

65 3120 192 3180 turn,
221 3113 275 3168 id
301 3115 437 3175 bene
465 3118 796 3192 intelligitur
822 3127 871 3176 et
898 3122 1213 3178 verificatur
1232 3122 1298 3178 de
1331 3123 1596 3196 apostolis
1624 3139 1751 3176 cum
1781 3121 1938 3175 Petro

67 3216 118 3266 et
153 3211 253 3266 sub
279 3212 430 3270 Petro
461 3218 984 3290 evangelizantibu83
1023 3220 1100 3276 ita
1130 3227 1193 3276 ut
1225 3227 1275 3276 et
1304 3221 1412 3294 ipsi
1438 3239 1563 3276 vere
1599 3220 1707 3274 sint
1739 3219 1936 3274 funda-

67 3312 335 3379 mentum,
370 3311 494 3369 licet
536 3316 951 3371 secundarium.
997 3317 1101 3371 Sed
1129 3318 1228 3371 hoc
1265 3335 1374 3371 non
1418 3316 1648 3389 impedit
1683 3315 1817 3388 quin
1842 3317 1936 3372 Pe·

66 3410 184 3461 trus
209 3407 536 3480 primarium
566 3412 990 3468 fundamentum
1018 3431 1047 3467 a
1079 3413 1291 3468 Christo
1316 3413 1530 3485 positus
1558 3413 1648 3484 sit,
1669 3421 1730 3469 ut
1759 3414 1936 3470 mani-

66 3498 266 3558 festant
288 3506 451 3562 verba
482 3510 595 3563 haec
619 3529 630 3562 z
662 3508 735 3564 Tu
756 3526 810 3564 es
830 3509 1016 3564 Petrus
1035 3518 1083 3565 et
1106 3528 1263 3582 super
1288 3510 1418 3566 hanc
1442 3518 1641 3584 petram
1667 3514 1935 3585 aedificabo

62 3592 340 3659 Ecclesiam
367 3620 552 3660 meam.
