2262 3990
877 207 1005 256 PARS
1034 205 1272 254 SECUNDA.
1922 200 2011 247 ⁴69

136 316 378 374 Pontifex
406 316 535 372 facit
571 333 693 385 sua,
728 313 1060 390 publicando
1090 312 1227 387 (sive
1257 308 1516 365 informa
1550 306 1733 364 Brevis
1756 305 1870 364 sive
1906 305 2007 363 ali-

136 416 241 486 ter)
279 411 587 487 pontificias
611 411 846 481 litteras,
875 409 1077 483 quibus
1107 408 1183 479 id,
1218 405 1364 481 quod
1396 402 1828 462 aCardinalibus
1855 402 2005 476 judi-

136 515 321 566 catum
350 515 456 577 est,
485 507 602 582 ipse
636 506 871 581 judicat,
910 504 1101 562 definit
1136 522 1199 561 ac
1225 502 1529 559 tenendum
1561 498 1826 557 decernit.
1851 498 2006 563 Quod

136 613 268 661 tunc
301 621 555 660 summus
590 602 835 659 Pontifex
863 601 1124 672 loquatur
1146 617 1212 654 ea:
1250 598 1517 668 cathedra,
1551 597 1609 652 in
1645 595 1895 653 confesso
1930 600 2014 652 est

137 702 284 775 apud
323 715 534 755 omneS.
560 696 818 764 Secundo,
853 694 961 750 alia
991 698 1120 748 sunt
1157 710 1322 767 super
1353 693 1556 765 quihus
1587 691 1809 747 nullum
1836 689 2008 747 confl-

134 796 280 853 citur
309 796 494 863 Breve,
540 792 708 848 nullae
738 788 1031 846 Pontificiae
1061 787 1279 853 litterae;
1320 787 1415 842 sed
1450 787 1737 844 dumtaxat
1767 787 1824 843 in
1862 787 2008 861 ipso·

132 898 242 948 met
280 892 452 946 Sacrae
484 884 926 961 Congregationis
953 884 1173 940 decreto
1208 882 1436 951 dicitur,
1465 883 1667 939 factam
1705 901 1829 940 esse
1867 883 2009 940 rela-

129 990 331 1044 tionem
375 986 602 1040 Summo
643 981 912 1050 Pontifici,
962 985 1017 1036 et
1049 980 1233 1054 ipsum
1280 981 1635 1050 confirmasse,-
1677 981 1761 1036 vel
1805 980 2011 1036 dicitur

126 1081 397 1158 publicari
425 1081 707 1135 decretum
740 1079 802 1134 de
825 1077 1041 1151 speciali
1079 1078 1325 1133 mandato
1369 1077 1575 1132 summi
1600 1077 1898 1134 pontificis.
1926 1078 2008 1133 An

125 1184 307 1235 autem
345 1195 440 1250 per
481 1176 611 1232 talia
651 1176 869 1231 decreta
916 1175 1226 1247 dogmatica
1253 1174 1534 1231 Romanus
1568 1174 1817 1230 Pontifex
1851 1175 2005 1247 loqui

126 1291 190 1329 ex
217 1274 463 1328 cathedra
492 1272 801 1328 censendus
849 1271 940 1339 sit,
984 1271 1126 1326 inter
1164 1271 1413 1327 doctores
1446 1270 1750 1326 catholicos
1786 1275 2010 1326 contro-

124 1370 372 1426 vertitur.
415 1369 520 1423 Alii
555 1368 762 1424 scilicet
801 1368 1139 1424 contendunt
1184 1374 1316 1423 tunc
1354 1367 1671 1423 Pontificem
1706 1385 1819 1423 non
1856 1367 2010 1440 loqui

126 1475 389 1541 tanquam
419 1474 582 1541 caput
608 1467 879 1535 Ecclesiae,
906 1467 1000 1523 sed
1026 1467 1375 1523 solummodo
1398 1472 1661 1539 tanquam
1683 1471 1846 1540 caput
1874 1466 2007 1521 Con-

128 1566 463 1638 grcgationis
498 1586 508 1618 :
545 1565 638 1619 alii
671 1582 798 1621 vero
835 1566 1018 1637 (multo
1061 1566 1263 1639 plures,
1302 1570 1363 1620 ut
1398 1564 1474 1619 ait
1507 1563 1776 1635 Zaccaria)
1823 1569 2010 1620 tenent

131 1664 185 1718 in
211 1682 274 1718 eo
306 1681 438 1719 casu
465 1663 780 1719 Pontificem
812 1663 964 1736 loqui
992 1669 1052 1718 ut
1075 1662 1391 1719 Pontificem
1418 1679 1515 1718 seu
1540 1667 1807 1734 tanquam
1842 1668 2009 1735 caput

127 1760 397 1816 Ecclesia).
432 1762 495 1816 Et
529 1760 659 1816 huic
690 1761 979 1834 posteriori
1012 1761 1296 1817 sententiae
1329 1778 1426 1832 ego
1460 1776 1690 1835 prorsus
1730 1759 2004 1816 adhaereO.

124 1856 191 1911 At
241 1856 410 1913 simul
455 1857 628 1912 fateor
679 1874 794 1912 rem
850 1857 1158 1915 etiamnum
1204 1871 1430 1914 manere
1478 1856 1863 1913 controversiae
1909 1857 2007 1911 ob-

128 1952 564 2008 noxia1n.Terti0
598 1953 820 2009 tandem
846 1953 953 2009 alia
978 1960 1107 2009 sunt
1143 1953 1361 2008 decreta
1395 1952 1706 2025 dogmatica
1741 1951 2002 2008 Cardina-

125 2049 264 2106 lium
290 2050 474 2106 Sancti
495 2050 690 2120 Officii,
719 2069 841 2123 quae
865 2068 1058 2107 eorum
1078 2051 1464 2107 tantummodo
1483 2051 1712 2106 nomine
1737 2050 2003 2121 eduntur,

127 2153 178 2202 et
220 2148 422 2218 quibus
463 2166 572 2202 non
619 2149 850 2219 accedit,
902 2167 1081 2219 neque
1123 2148 1438 2221 supradicta
1474 2148 1680 2203 summi
1723 2148 2003 2204 Pontificis

131 2244 470 2311 confir-matiO,
497 2260 675 2313 neque
717 2243 890 2315 ipsius
915 2245 1139 2314 speciale
1163 2245 1489 2298 mandatam.
1519 2244 1589 2299 De
1619 2244 1707 2298 his
1734 2245 1839 2299 sub
1869 2262 2007 2317 prae·

132 2338 270 2392 senti
310 2340 644 2411 paragrapho
678 2339 913 2410 agimus,
957 2346 1009 2394 et
1040 2339 1301 2410 dicimuS,
1345 2358 1440 2414 per
1473 2341 1605 2396 talia
1639 2340 1858 2397 decreta
1900 2340 2002 2395 Ro-

134 2449 361 2488 manum
407 2434 719 2490 Pontificem
760 2453 870 2491 non
915 2436 1067 2508 loqui
1119 2455 1183 2491 ea·
1235 2437 1500 2494 cathedra.
1544 2438 1696 2501 Quod
1738 2440 2004 2513 probatur

131 2530 490 2602 sequentibus
533 2532 1024 2605 propositionibus

201 2624 475 2680 Pnorosmo
507 2627 568 2681 1³.
593 2661 669 2669 —
690 2629 951 2685 Romanas
996 2631 1238 2703 Pontifex
1277 2651 1381 2688 aon
1419 2634 1594 2705 definit
1629 2651 1693 2689 ea:
1727 2636 2000 2705 cathedra,

127 2739 220 2776 nec
250 2725 471 2802 proinde
504 2725 868 2798 infallibiliter,
906 2730 1006 2784 nisi
1039 2731 1149 2802 ipse
1176 2748 1274 2803 per
1293 2734 1525 2804 propriae
1560 2750 1672 2788 suae
1701 2736 1882 2790 mentis
1918 2753 2002 2791 ac-

132 2823 236 2870 tam
266 2819 461 2888 judicet
498 2838 557 2875 ac
591 2826 909 2894 prommtiet.
940 2859 1008 2868 —
1030 2826 1246 2882 Etenim
1286 2827 1567 2884 Romanus
1597 2829 1843 2886 Pontifex
1884 2848 1997 2885 non

131 2911 376 2983 loquitur
416 2933 479 2970 ex
514 2905 784 2994 cathedra,
821 2922 930 2978 nisi
971 2924 1190 2995 quando
1227 2931 1497 2997 tanquam
1540 2931 1707 2999 caput
1743 2926 1998 2982 Ecclesiae

131 3026 192 3064 ac
224 3027 515 3082 supremus
541 3018 1034 3074 controversiarum
1063 3020 1252 3093 judex,
1284 3039 1411 3077 eum
1452 3028 1639 3077 actum
1678 3022 1873 3093 exerit,
1908 3022 1999 3077 cui

129 3103 376 3161 Christus
418 3107 676 3165 Dominus
713 3111 1123 3171 infallibilitatis
1171 3117 1586 3190 praerogativam
1629 3117 1892 3189 alligavit,
1938 3126 1992 3175 et

130 3200 221 3256 cui
268 3207 556 3259 teneantur
588 3223 779 3262 omnes
814 3209 1110 3266 adhaerere.
1159 3212 1323 3268 Porro
1363 3212 1633 3287 ejusmodi
1673 3215 1993 3288 praerogati-

129 3315 250 3353 vam
286 3306 337 3355 et
364 3301 743 3358 auctoritatem
775 3305 1013 3377 alligavit
1032 3307 1279 3364 Christus
1304 3309 1386 3364 illi
1412 3311 1559 3366 actui
1587 3329 1696 3383 quo
1716 3311 1995 3370 Romanus

126 3392 370 3450 Pontifex
401 3396 518 3470 ipse
558 3397 712 3454 docet
751 3405 803 3455 et
834 3400 1019 3457 definit
1053 3421 1150 3477 per
1178 3422 1342 3461 suum
1369 3407 1657 3482 proprium
1685 3426 1781 3466 seu
1807 3429 1994 3485 perso-

127 3491 252 3547 nale
277 3492 573 3564 judicium.
609 3496 820 3552 Etenim
850 3497 1025 3555 Sacrae
1051 3500 1344 3576 Scripturae
1381 3509 1559 3562 textus
1587 3513 1637 3563 et
1677 3507 1990 3566 traditionis

128 3586 451 3646 documenta
477 3609 596 3664 quae
627 3592 859 3650 Romani
886 3595 1162 3654 Pontificis
1200 3598 1644 3661 infallibilitatem
1670 3604 1990 3678 adstruunt,
