2262 3990
825 211 948 281 pias
975 209 1178 259 ruam.
1849 178 1935 253 ’σω

71 336 235 395 quam
261 318 562 376 concilium
602 317 860 392 generale
891 315 959 373 de
992 316 1179 389 aliquo
1202 313 1458 387 dogmate
1481 310 1826 388 pronuntiet,
1848 295 1933 367 rel

67 413 344 489 praecessit
386 412 633 470 definitio
674 413 850 486 Papae,
898 411 983 468 vel
1032 428 1163 467 non.
1206 409 1369 483 Atqui
1414 409 1471 464 in
1512 413 1755 480 utroque
1804 423 1935 464 casu

69 515 175 567 stat
198 509 429 566 Romani
463 507 740 566 Pontificis
764 507 1066 564 auctoritas
1091 523 1261 580 supra
1293 502 1935 578 concilium-sine-Papa.

128 606 196 662 -1ο
231 604 459 669 Quando
493 603 777 680 praecessit
816 603 1101 679 pontificia
1133 602 1398 672 definitio,
1439 607 1703 658 tenentur
1746 618 1940 657 omnes

63 701 283 759 concilii
311 701 494 758 Patres
529 701 612 757 illi
631 700 935 770 adhaerere,
960 717 1062 755 nec
1087 699 1228 773 ipsis*
1252 698 1495 755 liberum
1521 704 1606 753 est
1630 697 1791 754 aliter
1815 713 1940 753 sen-

65 800 167 855 tire
193 816 255 855 ac
284 799 561 872 judicare;
604 803 766 873 prout
798 798 837 853 1·
862 796 1239 871 propositione
1284 796 1579 869 probatum
1625 802 1726 851 est.
1774 795 1940 850 Porro

62 895 155 971 qui
194 901 412 950 tenetur
444 894 502 948 in
539 891 766 948 materia
795 890 919 946 fidei
959 889 1189 946 alterius
1226 889 1439 962 judicio
1491 908 1611 965 sese
1638 889 1935 964 subjicere,

65 994 165 1048 hoc
193 992 308 1066 ipso
335 990 514 1064 quoad
554 989 704 1044 illam
737 988 1030 1044 materiam
1056 989 1275 1060 inferior
1294 991 1374 1066 est
1401 994 1452 1042 et
1480 989 1782 1059 inferiorem
1813 1005 1937 1043 auc-

62 1090 339 1146 toritatem
368 1089 564 1154 habet;
594 1091 809 1160 statque
827 1089 1065 1160 superior
1096 1092 1147 1142 et
1174 1103 1415 1158 suprema
1444 1086 1743 1141 auctoritas
1767 1102 1933 1158 penes

0 1257 2 1261 ,
62 1187 218 1243 illum
260 1187 419 1258 cujus
446 1184 725 1239 decretum
755 1184 1125 1256 dogmaticum
1166 1188 1391 1237 caeteros
1431 1199 1623 1237 omnes
1656 1183 1933 1237 constrin-

61 1284 158 1357 git,
201 1290 365 1356 atque
406 1282 474 1339 ad
509 1282 590 1338 sic
627 1281 995 1355 judicandum
1042 1286 1093 1336 et
1134 1279 1471 1336 credendum
1520 1279 1745 1353 obligat.
1805 1279 1934 1342 Quae

64 1389 244 1437 tamen
271 1380 559 1455 pontificiae
585 1379 891 1435 definitioni
925 1378 1238 1434 adbaerendi
1271 1378 1555 1451 obligatio,
1582 1395 1932 1450 nequaquam

62 1478 291 1552 impedit
318 1477 452 1550 quin
481 1477 698 1533 concilii
720 1478 901 1532 Patres
922 1476 977 1531 in
991 1475 1331 1532 decernendo
1354 1475 1545 1530 eodem
1568 1474 1803 1530 articulo
1823 1475 1931 1530 sint

61 1573 118 1628 in
144 1591 266 1630 vero
304 1591 366 1630 ac
402 1573 621 1647 proprio
655 1589 822 1629 sensu
851 1574 1071 1645 judiceS,
1105 1579 1266 1646 prout
1294 1573 1590 1646 probatum
1619 1577 1699 1626 est
1735 1589 1931 1646 propo-

61 1669 261 1728 sitione
296 1671 401 1726 111⁸.

132 1766 189 1821 2⁰
215 1766 273 1822 In
301 1784 434 1822 casu
479 1766 647 1822 etiam
692 1785 801 1839 quo
847 1767 1002 1821 n'ulla
1040 1767 1320 1840 praecessit
1348 1765 1630 1840 pontificia
1658 1765 1927 1835 definitio,

64 1862 238 1933 major
286 1880 382 1918 seu
416 1862 666 1936 superior
698 1868 780 1918 est
824 1862 1055 1917 Romani
1102 1862 1381 1918 Pontificis
1431 1862 1750 1917 auctoritas,
1796 1862 1932 1917 Nam

59 1963 188 2013 tunc
217 1957 463 2014 definitio
503 1959 724 2014 Patrum
755 1958 972 2014 concilii
1003 1958 1111 2014 vim
1146 1975 1254 2014 non
1298 1959 1486 2027 habet,
1523 1959 1631 2015 nisi
1657 1965 1933 2032 quatenus

59 2053 108 2111 ei
133 2056 425 2111 accesserit
462 2055 692 2112 Romani
736 2055 1015 2112 Pontificis
1051 2074 1310 2114 assensus
1357 2074 1455 2112 seu
1500 2057 1840 2131 approbatio.
1870 2057 1929 2113 Et

58 2154 308 2226 quamvis
332 2154 502 2211 totius
533 2154 619 2210 vel
649 2153 762 2210 fere
797 2154 966 2210 totius
1013 2155 1236 2210 concilii
1285 2155 1531 2210 definitio
1561 2172 1787 2210 erronea
1815 2172 1933 2211 esse

59 2267 167 2306 non
193 2250 385 2324 possit,
413 2257 477 2306 ut
500 2251 707 2307 dictum
736 2258 839 2318 est,
868 2251 1243 2324 propositione
1265 2251 1347 2305 v1=¹
1366 2258 1416 2306 et
1436 2252 1566 2320 Vlla,
1600 2254 1715 2306 haec
1746 2259 1931 2308 tamen

60 2347 429 2403 infallibilitas
459 2347 589 2403 inde
626 2354 844 2403 tantum
891 2348 1162 2420 provenit,
1202 2348 1344 2421 quod
1377 2366 1665 2420 nunquam
1709 2349 1927 2406 contin-

56 2458 181 2513 gere
205 2442 376 2515 possit
414 2448 474 2498 ut
500 2441 609 2498 fere
661 2459 854 2497 omnes
886 2442 1106 2497 concilii
1132 2443 1406 2514 generalis
1444 2444 1627 2498 Patres
1654 2444 1815 2499 aliter
1838 2445 1927 2501 de-

55 2536 245 2592 finiant
272 2556 437 2609 quam
470 2537 637 2593 sentit
677 2543 728 2593 et
765 2535 976 2609 judicat
1019 2538 1299 2594 Romanus
1327 2539 1592 2607 Pontifex,
1622 2546 1684 2594 ut
1721 2540 1926 2596 ibidem

53 2632 426 2703 probavimus.
474 2618 706 2688 Proinde
747 2633 862 2688 haec
888 2649 1080 2687 eorum
1110 2633 1475 2690 infallibilitas
1501 2635 1723 2690 involvit
1756 2636 1930 2691 omni-

57 2727 272 2783 modam
297 2747 326 2784 a
350 2729 559 2802 judicio
603 2730 833 2786 Romani
860 2730 1139 2787 Pontificis
1184 2730 1629 2806 dependentiam.
1668 2733 1792 2788 Ideo
1820 2733 1927 2788 sci-

59 2819 183 2877 licet
230 2822 310 2877 sic
346 2823 663 2883 infallibiles
692 2833 847 2896 sunt,
880 2826 1008 2900 quia
1046 2834 1330 2900 nequeunt
1364 2845 1616 2902 unquam
1654 2829 1816 2885 aliter
1839 2831 1929 2903 ju-

58 2914 240 2971 dicare
278 2918 434 2988 velle,
483 2938 647 2993 quam
691 2924 903 2996 judicat
954 2924 1238 2980 Romanus
1294 2925 1561 2981 Pontifex.
1610 2925 1783 2996 Igitur
1821 2933 1930 2982 tota

59 3012 335 3085 obligandi
363 3014 443 3070 vis
472 3022 525 3070 et
551 3016 919 3076 infallibilitas
945 3021 1308 3090 definitionis,
1328 3022 1394 3076 ab
1421 3022 1686 3077 omnibus
1708 3023 1793 3077 vel
1819 3022 1932 3079 sere

60 3109 348 3166 omnibus¹
385 3111 602 3168 concilii
638 3113 891 3171 Patribus
921 3115 1101 3186 editae,
1129 3117 1400 3192 dependet
1425 3118 1492 3174 ab
1522 3118 1699 3192 ipsius
1735 3135 1930 3174 conso-

63 3199 248 3254 nantia
270 3206 328 3256 et
352 3200 559 3257 unione
587 3219 714 3257 cum
759 3203 995 3260 Romani
1036 3205 1310 3271 Pontificis
1355 3206 1599 3279 judicio;
1657 3207 1730 3263 ita
1769 3215 1831 3265 ut
1857 3209 1927 3280 si,

62 3312 158 3368 per
183 3295 548 3389 impossibile,
596 3298 955 3374 discreparet,
977 3300 1090 3374 jam
1122 3318 1222 3357 nec
1250 3302 1587 3374 infallibilis,
1621 3321 1719 3361 nec
1759 3304 1929 3363 ullius

112 3480 165 3534 (t)
197 3482 281 3523 Non
301 3482 475 3525 dicimus
493 3495 587 3525 cum
609 3484 827 3526 Bellerinio
850 3498 875 3527 α
895 3487 1115 3539 plerisque,
1144 3487 1186 3528 id
1211 3493 1283 3536 est,
1313 3502 1334 3530 a
1358 3489 1507 3543 majori
1534 3490 1701 3534 Patrum
1725 3505 1897 3537 numero
1911 3511 1922 3546 3

59 3559 139 3591 non
173 3550 282 3601 quod
307 3549 348 3590 id
374 3551 634 3603 rejiciamus;
665 3552 747 3594 imo
769 3558 881 3595 recte
906 3553 1061 3595 dictum
1086 3556 1392 3606 existimamus;
1419 3558 1491 3599 sed
1518 3559 1628 3611 quia,
1655 3567 1777 3613 prout
1800 3575 1925 3615 supra

59 3617 302 3666 notavimuS,
327 3621 385 3658 ‘an
411 3617 451 3659 id
475 3630 523 3660 ex
550 3620 863 3662 auctoritatibus
887 3626 1047 3664 certum
1070 3623 1214 3667 haberi
1238 3624 1396 3678 debeat,
1422 3625 1677 3678 ignoramus.
