2262 3990
249 140 338 188 666
922 133 1220 182 TRACTATUS
1250 134 1317 181 DE
1346 134 1494 182 PAPA.

251 249 364 308 lem
383 245 743 312 sententiam3
771 243 904 318 quia
926 249 1052 320 post
1077 244 1198 319 ejus
1221 243 1620 319 prolationem,
1639 262 1756 302 non
1774 231 1991 304 certum
2007 240 2162 311 fieret
2255 272 2262 287 ⁴

249 345 452 419 Papam
488 356 613 397 esse
654 339 997 415 depositum,
1032 339 1132 396 sed
1165 339 1223 396 id
1265 339 1420 398 licite
1457 341 1650 415 negari
1685 348 1894 418 posset.
1933 343 2166 423 Insuper

250 444 550 516 eligeretur
574 458 753 497 novus
782 439 1057 510 Pontifex,
1091 440 1190 515 qui
1216 439 1365 498 licite
1387 459 1489 517 pro
1514 440 1735 499 intruso
1763 443 1958 499 haberi
1982 454 2172 519 posset,

250 541 319 598 ab
346 540 617 597 omnibus
648 539 933 615 opinionis
959 539 1259 597 contrariae
1295 541 1832 616 propugnatoribus,
1869 541 2012 600 Sane
2043 526 2180 604 cen··
2228 575 2233 595 2-

251 639 464 697 sendus
505 658 620 696 non
662 645 748 696 est
785 639 1045 696 Christus
1082 639 1342 697 Ecclesiae
1382 658 1499 697 suae
1538 657 1637 716 per
1670 639 1982 698 remedium
2022 645 2167 704 malo

252 739 416 814 pejus
457 739 790 815 providisse.
841 774 914 782 —
961 739 1017 795 5⁰
1069 739 1337 814 Equidem
1379 757 1546 814 grave
1586 740 1801 796 malum
1851 740 1990 796 foret
2028 741 2166 820 Papa
2232 772 2233 777 κ

250 837 515 912 privatim
553 837 874 906 haereticus3
910 842 966 894 at
1002 856 1115 895 non
1154 838 1289 911 tale,
1331 844 1395 895 ut
1430 838 1677 896 Ecclesia
1719 839 2027 897 subsistere
2061 856 2166 900 non
2237 914 2239 918 Α

253 945 465 1013 posset,
494 957 557 994 ac
592 938 907 1012 praesertim
943 944 1008 994 ut
1045 938 1271 995 deberet
1317 938 1618 1014 praefatum
1660 938 1978 995 remedium
2017 938 2171 998 adhi-

253 1037 398 1094 beri.
435 1037 598 1109 Nam,
644 1055 711 1093 ex
751 1036 1071 1114 hypothesi,
1116 1037 1249 1094 talis
1287 1037 1567 1110 Pontifex,
1610 1037 1836 1113 plenam
1881 1038 2172 1114 regiminis

254 1141 616 1211 potestatem,
652 1142 780 1192 ante
810 1136 1033 1193 concilii
1060 1135 1340 1210 generalis
1365 1136 1727 1207 sententiam,
1755 1137 2041 1207 retineret;
2074 1155 2173 1196 nec

256 1234 380 1291 ideo
408 1234 622 1292 interea
653 1236 860 1310 periret
891 1236 1154 1293 Ecclesia.
1184 1235 1436 1309 Longum
1461 1242 1650 1293 autem
1669 1235 2019 1293 interflueret
2038 1240 2172 1294 tem·

259 1351 366 1407 pus
397 1339 705 1406 antequam
747 1332 1131 1390 celebraretur
1161 1335 1424 1407 generale
1457 1333 1794 1403 concilium;
1844 1335 2006 1409 cujus
2047 1351 2177 1393 sane

258 1431 643 1507 congregatiO,
673 1433 730 1488 in
759 1433 970 1490 talibus
994 1433 1464 1507 circumstantiiS,
1504 1434 1810 1491 admodum
1837 1452 2069 1510 operosa
2100 1433 2178 1492 fo·

258 1538 365 1603 ret,
399 1549 470 1588 ne
507 1531 711 1603 dicam,
745 1533 1136 1609 impossibilis.
1173 1533 1227 1589 Si
1256 1552 1384 1608 ergo
1412 1540 1567 1591 tanto
1599 1540 1856 1610 tempore
1885 1535 2038 1591 salva
2062 1551 2180 1593 esse

259 1634 438 1710 possit
476 1634 724 1691 Ecclesia
759 1636 865 1691 sub
907 1636 1052 1712 Papa
1093 1636 1360 1711 privatim
1402 1635 1685 1706 haereticO,
1725 1654 1829 1692 cur
1871 1635 2023 1692 salva
2063 1639 2178 1693 esse

261 1750 373 1789 non
408 1739 597 1809 posset
627 1753 810 1808 usque
839 1735 907 1791 ad
935 1735 1117 1810 ipsius
1160 1735 1411 1792 obitum?
1435 1734 1726 1792 Diceretur
1747 1734 2009 1791 fidelibus
2045 1756 2056 1789 z
2088 1734 2179 1792 Te·

263 1839 390 1890 nete
420 1835 795 1891 orthodoxam
825 1834 995 1890 fidem
1031 1853 1204 1910 quam
1234 1835 1377 1910 Papa
1408 1834 1569 1891 docet
1606 1840 1659 1891 et
1690 1834 1886 1891 definit
1911 1853 1976 1892 ex
2006 1832 2187 1890 officio

262 1937 535 2005 tanquam
581 1933 836 1988 Pontifex
881 1956 892 1988 :
955 1933 1218 1989 haeresim
1261 1940 1450 1989 autem
1503 1933 1596 1990 cui
1651 1933 1860 1989 dicitur
1905 1933 2191 1990 adhaerere

264 2037 537 2105 tanquam
576 2032 798 2108 privata
831 2051 1096 2108 persona,
1136 2032 1373 2106 rejicite,
1405 2033 1477 2088 De
1518 2034 1623 2089 hoc
1661 2033 1871 2089 scilicet
1906 2030 2191 2107 personali
2260 2010 2262 2035 ³

264 2132 550 2188 Pontificis
587 2137 814 2207 peccato
853 2132 1159 2204 diceretur,
1204 2133 1354 2189 sicut
1386 2132 1455 2189 de
1494 2133 1682 2207 pravis
1725 2133 1845 2206 ejus
1885 2132 2186 2188 moribus:

270 2231 445 2305 Super
469 2232 772 2288 cathedram
810 2216 1010 2305 Moysis
1040 2232 1294 2287 sederunt
1319 2232 1499 2286 scribae
1527 2225 1576 2286 et
1594 2231 1872 2304 pliarisaei;
1911 2230 2192 2303 quodcum·

268 2349 366 2404 que
389 2349 511 2405 erqo
540 2332 772 2387 dixerint
795 2333 937 2387 vobis
964 2333 1054 2406 (ex
1079 2329 1371 2404 cathedra)
1398 2337 1603 2386 servate
1628 2338 1679 2386 et
1702 2331 1886 2403 facite3
1910 2329 2187 2384 secundum

269 2449 432 2504 opera
447 2449 568 2487 vero
593 2449 776 2486 eorum
797 2431 962 2486 nolite
988 2431 1185 2503 facere.
1217 2429 1414 2503 Igitur,
1438 2428 1484 2485 si
1509 2428 1630 2485 dari
1652 2427 1828 2504 possit
1855 2445 2018 2483 casus
2038 2427 2194 2502 Papae-

268 2528 533 2605 privatim
565 2529 839 2600 haeretici,
879 2528 1200 2586 censendus
1230 2533 1315 2585 cst
1346 2527 1605 2585 Christus
1630 2526 1877 2584 voluisse
1900 2532 1964 2583 ut
1996 2541 2189 2600 supre-

272 2645 425 2683 mam
458 2628 853 2684 auctoritatem
880 2627 1259 2684 nihilominus
1283 2626 1577 2697 retineret,
1608 2643 1710 2683 nec
1734 2625 1853 2682 ullo
1882 2624 2047 2682 modo
2071 2639 2192 2700 pos·-

271 2731 356 2796 set
389 2743 490 2801 per
521 2727 779 2800 gencrale
810 2726 1115 2783 concilium
1142 2744 1207 2783 ea
1238 2724 1469 2801 privari.

348 2824 472 2882 Haec
506 2830 710 2899 quarta
746 2826 1025 2882 sententia
1055 2825 1200 2881 mihi
1230 2825 1457 2881 videtur
1492 2823 1753 2881 secundae
1778 2841 1841 2879 ac
1876 2822 2055 2880 tertiae
2079 2835 2192 2878 om·

273 2923 410 2981 nino
444 2925 851 2999 anteponenda;
887 2923 1279 3000 postponenda
1307 2931 1497 2981 tamen
1531 2923 1748 2999 primae.
1785 2922 2088 2992 Nimirum,
2121 2919 2194 2977 si-

274 3027 368 3078 cut
410 3021 674 3079 Suaresio
717 3027 772 3079 et
802 3022 1000 3079 multis
1042 3022 1192 3094 aliis,
1222 3022 1366 3078 mihi
1398 3021 1591 3093 etiam,
1617 3022 1944 3096 probabilius
1979 3018 2199 3077 videtur·

271 3121 504 3197 Papam,
541 3122 712 3179 ctiam
743 3128 809 3179 ut
838 3140 1138 3198 personam
1180 3122 1482 3198 privatam,
1530 3121 1589 3177 in
1635 3120 1893 3178 haeresim
1930 3118 2041 3176 labi
2083 3131 2195 3174 non·

275 3236 462 3293 posse.
496 3219 592 3276 Ast
632 3220 690 3276 in
731 3219 1031 3296 hypothesi
1069 3220 1222 3293 quod
1263 3220 1410 3295 Papa
1450 3218 1709 3294 privatim
1746 3216 2043 3274 haereticus
2075 3209 2195 3270 fieri

275 3317 476 3392 possit,
512 3319 745 3375 omnino
774 3337 1040 3394 negarem
1079 3337 1211 3376 eum
1239 3336 1362 3376 esse
1397 3318 1520 3394 ipso
1555 3320 1700 3374 facto
1728 3315 2067 3392 depositum,
2098 3313 2190 3368 aut

277 3433 438 3488 posse
464 3418 532 3474 ab
559 3418 678 3475 ullo
705 3418 948 3474 concilio
975 3418 1203 3495 deponi.

354 3513 542 3577 Quoad
572 3498 769 3573 textus*
794 3515 892 3591 qui
934 3516 1285 3574 contrarium
1319 3522 1670 3593 supponunt,
1705 3514 1824 3589 jam
1859 3531 1952 3571 eos
1990 3522 2187 3586 expen-

278 3607 467 3666 dimus
496 3630 666 3688 supra
692 3621 819 3690 post
849 3614 1094 3692 primam
1119 3613 1481 3672 sententiam.
