2262 3990
855 225 979 272 PARS
1008 222 1207 271 TERTIA.
1879 211 1968 260 685

108 357 276 413 quam
307 355 403 414 per
434 335 750 393 exercitium
775 328 1179 406 jurisdictionis
1208 323 1634 384 constantiensis
1661 319 1877 378 concilii
1911 318 1969 374 in

109 453 303 494 verum
338 435 481 490 inter
509 430 707 488 dubios
730 426 1068 486 Pontificem.

184 528 487 603 Respondeo
507 548 524 580 .-
558 525 615 581 Id
638 524 775 581 salso
801 522 995 592 asseri,
1036 525 1199 596 prout
1232 518 1505 576 evincitur
1531 515 1784 591 sequenti
1819 530 1973 587 para-

111 626 340 700 grapho,

163 805 188 856 S
208 803 248 844 4.
275 825 327 834 —
349 803 397 844 ln
414 801 590 843 oencilio
612 794 913 841 constantiensi
937 786 1021 836 hon
1043 795 1258 836 sublatum
1279 799 1346 835 est
1360 794 1538 836 schisma
1558 792 1741 835 coactiva
1765 788 1926 832 concilii

547 868 591 908 in
616 876 760 907 verum
779 861 1016 906 Pontificem
1034 860 1292 908 auctoritate,
1313 861 1383 902 sed
1402 861 1535 901 aliter.

184 999 460 1054 Pnorosmo
497 997 558 1052 1⁸.
583 1029 653 1038 —
678 995 724 1052 E
751 996 912 1050 tribus
947 994 1366 1050 contendentibus
1393 994 1495 1048 duo
1534 994 1861 1056 abclicarunt3
1900 994 1977 1047 ita

111 1102 169 1152 ut
206 1104 311 1151 tota
345 1095 629 1166 difficultas
659 1094 728 1147 sit
766 1092 829 1146 de
867 1093 1041 1159 terti0,
1077 1091 1131 1144 id
1169 1097 1266 1159 est,
1303 1089 1366 1144 de
1396 1088 1555 1144 Petro
1583 1079 1656 1143 ‘de
1682 1089 1849 1158 Luna,
1892 1091 1979 1159 qui

111 1190 282 1246 noluit
328 1191 588 1245 abdicare.
610 1220 677 1229 —
708 1188 761 1242 1⁰
787 1187 1083 1259 Gregorius
1108 1186 1194 1240 XII
1229 1183 1553 1241 Pontificatu
1583 1185 1756 1240 libere
1794 1183 1975 1240 cessit.

110 1288 186 1355 Is,
221 1294 342 1361 post
374 1287 510 1343 alios
543 1287 703 1357 duOS,
731 1291 1070 1341 successerat
1094 1283 1310 1340 Urbano
1335 1283 1419 1352 VI,
1456 1282 1551 1355 qui
1582 1299 1731 1337 nunc
1758 1282 1826 1336 ab
1855 1298 1980 1336 eru-

111 1383 243 1439 ditis
268 1401 428 1440 verus
457 1401 518 1438 ae
551 1382 831 1455 legitimus
855 1381 1095 1436 Pontifex
1120 1380 1316 1449 fuisse,
1346 1380 1523 1434 multo
1560 1379 1756 1435 saltem
1786 1378 1981 1451 proba·

120 1477 311 1545 bilius,
360 1478 727 1534 existimatur.
783 1476 980 1532 «Licet
1021 1476 1169 1532 enim
1218 1474 1348 1531 dieti
1397 1474 1597 1530 Urbani
1625 1474 1702 1547 vl*
1728 1473 1921 1529 electio
1955 1492 1983 1528 a

121 1573 503 1629 Cardinalibus
538 1580 755 1648 peracta
798 1572 1006 1628 incussi
1050 1578 1231 1628 metus
1268 1571 1429 1627 titulo
1470 1575 1655 1626 vocata
1687 1569 1886 1625 fuisset
1928 1568 1982 1623 in

117 1670 373 1739 dubium,
403 1671 717 1727 ratihabitio
743 1677 928 1726 tamen
964 1671 1328 1741 subsequens,
1363 1674 1415 1725 et
1440 1668 1617 1724 multo
1645 1667 1821 1740 magis
1847 1684 1983 1722 nova

111 1767 180 1822 ab
223 1767 420 1823 iisdem
448 1775 665 1841 peraeta
704 1768 879 1841 ipsius
914 1768 1182 1840 posterior
1216 1764 1432 1834 electi0,
1467 1772 1521 1821 et
1559 1763 1984 1837 quadrimestris

115 1863 338 1935 pacifica
382 1864 676 1936 possessiO,
725 1863 942 1935 aliaque
987 1880 1017 1917 a
1061 1862 1337 1936 Raynaldo
1384 1861 1548 1915 allata
1598 1861 1765 1931 (anno
1812 1860 1979 1932 1576)

111 1958 264 2013 illam
314 1959 753 2014 luculentissime
792 1958 1125 2014 vindicant»
1180 1956 1554 2028 (Ballerinius‚
1607 1957 1672 2010 de
1714 1957 1982 2011 Potestate

107 2055 329 2125 Eccle3.,
375 2075 494 2129 cap.
537 2076 604 2118 ix,
651 2074 708 2110 n.
754 2056 844 2119 116,
894 2056 951 2110 in
994 2058 1168 2128 nota).
1209 2054 1384 2126 Igitur
1426 2054 1483 2108 in
1530 2053 1850 2125 Gregorium
1891 2054 1973 2108 XII

112 2150 549 2207 Constantienses
573 2154 753 2208 Patres
779 2153 1137 2208 exercendam
1157 2150 1605 2223 jurisdictionem
1632 2167 1743 2204 non
1768 2150 1973 2206 babue-

115 2252 267 2316 runt,
294 2247 567 2317 siquidem
593 2246 765 2302 libere
786 2246 1076 2302 abdicavit.

188 2342 244 2395 2⁰
270 2341 506 2397 Joannes
534 2341 705 2411 XXIII,
737 2341 875 2397 alter
900 2359 929 2396 e
953 2341 1436 2404 contendentibus,
1469 2340 1576 2396 fuit
1600 2340 1823 2413 quidem
1850 2358 1975 2397 sen-

115 2437 285 2492 tentia
327 2437 543 2493 concilii
590 2437 894 2511 deposituS.
941 2437 1043 2493 Sed
1086 2444 1242 2493 antea
1286 2436 1418 2492 huic
1466 2455 1579 2492 suae
1624 2438 1973 2510 depositioni,

112 2552 243 2590 casu
296 2553 403 2608 quo
451 2535 929 2608 pronuntiaretur,
983 2553 1272 2591 assensum
1333 2535 1661 2609 praebuerat.
1723 2536 1975 2610 Spopon-

109 2631 262 2686 derat
322 2649 520 2705 nempe
585 2632 778 2706 synodi
829 2633 1190 2702 sententiam,
1251 2633 1473 2688 etiamsi
1538 2639 1727 2713 contra
1794 2635 1977 2707 ipsum

110 2726 301 2791 latam,
332 2732 658 2799 confirmare,
697 2731 986 2803 approbare
1022 2737 1074 2784 et
1104 2731 1418 2802 omoloyare.
1465 2731 1528 2786 Et
1570 2731 1625 2785 in
1659 2731 1776 2804 ipsa
1821 2731 1981 2805 depo-

110 2822 329 2879 sitionis
352 2825 621 2881 sententia
657 2826 956 2881 concilium
984 2826 1321 2882 mentionem
1350 2827 1478 2883 feeit
1508 2828 1575 2883 de
1610 2829 1839 2898 ejusdem
1867 2829 1981 2882 sub-

112 2921 353 2974 missione
371 2929 676 2991 spontanea.
711 2923 940 2997 Insuper
965 2932 1087 2998 post
1114 2925 1527 3000 pronuntiatam
1560 2925 1978 2998 depositionem,

113 3015 165 3064 et
189 3015 315 3064 ante
339 3009 554 3065 Martini
580 3011 623 3064 V
647 3011 995 3081 electionem,
1035 3015 1365 3070 sententiam
1394 3015 1612 3070 concilii
1638 3014 1985 3070 confirmavit

113 3121 177 3159 ae
202 3110 376 3159 ratam
404 3105 627 3171 hahuit(
644 3105 698 3161 in
721 3124 831 3179 qua
858 3108 1245 3164 ratihabitione
1270 3111 1512 3166 notanda
1536 3112 1702 3167 verba
1727 3110 1832 3166 ista
1859 3129 1981 3184 quae
2022 3146 2030 3154 -

112 3199 341 3256 liberam
373 3202 834 3257 renuntiationem
861 3204 1175 3277 exprimunt
1208 3228 1218 3260 :
1256 3206 1416 3262 Immo
1449 3209 1616 3262 eidem
1657 3208 1887 3280 Papatui
1931 3217 1980 3263 et

100 3300 236 3370 juri,
278 3302 324 3354 si
358 3301 493 3370 quod
526 3302 578 3355 in
607 3301 785 3357 eodem
815 3304 912 3357 sibi
942 3302 1380 3378 qualitercumque
1417 3309 1776 3379 competierat,
1812 3326 1903 3363 seu
1934 3311 1980 3363 si

114 3392 249 3462 qnod
266 3393 360 3447 sibi
381 3411 513 3447 nnnc
534 3396 586 3448 in
612 3395 789 3450 eodem
817 3398 1148 3469 competebat,
1176 3417 1326 3471 pure,
1352 3400 1658 3474 simpliciter
1686 3410 1736 3457 et
1753 3404 1980 3459 absolute

114 3485 368 3560 libereque
402 3497 451 3543 et
480 3498 664 3562 sponte
692 3491 897 3547 cedebat
928 3499 977 3548 et
1007 3497 1339 3551 renuntiabat
1385 3497 1766 3568 (conciliorum
1801 3499 1979 3556 Labbe

115 3588 155 3639 t.
183 3582 288 3654 XII,
308 3584 413 3642 col.
443 3585 535 3655 97,
561 3586 692 3644 edit.
714 3588 958 3660 Parisiis,
984 3589 1052 3646 16
1064 3590 1173 3662 72).
1198 3592 1623 3670 Igitur-soannes
1644 3597 1794 3654 XXIII
1812 3597 1975 3655 etiam
