2262 3990
253 140 345 188 410
936 133 1235 193 TRACTATUS
1261 134 1333 182 DE
1359 135 1508 184 PAPA.

242 233 452 315 nuuntg
493 247 736 322 ipsemet
768 245 1012 298 testatus
1042 247 1127 299 est
1166 241 1322 300 hisce
1348 242 1561 318 aureiS,
1609 262 1716 304 nec
1746 241 2184 327 s‘a'tisunqua..⁴
2244 262 2245 266 ’

240 343 570 406 laudandis·
593 340 777 398 verbis
807 361 818 396 :
851 339 1031 416 Neque
1071 344 1212 400 enim
1252 343 1472 414 aliunde
1509 345 1745 404 haereses
1794 348 1998 406 obortae
2035 369 2133 413 sun
2156 383 2160 387 -

244 450 337 500 aut
370 447 501 497 nata
547 446 673 496 sunt
717 440 1027 512 schismata,
1066 460 1225 516 quam
1264 444 1392 500 inde
1434 445 1575 518 quod
1623 446 1892 504 sacerdoti
1927 447 2028 506 Dei
2058 468 2133 508 -η

245 544 657 616 obtemperatum
697 559 795 598 nec
829 561 954 598 uuus
985 544 1040 598 in
1072 542 1313 600 Ecclesia
1346 545 1419 601 ad
1459 537 1671 620 tempus
1718 547 1988 618 sacerdos,
2024 555 2093 609 et,
2128 573 2152 598 »ι
2227 595 2230 598 «

243 648 449 715 tempus
483 641 651 715 judex
677 643 790 698 vice
823 640 1022 699 Christi
1065 636 1352 717 coq'itatur3
1391 645 1474 701 cui
1508 645 1554 700 si
1590 647 1877 702 secundum
1922 649 2187 722 maqist

247 741 332 796 ria
370 726 555 796 divina
595 741 981 815 obtemperaret
1020 742 1341 815 fraternitas
1380 745 1650 817 universa,
1699 761 1851 802 nemo
1899 745 2128 802 adversu

251 841 588 897 sacerdotum
637 841 915 914 colleqium
968 843 1253 916 quidquam
1313 851 1566 900 moveret.
1629 843 1769 900 Gum
1819 845 1953 902 haec
1990 845 2187 904 tueri

255 940 438 997 saneti
480 939 741 1017 Cypriani
787 947 936 999 certa
984 941 1266 1012 doctrina,
1312 943 1421 1019 ipsi
1463 944 1669 1020 procul
1713 945 1885 1002 dubio
1921 945 2132 1021 injuria
2168 970 2189 997 ‚A
2248 934 2258 1015 l

253 1038 407 1112 facit,
451 1039 551 1114 qui
576 1047 870 1116 praetensae
897 1041 934 1097 F
940 1041 1213 1099 irmiliani
1254 1043 1503 1118 epistolae
1540 1062 1674 1101 eum
1713 1043 2015 1102 adhaesisse
2051 1063 2196 1120 pro..

253 1139 511 1197 nuntiat.
2256 1212 2258 1218 Ι

331 1238 549 1312 Quarto,
587 1240 852 1298 evincunt
887 1240 1123 1316 insuper
1148 1241 1319 1297 citata
1356 1241 1525 1298 verba
1547 1241 1805 1298 habitum
1856 1259 1888 1298 a
1923 1240 2183 1317 Cyprian
2250 1259 2252 1274 ³

255 1338 577 1395 Romanum
625 1339 976 1410 Pontificem,
1027 1347 1303 1414 tanquam
1353 1359 1689 1417 supremum
1740 1347 1795 1398 et
1837 1340 2136 1398 infallibile
2170 1365 2203 1424 ¹¹2

253 1437 510 1512 judicem
551 1439 1066 1497 controversiarum
1115 1441 1174 1497 in
1216 1441 1345 1499 fidei
1392 1448 1445 1499 et
1487 1460 1712 1504 morum
1751 1439 2195 1515 quaestionibus
2259 1486 2262 1493 .

263 1531 420 1601 Quod
442 1543 496 1594 et
521 1538 677 1610 alibi,
698 1539 938 1614 loquens
954 1541 1020 1598 de
1036 1540 1418 1599 schismaticis
1432 1541 1736 1598 Fortunato
1755 1546 1808 1598 et
1822 1540 2172 1598 Felicissimo
2193 1581 2197 1618 3

263 1635 345 1693 sie
384 1638 650 1713 exprimit
683 1661 693 1693 :
726 1638 998 1714 Naviyare
1036 1643 1258 1713 audent,
1299 1651 1349 1698 et
1392 1643 1462 1698 ad
1503 1642 1650 1698 Petri
1694 1641 2012 1698 cathedram
2052 1647 2195 1714 atqu
2242 1637 2262 1711 'j

278 1733 569 1791 Ecclesiam
599 1737 975 1810 principalem,
1014 1740 1152 1794 uncle
1191 1741 1369 1796 unitas
1415 1737 1769 1795 sacerdotalis
1810 1745 2005 1795 exorta
2042 1744 2144 1809 est,
2188 1768 2194 1785 .
2260 1724 2262 1726 ’

280 1836 628 1893 schismaticis
669 1846 718 1894 et
770 1841 1021 1913 profanis
1061 1841 1266 1896 litteras
1315 1843 1492 1914 ferre,
1538 1858 1634 1897 nec
1676 1842 1906 1914 copitare
1950 1857 2038 1894 eos
2101 1855 2247 1894 ess

282 1931 569 2000 RomanOS,
613 1953 830 2007 quorum
860 1939 1017 2009 -fides
1064 1940 1305 2011 apostolo
1346 1940 1678 2012 praedicante
1726 1939 1945 1994 laudata
1998 1943 2250 2006 est,a1;·

285 2051 415 2106 quos
448 2035 680 2108 persidia
718 2036 912 2092 habere
954 2054 1060 2092 non
1094 2040 1262 2110 possit
1298 2055 1562 2094 accessum
1600 2037 1862 2110 (epistola
1912 2035 1981 2091 ad
2020 2034 2211 2114 Corne*¹
2250 2065 2256 2118 j

285 2131 430 2187 lium
466 2133 693 2208 Papam,
724 2153 849 2208 quae
880 2142 962 2192 est
993 2136 1086 2192 55²¹
1120 2135 1179 2190 in
1208 2135 1554 2192 editionibus
1588 2133 1798 2190 Baluzii
1838 2139 1891 2189 et
1925 2134 2056 2189 Pam
2071 2131 2191 2206 elii)
2252 2182 2256 2188 .

290 2231 424 2288 Cum
451 2231 770 2288 Romanum
797 2233 1123 2290 Pontificem
1152 2233 1231 2289 ita
1266 2233 1564 2289 manifeste
1596 2232 1883 2305 agnoverit
1911 2230 2206 2307 Cyprianu

291 2338 567 2406 tanquam
610 2352 945 2408 supremum
995 2340 1279 2411 pastorem
1321 2340 1376 2391 et
1410 2325 1772 2390 infallibilem
1812 2330 2199 2389 controversi
2244 2367 2257 2390 ι

292 2450 423 2489 rum
441 2433 716 2508 judicem,
750 2453 863 2491 non
890 2435 1096 2510 potuit,
1124 2435 1184 2491 ni
1203 2439 1558 2510 supponatur
1583 2434 1642 2490 in
1668 2433 1925 2490 furorem
1954 2437 2008 2488 et
2029 2449 2154 2488 ame

292 2530 432 2587 tiam
454 2538 675 2608 raptuS‚
706 2533 1043 2591 Firmilianae
1070 2534 1317 2610 epistolae
1344 2534 1655 2607 adhaerere,
1687 2550 1810 2607 quae
1836 2530 2093 2606 ejusdem
2123 2530 2187 2585 R

298 2631 452 2685 mani
497 2631 782 2689 Pontifieis
825 2633 1108 2708 judicium
1170 2652 1234 2690 ae
1293 2638 1638 2710 praeceptum
1691 2631 1904 2706 rejicit,
1957 2638 2200 2704 tanqua·

302 2730 639 2804 absurdum,
672 2735 932 2803 stultum,
979 2754 1304 2806 erroneum,
1340 2733 1660 2809 arrogantia
1698 2738 1751 2790 et
1778 2731 2078 2789 insolentia
2112 2729 2182 2806 pl
2251 2718 2253 2723 ¹

300 2847 462 2885 num.
495 2831 671 2896 Quem
697 2851 928 2890 sensum
955 2834 1490 2891 manifestissimum
1519 2832 1870 2909 perspiciens
1896 2830 2154 2905 angliean
2196 2838 2203 2840 ⁷
2234 2867 2241 2914 '1

302 2926 438 3000 Fell,
473 2930 619 2986 hane
650 2930 813 2988 dietae
854 2931 1106 3006 epistolae
1144 2937 1335 2989 notam
1384 2931 1604 2988 affixit:
1653 2931 1800 2988 Hunc
1844 2936 1982 2987 certe
2023 2928 2106 3005 (id
2157 2959 2201 2977 r
2235 2939 2247 2942 ’

304 3029 654 3105 Stephanum
705 3032 947 3108 Papam)
995 3033 1338 3090 Firmilianus
1380 3035 1594 3089 minime
1638 3034 1885 3106 opinatus
1934 3037 2013 3086 est
2066 3027 2193 3102 fuis
2246 3082 2247 3087 ,

240 3168 259 3181 .
306 3131 664 3188 universalem
695 3131 939 3189 Ecclesiae
966 3140 1264 3206 pastorem,
1303 3140 1354 3189 et
1392 3133 1872 3188 controversiarum
1899 3123 2190 3200 infallibil
2225 3119 2246 3214 4'

298 3231 550 3303 judicem,
594 3234 737 3306 cujus
781 3251 1065 3307 personam
1108 3241 1159 3290 et
1205 3234 1564 3307 definitionem
1614 3239 1723 3287 tam
1759 3228 2044 3285 inciviliter
2090 3231 2241 3307 tranq

314 3333 445 3386 tavit
489 3331 571 3407 (in
610 3332 856 3390 editione
899 3333 1144 3409 Operum
1188 3332 1242 3389 S.
1274 3330 1555 3409 Cypriani,
1597 3349 1628 3386 a
1660 3330 1777 3387 Fell
1820 3335 1873 3385 et
1911 3318 2222 3385 Pearsoni'

314 3432 507 3506 1682).
561 3433 737 3507 Igitur
776 3436 1098 3511 apocrypha
1124 3433 1295 3493 etiam
1328 3431 1611 3492 censenda
1641 3436 1725 3489 est
1769 3424 1888 3486 haee
1911 3418 2246 3482 Firmiliam

318 3531 387 3585 ad
411 3531 750 3607 Cyprianum
796 3533 1056 3609 epistola.
2211 3536 2238 3542 ”
