2306 4010
332 174 423 224 206
1004 155 1302 211 timemus
1330 155 1399 203 nr.
1427 155 1577 204 PAPA.

413 278 686 334 Caeterum
729 269 820 326 hic
859 283 982 323 rem
1025 260 1302 318 habemus
1341 276 1472 316 cum
1515 259 1856 318 adversariis
1899 263 2000 336 qui
2036 265 2282 340 *princisf

335 375 495 451 pium
543 367 695 426 istud
737 382 869 421 cum
904 359 1231 418 omnimoda
1277 357 1639 415 veneratione
1678 358 1994 435 recipiunt,
2043 369 2098 420 et
2133 341 2269 446 tanJ

335 485 506 543 quam
535 465 737 537 dogma
773 466 828 517 et
867 457 1173 516 articulum
1202 455 1331 513 fidei
1368 455 1730 532 profitentur.
1759 456 1913 515 Unde
1944 457 2004 514 in
2038 477 2102 517 eo
2129 466 2210 519 ta
2244 465 2266 526 „g

331 572 455 622 tum
478 560 692 619 anobis
718 557 1084 627 dissentiunt,
1114 555 1267 630 quod
1296 561 1498 630 negent
1522 573 1590 612 ex
1613 555 1724 613 isto
1745 556 2026 634 principio
2043 563 2181 616 cert
2211 586 2233 613 t.

331 658 709 719 demonstrari
756 656 995 714 Romani
1042 652 1325 713 Pontificis
1382 654 1775 712 inerrantiam.
1830 656 1892 712 In
1947 675 2060 731 quo
2121 677 2169 716 5
2198 684 2236 714 ι..

329 777 562 835 prorsus
603 757 1054 814 hallucinantur.
2234 747 2238 758 ²

404 857 572 927 Nam,
623 874 688 913 ex
739 856 910 912 citata
963 853 1275 911 Florentini
1322 852 1548 910 concilii
1578 851 1954 924 definitione,
2004 855 2239 914 Roman

328 955 581 1013 Pontifici
615 955 881 1032 competit
908 955 1073 1030 plena
1103 958 1353 1028 potestas
1378 952 1759 1010 universalem
1789 952 2093 1010 Ecclesiam
2129 973 2230 1031 pas

329 1054 491 1112 cendi
519 1073 582 1111 ac
609 1054 988 1130 gubernandi.
1020 1053 1075 1110 Si
1109 1054 1288 1127 plena,
1327 1070 1459 1126 ergo
1496 1070 1527 1108 a
1568 1051 1794 1108 fortiori
1812 1053 2109 1126 praecipua.
2149 1039 2269 1125 Sed's

325 1156 594 1229 praecipua
633 1172 760 1228 pars
786 1154 1077 1229 potestatis
1113 1151 1382 1228 pascendi
1416 1157 1470 1208 et
1494 1149 1848 1225 gubernandi
1874 1149 2253 1222 universalem

329 1251 661 1323 Ecclesiam,
696 1259 780 1309 est
810 1258 1058 1329 potestas
1091 1250 1431 1308 decernendi
1477 1250 1546 1307 de
1585 1248 1714 1320 fide,
1758 1249 1816 1305 id
1862 1255 1967 1319 cst,
1999 1235 2282 1324 regulam

327 1353 458 1409 fidei
513 1354 582 1409 ab
633 1353 902 1409 omnibus
961 1349 1264 1409 tenendam
1322 1348 1581 1406 edicendi
1631 1354 1682 1405 et
1740 1347 2129 1422 obligatoriam
2175 1349 2269 1406 sa-‘

327 1452 532 1509 ciendi.
583 1452 882 1509 Enimvero
934 1452 994 1507 in
1040 1469 1103 1508 eo
1148 1448 1509 1525 potissimum
1559 1447 1816 1504 consistit
1863 1449 2036 1504 hocce
2075 1448 2258 1505 Eccle-

325 1553 466 1609 siam
507 1552 776 1627 pascendi
806 1550 1086 1620 officium,
1117 1554 1182 1606 ut
1221 1549 1271 1605 ei
1304 1549 1632 1623 praebeatur
1671 1563 1816 1604 verae
1849 1546 2120 1603 doctrinae
2160 1564 2255 1622 pa-

326 1651 553 1721 bulum,
598 1658 651 1708 et
679 1652 748 1708 ab
775 1651 895 1726 ipsa
924 1667 1185 1707 errorum
1217 1666 1279 1705 ac
1306 1648 1589 1705 haeresum
1615 1646 1737 1723 lupi
1763 1652 2083 1704 arceantur.
2107 1646 2258 1706 Unde

329 1749 427 1821 qui
471 1750 640 1806 habet
687 1750 748 1805 in
795 1750 1044 1806 Ecclesia
1085 1752 1407 1824 praecipudm
1446 1746 1715 1822 pascendi
1760 1750 2114 1822 potestatem,
2154 1746 2262 1805 hoc·

329 1846 453 1921 ipso
501 1848 670 1904 habet
708 1854 762 1904 et
804 1853 1134 1924 potestatem
1180 1846 1487 1905 definiendi
1531 1845 1669 1920 quid
1702 1846 2047 1903 credendum
2076 1845 2171 1918 sit,
2205 1850 2262 1904 et:>

328 1945 397 2002 ad
433 1946 510 2002 ita
534 1946 876 2004 credendum
913 1965 1112 2004 omnes
1140 1946 1446 2019 obligandi.
1491 1944 1596 2000 Sed
1627 1946 1957 2019 praecipuam
1993 1943 2285 2019 pascendi

327 2070 467 2120 verba,
525 2072 873 2123 quemadmodum
905 2071 1037 2114 etiam
1078 2073 1121 2113 in
1154 2072 1284 2123 qestis
1324 2071 1602 2112 conciliorum
1633 2074 1675 2112 et
1730 2071 1962 2112 canonibus
2001 2070 2253 2120 continetur,

324 2138 447 2179 aliter
474 2150 519 2179 se
541 2139 701 2180 habere
735 2139 785 2180 in
818 2151 904 2181 una
928 2151 978 2180 ex
1003 2139 1262 2180 editionibus
1286 2138 1521 2179 Florentini
1556 2138 1747 2188 concilii;
1792 2138 1851 2178 ita
1886 2137 2047 2180 scilicet
2081 2136 2180 2189 legi,
2210 2135 2257 2177 in

324 2206 510 2247 editione
535 2206 637 2247 anni
661 2206 768 2246 1526
788 2219 797 2247 :
818 2209 953 2259 juxta
973 2219 1069 2249 eum
1095 2209 1262 2249 modum
1290 2208 1359 2259 qui
1380 2211 1420 2249 et
1443 2208 1487 2248 in
1519 2207 1654 2259 pestis
1673 2207 1943 2248 conciliorum
1966 2210 2007 2247 et
2027 2204 2255 2246 canonibus

332 2274 584 2314 continetur.
616 2273 689 2314 Cui
714 2278 941 2325 postremae
963 2274 1136 2315 lectioni
1161 2274 1442 2322 adhaerentes‚
1461 2274 1607 2314 dicunt
1622 2274 1794 2325 plenam
1817 2273 1936 2313 illam
1952 2271 2129 2314 Romani
2145 2271 2274 2312 Pon·

324 2339 449 2381 tificis
474 2345 737 2393 potestatem,
767 2341 1027 2384 intellectam
1054 2342 1186 2383 fuisse
1210 2354 1233 2382 a
1251 2342 1513 2384 Florentinis
1536 2342 1727 2395 patribus
1754 2341 1805 2383 ad
1829 2340 2033 2382 terminos
2053 2339 2255 2382 concilio·

323 2421 422 2450 rum
448 2415 488 2451 et
511 2422 725 2452 canonum
750 2412 1004 2454 restrictam.
1026 2411 1144 2453 Unde
1168 2412 1434 2453 concludunt
1453 2413 1631 2465 plenam
1650 2414 1759 2454 hanc
1782 2415 2032 2464 potestatem
2053 2423 2139 2451 non
2163 2418 2262 2451 esse·
2292 2454 2298 2467 ‚y

323 2475 495 2528 proprie
520 2478 665 2526 talem,
701 2478 773 2519 sed
801 2479 1043 2520 canonibus
1068 2484 1108 2520 et
1133 2479 1327 2521 conciliis
1352 2480 1812 2533 subjectam.1t1iserum
1833 2492 1948 2529 sane,
1975 2480 2010 2521 si
2036 2479 2147 2532 quod
2170 2488 2255 2519 un-·
2302 2531 2306 2542 Ι

326 2557 467 2598 quam,
486 2545 718 2597 effugium!
743 2546 852 2587 Nam
877 2547 954 2588 ubi
978 2547 1123 2599 agitur
1145 2548 1196 2589 dc
1210 2559 1311 2590 vero
1331 2548 1513 2601 alicujus
1537 2547 1776 2590 documenti
1791 2552 1921 2597 textu,
1942 2551 1982 2588 et
2006 2559 2089 2588 una
2114 2559 2137 2588 e
2158 2545 2228 2588 vul
2254 2569 2260 2576 -·

326 2613 435 2665 gatis
461 2613 721 2655 editionibus
743 2615 794 2655 ab
818 2615 914 2656 aliis
939 2615 1161 2668 discrepat,
1190 2629 1259 2657 res
1276 2621 1340 2657 est
1369 2627 1418 2656 ex
1441 2615 1718 2667 originalibus
1743 2621 1785 2657 et
1806 2616 2063 2657 authenticis
2098 2626 2230 2657 manu
2298 2642 2299 2647 ,

323 2680 492 2731 scriptis
534 2691 635 2731 proc
646 2681 693 2720 ul
720 2681 856 2722 dubio
883 2682 1171 2734 dijudicanda.
1211 2683 1343 2723 Porro
1379 2686 1521 2722 extant
1559 2694 1631 2723 sex
1663 2682 1886 2734 originalia
1923 2682 2115 2735 exempla
2155 2694 2176 2722 c
2219 2695 2252 2720 ..τ

321 2747 576 2789 authenticis
617 2749 1024 2801 subscriptionibus.
1065 2750 1115 2790 Et
1139 2751 1184 2790 in
1211 2750 1279 2792 his
1303 2751 1502 2792 omnibus
1544 2750 1731 2802 legitur:
1759 2752 2102 2804 quemadmodum
2126 2750 2212 2794 etia
2236 2794 2238 2796 ,

323 2813 368 2855 in
395 2816 532 2866 yestis
553 2816 826 2857 conciliorum
851 2819 892 2857 et
913 2817 1143 2859 canonibus
1165 2818 1420 2860 continetur.
1449 2819 1786 2873 correspondens
1810 2824 1953 2862 autem
1975 2824 2114 2862 textus
2137 2833 2166 2874 g
2198 2836 2225 2857 ··-

321 2893 411 2932 cus,
433 2883 476 2924 in
504 2895 576 2925 sex
601 2884 693 2926 istis
718 2885 1037 2938 manuscriptis,
1067 2886 1183 2927 idem
1203 2891 1268 2928 est
1293 2891 1334 2928 et
1359 2888 1530 2930 omnino
1551 2888 1667 2931 hisce
1691 2890 1836 2931 latinis
1860 2890 2033 2932 vocibus
2055 2889 2233 2942 quadrat
2299 2927 2301 2929 .

320 2950 378 2992 De
407 2964 492 3004 quo
516 2952 610 2994 vide
626 2953 803 2994 Petrum
829 2953 1039 2994 cauerint
1071 2954 1143 3008 (cle
1170 2955 1386 2998 potestate
1407 2948 1704 3008 ecclesiastica,
1730 2957 1863 3011 capite
1886 2971 1939 3009 ιν,
1969 2959 1993 3012 5
2017 2959 2058 3009 5,
2085 2958 2124 3008 4,
2146 2959 2184 3011 8,
2202 2958 2233 3000 i
2295 2950 2298 2962 '

320 3023 433 3069 nota,
460 3020 616 3074 pagina
640 3020 708 3070 48,
739 3022 884 3062 Romae
902 3019 1042 3076 1850).
1068 3022 1210 3075 Igitur
1237 3028 1352 3066 certo
1376 3024 1577 3066 mendosa
1599 3029 1664 3067 est
1679 3026 1809 3068 editio
1843 3027 1945 3068 anni
1962 3026 2081 3078 1526,
2109 3039 2182 3070 ne·
2232 3045 2236 3059 1
2292 3040 2294 3045 ·

319 3093 456 3142 potest
479 3104 502 3132 a
519 3092 652 3144 probo
686 3092 899 3145 scriptore
918 3096 1122 3146 tanquam
1157 3094 1391 3136 auctoritas
1424 3095 1617 3149 allegari,
1646 3108 1743 3138 cum
1775 3101 1892 3139 certo
1917 3100 2082 3139 constet
2104 3107 2198 3139 eam

322 3170 424 3200 vero
453 3163 570 3201 textu
594 3161 807 3202 recedere.
2232 3206 2234 3212 ,
2284 3199 2291 3223 ·‚

375 3227 591 3272 Praeterea
624 3231 790 3272 etiamsi
820 3230 1059 3283 legendum
1095 3232 1220 3282 foret,
1256 3234 1391 3284 juxta
1414 3244 1509 3276 eum
1541 3235 1702 3277 modum
1726 3235 1800 3289 qui
1822 3239 1864 3278 et
1891 3235 1939 3278 in
1966 3235 2115 3288 yestis,
2147 3238 2212 3279 etc
2279 3224 2290 3309 ᾖ

323 3298 533 3354 naturalis
557 3303 599 3341 et
627 3298 780 3340 obvius
807 3311 964 3342 sensus
1001 3301 1140 3342 foret:
1179 3301 1363 3354 idipsum
1402 3303 1513 3354 quod
1547 3303 1782 3355 definiebat
1814 3305 2012 3357 synodus,
2043 3305 2222 3347 contin.
2276 3312 2300 3377 j

323 3364 450 3406 etiam
484 3377 560 3408 seu
583 3368 679 3419 jam
704 3368 909 3411 traditum
935 3370 1139 3423 reperiri,
1177 3371 1222 3413 in
1237 3372 1376 3424 ¹‹Jestis
1396 3371 1673 3414 conciliorum
1690 3377 1732 3414 et
1746 3373 1985 3419 canonibus.
2006 3373 2188 3428 Intellig·
2230 3416 2234 3420 .
2295 3364 2299 3383 ¹

324 3434 462 3471 autem
482 3434 612 3475 verba
623 3436 756 3486 Juoeta
769 3447 865 3478 eum
891 3438 1069 3488 modum,
1099 3438 1224 3490 quasi
1248 3439 1679 3492 significarentjuoeta
1699 3441 1822 3483 illum
1837 3443 2020 3494 aradum
2035 3453 2112 3486 seu
2126 3442 2205 3484 iun

323 3500 622 3552 extensionem,
642 3509 769 3556 prout
792 3506 940 3547 volunt
962 3507 1214 3559 adversarii,
1242 3508 1352 3550 nihil
1367 3509 1484 3551 aliud
1508 3513 1570 3551 est
1585 3521 1714 3564 quam
1730 3514 1894 3552 textum
1917 3515 2118 3565 torquere
2136 3513 2177 3552 et
2198 3526 2203 3545 τ
2225 3509 2248 3559 ἶ,

321 3559 445 3669 ἓῦζίο
463 3574 592 3670 Ξεηειι
626 3565 764 3621 palam
795 3572 1008 3615 recedere.
1045 3573 1139 3625 Sed,
1162 3577 1212 3616 ut
1236 3573 1440 3626 diximus,
1476 3574 1598 3618 lectio
1623 3575 1717 3624 haec
1748 3575 1849 3618 anni
1874 3576 1981 3619 1526
1997 3589 2076 3631 pro
2098 3563 2257 3636 spur’

355 3639 376 3668 a
408 3640 461 3670 en
491 3642 515 3672 a
537 3637 615 3675 est.
