2262 3990
826 147 956 195 PARS
985 145 1221 193 SECUNDA.
1877 142 1961 191 597

91 262 348 325 amandat
373 266 598 316 sanctus
624 254 1002 328 Augustinus:
1026 253 1084 310 δί
1120 260 1314 319 tamen,
1344 248 1441 320 ait,
1468 250 1669 304 censuit
1692 248 1964 304 haereticos

89 365 255 421 denuo
286 361 558 434 baptizari.
594 357 669 411 Ex
711 356 815 411 hoc
867 358 1051 408 autem
1082 351 1246 420 fact0‚
1276 346 1423 421 quod
1455 345 1635 402 sancti
1669 345 1964 418 Augustini

87 468 335 535 tempore
369 458 578 513 incerta
614 453 783 511 fuerit
813 457 865 508 et
886 457 1241 508 controversa
1273 445 1405 502 dicti
1431 443 1649 501 concilii
1672 443 1966 501 celebratio

91 566 143 614 et
177 556 588 627 authenticitas,
618 554 699 609 sic
741 550 1039 625 arguimus
1072 570 1081 602 ε
1112 548 1166 604 Si
1193 545 1579 604 authenticum
1607 544 1798 599 fuisset
1826 541 1968 598 illud

89 652 408 721 concilium,
434 651 500 708 de
531 668 615 720 eo,
655 656 715 705 ut
748 646 1016 719 diximus,
1052 643 1451 719 permansisset
1494 640 1789 714 Augustini
1828 645 1968 696 tem-

88 749 386 824 pore'certa
418 763 648 822 prorsus
671 751 724 800 et
751 742 1062 797 indubitata
1089 739 1282 795 nolitia
1308 760 1318 792 :
1349 739 1504 810 atqui
1533 739 1742 794 nedum
1775 738 1850 793 ita
1874 755 1969 793 no-

87 846 291 902 torium
329 844 476 900 dicto
511 847 754 914 tempore
787 837 977 905 suerit,
1021 840 1245 891 econtra
1291 835 1567 889 incertum
1618 835 1724 890 fuit
1766 853 1835 889 an
1869 853 1968 909 pro

87 946 397 996 commento
428 956 460 993 a
489 935 814 991 mendacibus
842 935 1056 1005 conficto
1082 930 1273 986 haberi
1303 930 1524 985 deberet
1549 953 1558 982 ε
1588 931 1723 1003 Ergo
1753 932 1966 988 dictum

83 1036 380 1092 concilium
411 1031 791 1088 authenticum
822 1047 934 1085 non
971 1035 1074 1084 est.

158 1131 213 1184 2⁰
247 1130 633 1203 Apocryphum
665 1132 746 1183 est
778 1126 917 1181 illud
950 1124 1279 1196 concilium,
1309 1124 1355 1180 si
1382 1125 1632 1197 allegatae
1663 1124 1722 1179 in
1748 1124 1869 1198 ipso
1886 1143 1968 1181 re-

83 1227 369 1304 periantur
408 1227 653 1301 epistolae
679 1233 790 1282 tres
837 1224 1178 1298 apocryphae.
1226 1223 1390 1295 Atqui
1447 1223 1722 1295 allegatur
1747 1222 1804 1276 in
1833 1222 1969 1278 actis

83 1324 214 1380 dicti
253 1323 473 1379 concilii
509 1323 741 1396 epistola
771 1320 1029 1398 Cypriani
1067 1320 1134 1374 ad
1171 1320 1537 1389 Jubaianum,
1585 1339 1755 1392 quam
1797 1338 1967 1394 supra

81 1420 321 1476 vidimus
348 1437 470 1475 esse
498 1421 866 1493 apocrypham
891 1441 900 1483 ;
926 1424 978 1473 et
1003 1419 1117 1472 haec
1143 1417 1485 1473 mentionem
1513 1418 1578 1473 de
1604 1417 1823 1472 duabus
1844 1416 1969 1472 aliis

85 1517 352 1590 epistolis,
371 1516 630 1571 videlicet
661 1515 726 1570 ad
750 1515 1045 1589 Episcopos
1062 1514 1336 1569 Numidiae
1357 1520 1406 1570 et
1433 1515 1502 1569 ad
1526 1513 1817 1584 Quintum,
1847 1531 1970 1587 quse

87 1614 294 1688 pariter
326 1615 651 1690 apocryphae
677 1619 828 1669 sunt.
863 1612 1001 1686 Ergo
1022 1614 1335 1686 apocrypha
1367 1618 1498 1667 sunt
1528 1612 1758 1684 hujusce
1790 1612 1971 1668 conci-

92 1711 152 1766 lii
189 1719 330 1767 acta.

161 1808 218 1863 3⁰
249 1807 543 1863 Continent
586 1809 831 1880 ejusdem
880 1807 1102 1864 concilii
1147 1813 1266 1863 acta
1306 1825 1551 1862 errorem
1590 1806 1968 1879 dogmaticum

91 1906 186 1979 qui
231 1906 457 1962 adversa
507 1905 687 1960 fronte
725 1911 930 1979 pugnat
977 1905 1129 1960 cum'
1161 1904 1453 1960 notissima
1489 1904 1667 1960 sancti
1716 1903 1969 1978 Cypriani

95 1999 361 2056 doctrina,
390 2000 475 2055 Sic
502 2000 649 2056 enim
679 1999 755 2055 ibi
778 2000 982 2072 legitur
1011 2021 1021 2053 :
1060 2021 1087 2052 «
1116 2000 1302 2072 Neque
1329 1999 1476 2055 enim
1514 2001 1815 2072 quisquam
1844 2019 1970 2056 nos-

89 2104 236 2152 trum
267 2098 594 2172 Episcopum
623 2116 682 2153 se
705 2116 830 2154 csse
874 2098 1271 2171 Episcoporum
1311 2098 1624 2167 constituit,
1661 2103 1755 2153 aut
1782 2105 1969 2171 tyran—

90 2194 214 2248 nico
236 2202 443 2250 terrore
467 2196 534 2250 ad
555 2195 904 2268 obsequendi
936 2195 1320 2250 necessitatem
1347 2195 1585 2266 collegas
1607 2213 1737 2249 suos
1766 2196 1966 2267 adigit3

94 2290 310 2360 quando
336 2292 530 2346 habeat
561 2292 742 2346 omnis
770 2291 1070 2364 Episcopus
1090 2309 1188 2365 pro
1226 2292 1451 2347 licentia
1478 2292 1755 2347 libertatis
1786 2299 1838 2347 et
1870 2310 1970 2365 po-

93 2386 303 2441 testatis
341 2404 452 2441 suae
490 2387 789 2442 arbitrium
835 2388 1147 2462 proprium,
1197 2396 1438 2460 tanquam
1477 2390 1710 2460 judicari
1751 2391 1810 2444 ab
1866 2389 1970 2444 alio

95 2501 196 2537 non
230 2487 415 2556 possit,
447 2503 557 2539 cum
599 2503 691 2539 nec
723 2487 831 2558 ipse
852 2488 1017 2557 possit
1046 2486 1270 2541 alterum
1298 2488 1540 2558 judicare
1553 2510 1569 2551 ;
1599 2487 1692 2542 sed
1721 2496 1971 2561 expecte-

92 2596 216 2634 mus
247 2579 487 2634 universi
513 2580 788 2651 judicium
830 2581 1044 2636 Domini
1078 2583 1252 2638 nostri
1294 2584 1420 2638 Jesu
1452 2583 1674 2651 Christi,
1708 2586 1793 2655 qui
1836 2603 1967 2639 nnus

93 2683 141 2730 et
166 2675 308 2730 solus
350 2676 495 2730 habet
538 2685 850 2747 potestatem
885 2687 933 2732 et
968 2681 1306 2752 praeponendi
1347 2699 1439 2734 nos
1489 2683 1541 2734 in.
1569 2680 1818 2735 Ecclesiae
1857 2700 1967 2736 311ae

91 2771 472 2840 yubernatione,
512 2781 559 2826 et
591 2773 652 2826 cle
685 2780 803 2827 acta
846 2782 1022 2828 nostro
1042 2775 1315 2846 J'ndicandi
1346 2798 1372 2827 »
1408 2776 1577 2849 (apud
1604 2776 1803 2846 Labbc,
1846 2781 1886 2830 t.
1920 2778 1961 2845 l,

98 2862 202 2917 col.
233 2863 363 2934 786,
393 2866 526 2921 edit.
570 2868 820 2937 Parisiis,
853 2869 1042 2947 1671).
1091 2871 1169 2926 lbi
1199 2872 1550 2946 apertissime
1589 2879 1824 2942 negatur
1857 2872 1969 2944 pri-

95 2961 274 3012 matus
291 2959 697 3030 jurisdictionis
719 2964 948 3019 Romani
980 2966 1278 3023 pontificis.
1313 2968 1445 3022 Cum
1477 2984 1678 3039 nempe
1716 2966 1968 3020 adstrua-

99 3060 190 3107 tur
207 3055 399 3108 nullum
432 3055 734 3129 Episcopum
751 3061 810 3114 ab
834 3061 935 3115 alio
944 3063 1167 3133 judicari
1186 3082 1362 3135 posse,
1387 3064 1489 3117 hoc
1515 3063 1634 3135 ipso
1659 3061 1970 3116 adstruitur

97 3149 352 3204 radicalis
379 3157 428 3205 ct
453 3153 690 3224 perfecta
716 3155 1115 3231 Episcoporum
1144 3160 1210 3213 ad
1242 3161 1473 3215 invicem
1503 3159 1959 3232 independentia;

96 3245 167 3300 ita
196 3252 256 3301 ut
277 3246 775 3318 jurisdictionalem
804 3253 1108 3324 primatum
1151 3273 1250 3310 seu
1281 3261 1610 3328 potestatem
1639 3255 1829 3311 nullus
1857 3255 1963 3312 sibi

92 3342 371 3399 vindicare
410 3344 601 3417 possit.
630 3345 793 3401 Porro
822 3347 909 3402 hic
935 3354 1122 3405 tantus
1149 3368 1305 3405 error
1343 3357 1532 3406 sancto
1565 3351 1829 3427 Cypriano
1860 3354 1959 3410 tri-

95 3438 190 3494 bui
231 3440 446 3511 nequit;
489 3441 532 3495 si
559 3442 805 3513 quidem,
840 3443 896 3497 in
932 3462 1032 3500 suo
1074 3447 1136 3501 de
1169 3447 1374 3503 Unitate
1406 3448 1655 3506 Ecclesiae
1695 3457 1953 3523 tractam,

94 3533 251 3606 plura
288 3536 507 3610 scripsit
538 3555 659 3609 quae
682 3537 836 3594 Sedis
869 3540 1179 3613 apostolicae
1205 3530 1505 3617 primatum
1541 3554 1727 3622 aperte
1755 3568 1956 3626 suppo·
