2306 4010
375 218 463 268 273
1053 205 1348 255 TRAcrA'rus
1378 205 1445 279 ΒΕ
1475 205 1622 253 PAPA.

377 327 556 400 magis
589 343 618 381 a
645 341 705 380 sc
734 319 1061 388 alienasset,
1102 333 1275 390 quam
1307 313 1418 372 sibi
1452 313 1859 379 conciliasset»
1892 318 2044 391 (Acta
2075 320 2295 380 Sancto-

374 443 516 494 rum,
546 428 702 479 tomo
729 418 903 476 citato
926 414 1302 493 Septembris,
1333 433 1389 490 p.
1420 413 1532 471 584
1559 419 1614 472 et
1638 413 1795 490 585).

448 519 716 592 confictas
743 522 972 590 quatuor
996 513 1251 591 epistolas
1287 514 1534 571 evincunt
1571 514 1787 587 insuper
1823 516 2057 571 ratione-s
2081 533 2294 590 sequen-

374 630 448 677 tes
478 641 493 673 :
522 651 593 660 —
632 639 660 671 «
686 617 919 674 Restant
952 614 1298 692 exponendae
1327 612 1619 670 nonnullae
1645 612 1919 685 rationeS,
1946 613 2156 689 quibus
2181 635 2295 675 om-

371 719 532 775 nium
583 716 814 775 illarum
859 715 1236 794 epistolarum
1270 713 1487 771 salsitas
1516 712 1841 771 innotescit.
1878 714 2066 772 Primo
2103 714 2296 777 nullus

370 819 741 894 antiquorum
777 818 845 876 de
891 818 1006 876 illis
1050 803 1254 875 Liberii
1300 815 1555 893 epistolis
1597 815 1879 883 meminit;
1917 815 2107 874 nullus
2135 816 2306 893 dixit,

371 918 615 978 aliorum
642 917 1047 995 Episcoporum
1076 916 1394 994 patrocinio
1423 915 1672 973 reditum
1701 934 1732 971 a
1759 915 1976 972 Liberio
1998 915 2178 974 fuisse
2203 917 2306 975 ob-z

368 1024 613 1075 tentum.
636 1017 987 1094 Quapropter
1021 1023 1116 1073 aut
1145 1015 1375 1072 illarum
1401 1014 1773 1091 epistolarum
1800 1013 2020 1071 falsitas
2056 1014 2164 1072 fuit
2190 1007 2306 1093 citou}

368 1117 615 1191 cognita,
660 1116 707 1173 si
739 1117 989 1173 confictae
1017 1121 1150 1172 sunt
1178 1115 1248 1171 ab
1269 1114 1512 1182 Arianis;
1544 1120 1641 1171 aut
1668 1112 2030 1189 postmodum
2070 1132 2102 1170 a
2143 1097 2306 1188 Luci-}

282 1202 284 1204 ’
368 1216 601 1274 serianis
645 1224 742 1275 aut
782 1217 908 1273 aliis
959 1214 1339 1272 schismaticis
1386 1213 1597 1272 fuerint
1642 1232 1916 1290 procusae.
1970 1213 2103 1280 Quis
2147 1213 2238 1272 eni
2300 1199 2306 1206 '¹

368 1317 558 1375 credat
593 1336 790 1375 omncs
823 1317 950 1374 illas
990 1315 1258 1392 epistolas
1301 1315 1550 1389 ignorari
1585 1315 1840 1390 potuisse
1879 1333 1909 1371 a
1946 1314 2169 1386 Rufin0,
2209 1315 2275 1373 Se

368 1436 496 1475 vero
535 1418 807 1494 Sulpicio,
852 1417 1103 1490 Socrate,
1138 1412 1839 1485 Sozoineno„Tl1eodoreto
1881 1422 1935 1473 et
1973 1416 2124 1489 aliis,
2167 1436 2234 1474 cu

368 1517 560 1575 statim
599 1519 840 1576 fuissent
873 1518 1173 1592 vulgandae
1213 1517 1282 1573 ab
1313 1516 1569 1572 Arianis?
1604 1515 1657 1572 Si
1695 1522 1886 1574 autem
1922 1517 2085 1573 dictis
2120 1517 2306 1597 histo-i

367 1618 521 1688 riciS,
552 1619 652 1692 qui
685 1637 882 1676 omnes
912 1617 1081 1675 coaevi
1114 1624 1211 1675 aut
1235 1635 1512 1693 suppares
1540 1622 1692 1686 sunt,
1731 1615 2114 1674 innotuissent
2138 1604 2306 1692 dictaei}

368 1718 645 1793 epistolae,
674 1727 727 1776 et
754 1738 855 1795 pro
882 1718 1081 1776 Liberii
1114 1717 1374 1794 epistolis
1404 1716 1650 1773 fuissent
1679 1716 1905 1789 habitae,
1941 1735 2056 1772 non
2082 1723 2306 1791 poterat}

366 1820 662 1876 Ruflinus¹
725 1820 985 1877 dubitare
1039 1820 1108 1877 de
1159 1821 1319 1896 lapsu
1360 1819 1564 1877 Liberii
1608 1819 1667 1876 in
1724 1825 1807 1876 tot
1867 1821 1989 1895 (ejus
2046 1819 2306 1896 epistolia

368 1919 806 1977 assertO...1Non
832 1925 1093 1995 poterant
1127 1923 1364 1977 Severus
1388 1919 1697 1995 SulpiciuS,
1734 1919 2012 1993 SocrateS,
2045 1919 2293 1978 Sozome-

368 2038 468 2078 nes
512 2027 565 2076 et
606 2020 991 2077 Theodoretus
1037 2026 1151 2076 tam
1200 2020 1498 2093 magnifice
1545 2020 1702 2093 loqui
1756 2021 1825 2077 (le
1867 2019 2199 2078 fortitudine
2243 2027 2295 2079 et

366 2121 684 2180 constantia
709 2121 936 2193 Liberii,
986 2139 1159 2195 quam
1203 2138 1397 2178 revera
1434 2121 1650 2178 locutos
1683 2121 2028 2192 videbimuS,
2070 2130 2123 2179 et
2150 2123 2294 2180 redi-

366 2227 487 2278 tum
520 2221 703 2297 ipsius
736 2220 874 2277 solis
901 2221 1289 2277 Romanorum
1324 2221 1588 2296 precibus
1618 2220 1949 2291 attribuere,
1997 2221 2043 2276 si
2084 2227 2164 2278 tot
2198 2234 2304 2296 pu·'

369 2320 481 2376 silli
526 2326 579 2377 et
624 2320 827 2394 abjecti
880 2319 1058 2376 animi
1111 2318 1323 2375 indicia
1370 2319 1427 2374 in
1469 2318 1714 2394 propriis
1767 2318 2020 2394 epistolis
2052 2318 2298 2395 dedisset*

369 2420 647 2492 Liberius,
679 2427 815 2494 quot
844 2420 904 2476 in
929 2420 1096 2477 dictis
1119 2419 1375 2495 epistolis
1402 2419 1788 2495 reperiuntur.
1820 2419 1875 2475 Si
1912 2425 2142 2476 sanctus
2169 2419 2299 2476 Am-

368 2517 592 2574 brosius
639 2517 905 2594 epistolas
945 2518 1105 2594 istas,
1141 2536 1280 2592 quas
1323 2518 1584 2592 ignorare
1632 2536 1744 2574 non
1787 2524 2006 2593 poterat
2045 2518 2093 2574 si
2140 2521 2299 2577 erant}

369 2617 595 2690 Liberii,
640 2636 743 2693 pro
780 2619 984 2676 Liberii
1029 2619 1284 2694 epistolis
1314 2618 1630 2689 habuisset,
1679 2618 2067 2675 sanctitatem²
2096 2616 2291 2676 Liberii

371 2734 482 2772 non
509 2717 968 2774 commendasset
1002 2717 1072 2773 iis
1100 2717 1289 2774 verbis
1328 2735 1453 2790 quae
1486 2717 1638 2774 dedi.
1668 2717 1791 2773 Haec
1830 2716 1972 2773 mihi
2009 2716 2296 2779 sufficiunt

372 2815 439 2871 ad
488 2820 733 2889 quatuor
782 2816 1052 2892 epistolas
1094 2816 1151 2871 in
1198 2815 1406 2889 quibus
1445 2816 1658 2873 mentio
1700 2816 1759 2872 fit
1796 2816 1864 2873 de
1908 2817 1962 2873 S.
2010 2803 2299 2884 Athanasii-

372 2912 758 2984 damnatione,
806 2914 1023 2971 Liberio
1068 2914 1457 2971 indubitanter
1502 2915 1926 2990 abjudicandas
1979 2916 2168 2991 Neque
2209 2894 2294 2990 ju}

371 3015 587 3073 dicium
631 3034 824 3073 meum
865 3016 1170 3074 mirabitur
1215 3034 1412 3090 aequus
1446 3016 1643 3088 lector,
1695 3017 1863 3074 modo
1913 3017 2164 3074 rationes
2207 2997 2291 3073 exli

429 3233 480 3289 (1)
511 3233 644 3276 Verba
668 3232 813 3276 Rufini
841 3238 971 3275 surzit
1002 3247 1022 3273 c<
1045 3234 1239 3276 Liberius
1264 3234 1389 3275 U1his
1419 3232 1559 3274 Romfe
1578 3233 1676 3286 Epis
1681 3244 1826 3286 copus,
1855 3233 2093 3274 Constantio
2114 3226 2284 3279 vivente,

369 3314 589 3354 legressus
624 3307 701 3345 est.
746 3303 825 3345 Sed
848 3303 930 3345 hoc
956 3309 1028 3345 uti
1032 3315 1105 3344 um
1130 3304 1246 3357 quod
1279 3303 1546 3356 adquieverit
1581 3302 1791 3344 voluntati
1831 3314 1920 3343 suae
1947 3299 2210 3355 (Constantii)
2240 3294 2287 3340 nd

370 3371 741 3422 subscribendum,
783 3384 834 3414 an
867 3371 920 3413 ad
947 3372 1096 3426 populi
1120 3371 1298 3414 Romani
1324 3372 1522 3426 gratiam,
1570 3384 1593 3412 a
1613 3383 1697 3424 quo
1731 3371 2004 3423 pioficiscens
2036 3369 2173 3411 fuerat
2195 3373 2286 3407 exo-

372 3443 503 3489 ratus,
531 3440 777 3492 indulserit,
803 3453 882 3495 pro
900 3446 1016 3482 certo
1041 3447 1306 3495 compertum
1329 3453 1411 3482 non
1431 3441 1565 3482 habeo
1583 3455 1602 3479 »
1633 3439 1752 3495 (Hist,
1775 3440 1895 3490 eccli,
1920 3440 1948 3480 l.
1969 3437 2015 3488 X,
2042 3450 2077 3479 c.
2101 3433 2235 3487 xxvu).

427 3505 486 3559 (2)
517 3509 584 3550 Sic
612 3511 653 3552 S.
678 3510 924 3552 Ambrosius
954 3511 1005 3552 ad
1031 3523 1221 3553 sororem
1247 3523 1373 3552 suam
1399 3510 1696 3558 Mareellinam,
1726 3521 1823 3562 quae
1844 3509 1987 3549 velum
2012 3519 2035 3547 a
2063 3507 2102 3547 S.
2130 3498 2285 3545 tiberio

372 3581 615 3625 acceperat:
655 3593 674 3618 «
700 3578 880 3632 Tempus
902 3583 980 3630 est,
1018 3591 1143 3621 soror
1169 3583 1326 3628 sancta,
1370 3591 1418 3620 ea
1436 3590 1534 3631 quae
1565 3589 1732 3618 mecum
1772 3577 1967 3618 conferre
1991 3575 2116 3624 soles,
2159 3571 2285 3616 heae-v

374 3643 581 3683 memoriae
604 3644 774 3695 liberii,
796 3653 1006 3701 praecepta
1032 3648 1264 3699 revolvere,
1290 3653 1353 3698 ut,
1371 3659 1450 3701 quo
1468 3648 1534 3690 vir
1551 3646 1754 3696 sanctior,
1773 3658 1821 3687 eo
1842 3657 1980 3686 sermo
1998 3642 2165 3684 accedat
2186 3649 2283 3692 gra-

377 3706 491 3748 tior»
521 3708 587 3761 (de
605 3711 863 3766 Virginibus,
897 3717 926 3757 l.
955 3717 1027 3766 Ill,
1055 3729 1091 3759 c.
1122 3716 1165 3771 ι).
1199 3717 1246 3758 Et
1271 3717 1383 3757 infra
1413 3716 1545 3757 dicit:
1574 3718 1732 3757 sanctae
1757 3713 1966 3756 memoriae
1995 3709 2202 3753 Liberius.
