2262 3990
846 182 976 232 PARS
1003 181 1244 234 SECUNDA.
1840 224 1842 228 .
1896 180 1988 231 4⁴3

106 294 462 356 Firmilianus
481 292 675 364 etalii,
703 290 835 349 huic
857 289 1076 348 decreto
1101 284 1561 355 contradixerint,
1590 301 1704 343 non
1729 284 1987 360 sequitur

104 393 415 452 Romanurn
431 389 750 448 Pontificem
767 388 837 446 ab
853 386 990 463 ipsis
1012 385 1268 443 habitum
1282 401 1395 440 non
1410 382 1590 441 fuisse
1601 383 1659 440 in
1672 381 1984 441 desmienda

104 492 211 548 fide
240 489 610 547 infallibilem.
636 486 794 551 Quod
828 483 1166 543 definitionis
1198 481 1528 556 dogmaticae
1563 480 1839 540 rationem
1871 498 1984 538 non

0 618 8 650 t
105 588 360 646 habuerit
410 587 620 643 dictum
656 584 964 653 decretum,
1013 580 1290 639 evincitur
1323 598 1390 636 ex
1428 578 1610 653 ipsius
1655 583 1866 635 tenore.
1904 577 1988 635 Di·

106 686 278 743 cende
301 685 434 741 m'hil
467 687 756 753 introiretur,
785 680 842 736 id
879 685 983 748 est,
1022 677 1203 751 quoad
1246 677 1574 736 haereticum
1615 681 1980 736 revertentem
2024 693 2031 700 ·

106 782 248 839 nihil
271 780 398 838 novi
424 779 516 835 fiat
538 784 736 853 praeter
759 791 1030 832 manuum
1055 773 1470 847 impositionem
1497 774 1554 829 in
1572 772 1983 848 poenitentiam,

84 879 315 952 ‚aliquid
334 876 672 951 praecipiebat
709 873 1040 945 StephanuS,
1067 876 1123 926 at
1147 888 1257 926 non
1281 869 1608 943 injungebat
1643 870 1856 944 aliquid
1881 888 1988 927 cre-

3 1011 10 1034 .
102 977 323 1032 (lendum
350 980 616 1044 tanquam
638 968 764 1025 fidei
798 967 1119 1023 articulum.
1150 987 1178 1020 «
1211 966 1464 1041 Cypriani
1481 973 1672 1037 aetate,
1699 969 1776 1024 ait
1804 969 1984 1026 Balle-

98 1071 296 1138 rinius,
323 1068 536 1124 nullam
557 1064 935 1123 definitionem
961 1064 1182 1140 proprie
1208 1064 1415 1120 dictam
1442 1064 1568 1120 fidei
1595 1064 1655 1120 in
1679 1083 1742 1120 eo
1757 1067 1980 1139 negotio

99 1181 387 1222 emanasse
428 1168 641 1219 certum
674 1160 929 1218 existimo
964 1182 990 1214 »
1023 1161 1166 1234 (loco
1204 1160 1398 1231 citato,
1441 1179 1500 1216 n.
1547 1161 1663 1233 54).
1710 1160 1982 1234 Equidem

4 1287 8 1291 ·
98 1259 307 1316 dictum
349 1238 612 1332 Stephani
652 1258 937 1314 decretum
980 1257 1087 1313 sibi
1122 1275 1434 1314 connexum
1464 1256 1663 1330 dogma
1703 1257 1975 1322 habebat;

0 1367 1 1373 ’
97 1356 190 1413 sed
229 1363 413 1412 tamen
452 1356 631 1410 forma
662 1372 759 1411 seu
799 1354 1029 1411 termini
1061 1354 1267 1428 quibus
1294 1353 1505 1411 editum
1537 1353 1740 1424 fuerat,
1771 1371 1802 1410 a
1850 1354 1982 1425 dog-

94 1459 240 1509 mate
266 1453 683 1508 abstrahebant.
721 1452 1128 1508 Prohibebatur
1166 1452 1554 1508 haereticorum
1588 1451 1977 1529 rebaptizatiO,

7 1583 8 1586 =
95 1556 146 1605 et
173 1550 527 1606 asserebatur
548 1549 605 1605 id
626 1549 911 1606 traditioni
938 1549 1252 1624 apostolicae
1277 1567 1613 1616 consonum;
1638 1549 1734 1605 sed
1757 1549 1980 1605 nullum

95 1646 297 1719 dogma
333 1647 556 1721 proprie
597 1639 969 1704 definiebatur
1003 1654 1055 1703 et
1097 1648 1200 1703 sub
1242 1649 1597 1704 anathemate
1630 1646 1972 1703 credendum

96 1746 528 1818 proponebatur.
556 1743 695 1816 Ergo
729 1763 792 1801 ex
831 1763 894 1801 eo
938 1745 1085 1818 quod
1112 1745 1247 1800 dicti
1271 1744 1529 1819 Episcopi
1555 1743 1804 1818 primum
1839 1760 1975 1798 con-

93 1843 444 1915 tradixerint,
482 1864 595 1902 non
639 1845 894 1918 sequitur
925 1845 1231 1901 admissam
1261 1844 1329 1899 ab
1358 1843 1495 1917 ipsis
1518 1860 1632 1899 non
1665 1841 1840 1898 fuisse
1860 1841 1970 1900 Ro-

92 1941 240 1997 mani
263 1943 543 1999 Pontificis
569 1943 953 1999 inerrantiam.

165 2038 422 2109 Aliunde,
458 2041 680 2112 quando
706 2040 890 2113 agitur
914 2039 983 2095 de
1026 2038 1148 2112 lege
1171 2037 1455 2113 pontificia
1480 2035 1835 2109 disciplinam
1859 2051 1979 2090 res-

94 2134 349 2206 piciente,
375 2137 595 2192 licitum
628 2144 709 2194 est
745 2137 1028 2211 Episcopis
1053 2137 1176 2208 ejus
1201 2135 1581 2190 executionem
1609 2133 1668 2189 in
1693 2132 1812 2189 suis
1838 2132 1975 2188 dioe-

97 2215 312 2285 cesibus
333 2234 691 2305 suspendere,
719 2232 765 2287 si
792 2237 1168 2305 opportunum
1197 2230 1253 2285 id
1292 2229 1639 2298 existiment,
1670 2229 1974 2284 dummodo

101 2325 342 2382 rationes
386 2327 507 2382 Sedi
568 2327 880 2401 apostolicae
924 2326 1307 2382 transmittant
1351 2326 1420 2381 ob
1458 2343 1597 2397 quas
1640 2343 1668 2380 a
1717 2325 1837 2397 lege
1882 2325 1978 2381 illa

98 2429 373 2495 exemptas
398 2402 664 2479 dioeceses
687 2441 816 2479 suas
837 2423 1092 2496 cupiunt,
1115 2430 1167 2479 et
1188 2422 1360 2497 parati
1383 2422 1494 2478 sint
1520 2422 1709 2478 statim
1726 2422 1975 2493 obedire,

98 2518 143 2573 si
175 2518 313 2592 Papa
348 2520 588 2576 rationes
619 2519 747 2577 illas
784 2538 893 2575 non
939 2520 1276 2594 probaverit.
1322 2520 1378 2575 Id
1410 2527 1679 2595 perpetuo
1725 2519 1884 2576 licuit
1924 2526 1977 2576 et

94 2613 396 2671 etiamnum
429 2617 578 2688 lieet,
604 2625 667 2674 ut
701 2617 857 2675 docet
888 2618 1214 2675 Benedictus
1237 2619 1363 2675 XIV.
1390 2619 1695 2675 Potuerunt
1725 2636 1853 2691 ergo
1880 2619 1978 2694 Cy-

93 2713 320 2786 prianus
363 2721 415 2770 et
452 2715 568 2786 alii,
616 2716 762 2773 salva
792 2717 1154 2792 persuasione
1200 2717 1267 2773 de
1291 2718 1537 2791 primatu
1562 2716 1975 2790 jurisdictionis

95 2809 324 2866 Romani
368 2812 643 2869 Pontificis
685 2820 737 2870 et
792 2814 860 2869 de
903 2813 1079 2889 ipsius
1115 2814 1540 2878 infallibilitate,
1589 2815 1738 2889 apud
1774 2815 1970 2871 Sedem

98 2906 453 2979 apostolicam
484 2908 763 2983 inculpate
805 2928 986 2983 agere,
1016 2918 1078 2967 ut
1108 2912 1447 2967 contrariam
1481 2928 1648 2966 suam
1681 2909 1972 2965 haereticos

98 3002 472 3076 rebaptizandi
502 3005 958 3062 consuetudinem
984 3007 1226 3063 retinere
1251 3006 1357 3062 sibi
1395 3005 1806 3075 indulgeretur.
1835 3003 1893 3058 Id
1923 3003 1972 3058 si

100 3098 375 3154 moderate
402 3099 680 3171 fecissent,
717 3102 863 3158 haud
905 3103 1167 3177 culpandi
1209 3104 1412 3158 forent.
1442 3103 1509 3157 At
1549 3100 1887 3174 pertinacior
1912 3099 1971 3155 in

102 3196 201 3251 bac
240 3214 297 3250 rc
326 3195 656 3270 cyprianum
689 3203 979 3271 protervus
1023 3205 1075 3254 ct
1101 3199 1255 3254 ferox
1285 3198 1670 3254 FirmilianuS.
1698 3195 1803 3252 Nec
1847 3196 1969 3254 ideo

98 3292 274 3348 saneti
312 3291 459 3364 quod
485 3292 564 3348 sic
593 3293 938 3367 peccaverint
963 3317 974 3359 ;
1004 3293 1099 3349 sed
1130 3295 1279 3367 quod
1305 3301 1550 3350 erratum
1579 3292 1732 3349 istud
1761 3299 1970 3349 retrae-

99 3396 242 3446 tasse
283 3389 542 3445 ccnscndi
583 3388 714 3445 sint.
755 3389 897 3461 Ergo
938 3389 1078 3445 nibil
1109 3408 1174 3446 ex
1199 3392 1302 3446 hoc
1327 3390 1472 3446 facto
1513 3396 1704 3447 contra
1733 3389 1965 3447 Romani

94 3484 372 3543 Pontificis
395 3485 699 3560 primatum
725 3491 818 3542 aut
843 3485 1320 3543 infallibilitatem.

169 3584 227 3638 2⁰
258 3583 483 3641 Etiamsi
516 3583 908 3641 concederetur
933 3583 1103 3657 (quod
1124 3590 1311 3643 tamen
1334 3601 1684 3661 nequaquam
1707 3585 1966 3644 concedi·
