2262 3990
862 165 994 214 PARS
1023 162 1224 211 TERTIA.
1891 157 1982 204 655

853 455 1098 517 CAPUT
1147 454 1241 515 111

145 627 228 662 ΟΒ
251 624 398 662 (ΞΑΒΙΙ
422 622 598 659 PAPAE
619 620 952 659 mnne!-
975 638 1018 644 —
1042 618 1246 663 NEQUE
1270 618 1352 652 OB
1375 614 1537 652 BUNG
1559 614 1761 651 (usum
1786 614 1946 649 Plu-A

697 688 982 725 conclu«,
1003 685 1389 722 emulorum.

183 852 549 908 Praeviotanda.
569 851 711 906 --1ο
739 849 906 905 Casus
938 845 1163 902 haeresis
1198 846 1379 917 quoad
1414 863 1665 901 summos
1695 843 1984 902 Pontifices

109 966 219 1004 non
257 948 347 1004 ille
387 946 735 1019 intelligitur,
774 962 883 1017 quo
919 942 1124 1015 aliquis
1167 959 1361 997 eorum
1400 960 1465 997 ex
1503 944 1679 1014 officio
1713 941 1982 998 definiens

107 1046 330 1118 aliquod
361 1045 554 1116 dogma
579 1042 726 1112 fidei,
766 1059 1009 1098 errorem
1047 1039 1318 1095 definiret.
1350 1040 1459 1095 Hoc
1489 1039 1655 1095 modo
1692 1058 1981 1112 nunquam

107 1141 397 1199 haereticus
429 1158 547 1197 esse
578 1146 753 1213 potest
782 1139 932 1194 ullus
958 1138 1239 1193 Romanus
1270 1136 1541 1205 Pontifex,
1573 1137 1641 1192 ob
1667 1154 1982 1192 concessam

107 1238 210 1313 ipsi
254 1257 317 1294 ex
371 1237 612 1292 cathedra
658 1235 874 1291 docenti
921 1233 1410 1303 infallibilitatem,
1456 1239 1619 1307 prout
1670 1240 1887 1289 certum
1928 1239 1983 1289 et

108 1333 329 1388 omnino
371 1332 671 1387 tenendum
711 1329 1086 1404 probavimuS,
1129 1330 1355 1384 secunda
1390 1327 1679 1402 praesentis
1716 1334 1981 1384 tractatus

110 1434 280 1501 parte.
323 1428 423 1482 Sed
451 1428 632 1499 agitur
657 1427 939 1482 dumtaxat
982 1427 1047 1481 de
1078 1443 1208 1481 casu
1241 1443 1348 1497 quo
1389 1426 1550 1498 Papa,
1590 1433 1834 1496 tanquam
1868 1427 1980 1497 pri-

107 1532 255 1578 vatus
300 1525 499 1593 doctor,
554 1522 799 1579 crederet
844 1529 895 1578 et
946 1521 1303 1595 pertinaciter
1348 1525 1718 1594 propugnaret
1768 1520 1981 1593 aliquid

107 1619 446 1675 contrarium
480 1619 720 1692 cuipiam
747 1618 981 1673 articulo
1016 1617 1139 1673 fidei
1174 1617 1408 1673 evidenti
1436 1623 1531 1673 aut
1558 1616 1803 1686 definito,
1833 1618 1979 1691 quod

108 1716 330 1771 haeresis
372 1716 659 1789 proprium
690 1722 792 1770 est.
823 1747 890 1755 —
915 1715 970 1769 2⁰
995 1713 1071 1767 Ad
1102 1715 1248 1769 hunc
1288 1732 1477 1769 casum
1514 1713 1747 1769 fidenter
1783 1731 1976 1787 provo-

104 1821 229 1869 cant
257 1813 583 1881 adversarii,
608 1813 662 1866 id
690 1820 792 1881 est,
820 1812 1080 1866 Gallicani
1107 1812 1421 1886 systematis
1445 1829 1730 1883 sequaceS‚
1761 1818 1822 1866 ut
1849 1830 1976 1867 con-

101 1909 324 1965 cludant
366 1908 660 1964 concilium
695 1926 818 1963 esse
861 1925 1025 1980 supra
1062 1908 1281 1980 Papam.
1322 1907 1409 1962 Sic
1442 1926 1640 1981 nempe
1679 1925 1974 1979 argumen-

100 2010 291 2060 tantur
334 2025 345 2056 :
383 2005 542 2078 Papa,
582 2003 683 2058 etsi
728 2022 790 2059 ex
842 2002 1102 2058 cathedra
1161 2003 1415 2058 haeresim
1464 2003 1658 2060 docere
1715 2010 1971 2076 nequeat,

100 2099 288 2154 saltem
328 2104 388 2154 ut
426 2098 614 2154 doctor
649 2098 895 2172 privatus
937 2103 1115 2171 potest
1154 2098 1448 2154 haereticus
1489 2099 1643 2153 fieri:
1685 2101 1839 2171 atqui
1880 2119 1975 2157 ne-

104 2211 253 2249 cesse
282 2203 364 2250 est
393 2204 455 2250 ut
479 2198 614 2268 Papa
642 2196 936 2251 haereticus
964 2215 993 2250 a
1020 2196 1251 2252 concilio
1274 2197 1519 2267 generali
1547 2198 1747 2269 deponi
1775 2199 1972 2271 possit,

103 2309 165 2346 ac
199 2290 430 2364 proinde
457 2298 515 2346 ut
554 2291 848 2346 concilium
875 2290 965 2362 jus
1003 2290 1058 2344 in
1094 2291 1292 2363 Papam
1323 2292 1522 2346 haheat
1558 2313 1568 2344 :
1607 2311 1736 2365 ergo
1777 2294 1833 2349 in
1873 2296 1975 2351 hoc

102 2388 295 2444 saltem
341 2407 471 2443 casu
516 2389 653 2461 Papa
695 2387 927 2443 concilio
961 2387 1274 2460 subjicitur.
1319 2388 1493 2461 Hujus
1528 2390 1830 2464 syllogismi
1863 2411 1970 2447 ma-

91 2487 282 2556 jorem,
320 2486 372 2539 id
411 2493 514 2554 est,
545 2486 661 2540 dari
699 2504 858 2559 posse
886 2503 1072 2541 casum
1106 2486 1260 2560 Papae
1303 2488 1567 2558 haeretici,
1609 2496 1813 2562 negant
1847 2509 1972 2548 auc-

97 2590 242 2639 tores
278 2584 535 2639 catholici
572 2585 755 2653 multi,
798 2585 942 2639 inter
982 2602 1119 2656 quos
1155 2585 1410 2641 Albertus
1439 2586 1660 2659 Pighius
1696 2590 1782 2659 (de
1823 2590 1966 2645 Eccl.

97 2681 368 2736 hierarch.
395 2700 517 2754 cap.
550 2684 674 2751 v111);
701 2700 939 2754 quorum
962 2682 1230 2738 sententia
1260 2683 1404 2737 haud
1428 2685 1643 2742 levibus
1669 2688 1968 2744 momentis

98 2776 314 2843 nititur,
349 2777 420 2831 ita
452 2784 512 2832 ut
543 2779 626 2832 vel
664 2779 778 2833 sola
807 2778 1069 2851 impediat
1108 2797 1174 2833 ne
1209 2780 1580 2853 peremptoria
1615 2782 1684 2837 sit
1718 2782 1969 2838 adversa-

97 2870 310 2923 riorum
342 2873 764 2941 argumentatio.
797 2874 1045 2927 Minorem
1084 2881 1292 2942 autem,
1327 2874 1381 2928 id
1409 2883 1511 2943 est,
1554 2875 1610 2930 in
1641 2895 1773 2932 casu
1815 2878 1970 2951 Papae

96 2964 323 3019 heretici
350 2965 582 3020 concilio
599 2970 1018 3041 competerejus
1040 2968 1096 3022 in
1118 2970 1318 3043 Papam
1343 2971 1438 3042 qui
1463 2971 1552 3025 hic
1579 2977 1630 3025 et
1656 2991 1803 3028 nunc
1827 2974 1968 3048 Papa

96 3060 188 3127 sit,
216 3069 476 3131 tanquam
504 3067 651 3116 certo
678 3079 964 3118 erroneam
1001 3064 1178 3135 rejicit
1209 3067 1526 3122 communis
1569 3070 1967 3126 catholicorum

94 3155 380 3210 doctorum
409 3156 700 3213 sententia.
732 3156 997 3228 Equidem
1025 3157 1459 3242 Constantiensis
1494 3164 1717 3219 concilii
1758 3174 1966 3240 tempo-

95 3251 271 3319 ribuS‚
299 3253 517 3324 quando
544 3252 770 3324 quaestio
800 3254 914 3307 haec
940 3253 1136 3325 agitari
1159 3257 1344 3328 coepit,
1372 3264 1426 3312 et
1451 3259 1616 3314 etiam
1640 3261 1964 3334 aliquandiu

99 3354 305 3421 postea,
337 3348 578 3422 reperire
612 3354 695 3404 est
737 3348 793 3402 in
823 3349 1105 3404 nonnullis
1138 3351 1482 3421 auctoribuS,
1514 3358 1848 3429 caeteroquin
1874 3378 1960 3415 ca-

96 3444 338 3513 tholicis,
382 3444 529 3499 haud
562 3461 732 3518 pauca
773 3443 958 3500 minus
984 3446 1322 3503 considerate
1353 3448 1515 3516 dicta;
1547 3461 1706 3525 prout
1745 3456 1958 3512 contin-

94 3559 220 3615 gere
244 3543 379 3599 solet
414 3543 628 3616 quoties
659 3543 867 3599 noviter
898 3551 1082 3600 exorta
1117 3546 1344 3617 quaestio
1371 3550 1684 3608 scholarum
1713 3553 1956 3631 disputa-
