2306 4010
353 163 444 210 350
1026 157 1326 205 TRACTATUS
1356 157 1422 203 DE
1454 157 1597 206 PAPA.

353 275 583 330 haere-tiei
609 271 868 342 doqmatis
919 270 1184 342 tici-utinam
1216 267 1545 379 extinguere,
1573 272 1742 342 prout
1773 269 2003 328 decebat
2030 273 2271 331 auctori-

352 375 525 428 tatem
556 364 945 442 apostolicam

427 468 706 523 Consonat
742 463 995 539 ejusdem
1020 463 1215 521 Leonis
1251 463 1296 520 11
1324 463 1560 540 epistola
1591 464 1663 522 ad
1687 465 1971 540 Ervigium
1995 467 2271 544 Hispaniae

349 581 562 638 regem,
585 563 644 619 in
662 582 775 638 qua
793 563 1089 622 recensitis
1108 563 1323 621 caeteris
1344 583 1374 620 a
1393 564 1606 640 synodo
1625 565 1934 638 damnatiS,
1954 566 2031 624 ita
2048 568 2266 630 subdit:

347 665 416 722 Et
439 683 546 721 una
573 683 688 721 cum
714 666 788 721 eis
812 665 1081 722 Honorius
1113 665 1404 745 Romanus,
1435 668 1522 740 qui
1545 668 1941 724 immaculatam
1969 668 2271 742 apostolicae

350 772 400 820 tr
403 765 653 821 editionis
679 765 943 838 requiam,
973 783 1128 839 quam
1147 783 1180 822 a
1201 766 1678 841 praedecessoribus
1702 767 1812 822 suis
1843 769 2064 841 accepit,
2095 785 2272 827 macu-

344 864 448 921 lari
470 865 731 937 permisit.
758 862 813 920 Si
834 863 1166 921 haereticum
1194 864 1395 938 dogma
1421 863 1702 922 Honorius
1729 856 2020 955 professus
2044 865 2291 938 fuisset‚g.

346 963 554 1019 absone
593 962 661 1020 de
699 963 824 1039 ipso
865 963 1189 1038 diceretur.-
1231 985 1258 1016 «
1283 963 1619 1039 Apostolicae
1658 963 1980 1021 traditionis
2015 925 2306 1043 regulam}¹

347 1062 622 1120 maculari
661 1066 982 1137 permisit.»
1032 1062 1151 1119 Non
1190 1066 1525 1138 permisisset
1564 1070 1788 1121 tantum
1831 1062 2130 1135 maculari,
2175 1046 2306 1131 sed-i}

346 1164 467 1239 ipse
493 1164 853 1222 maculasset.
883 1164 1038 1221 Unde
1062 1184 1167 1221 vox
1202 1164 1301 1221 illa
1337 1166 1575 1239 permisit
1616 1163 1848 1220 omnino
1885 1163 2113 1236 evincit,
2160 1144 2306 1223 non}

346 1264 499 1321 aliud
541 1263 784 1322 Honorio
832 1264 1155 1340 exprobrari
1204 1283 1378 1339 quam
1414 1265 1817 1338 neqliyeutiam3
1862 1263 1941 1320 ita
1986 1268 2050 1320 ut
2085 1263 2306 1334 fautor<

345 1363 575 1437 quidem
604 1363 1001 1420 haereticorum
1032 1363 1222 1436 fuerit,
1256 1363 1353 1420 sed
1383 1380 1494 1420 non
1530 1362 1695 1421 aliter
1731 1381 1904 1436 quam
1938 1361 2269 1436 negligendo

346 1463 622 1519 haeieseos
652 1462 1095 1538 repressionem.
2303 1457 2306 1468 ’

421 1563 663 1620 Tandem
710 1563 768 1619 in
796 1564 1146 1639 professione
1180 1563 1310 1620 fidei
1336 1563 1718 1620 Romanorum
1758 1561 2114 1630 Pontificum,
2149 1577 2270 1635 quae

344 1663 627 1739 reperitur
656 1663 714 1720 in
746 1664 916 1721 veleri
945 1664 1111 1730 libro,
1138 1665 1331 1721 Diurui
1365 1663 1596 1720 nominc
1635 1662 1930 1738 inscriptO,
1967 1678 2133 1735 quem
2161 1641 2296 1717 edi-‘-

343 1762 546 1819 derunt
580 1763 901 1821 Holstenius
927 1769 977 1820 et
1005 1763 1260 1835 Garnier‚
1295 1781 1423 1820 cum
1452 1762 1580 1819 aliis
1609 1761 1885 1819 haereticis
1908 1760 2114 1836 quibus
2139 1777 2268 1816 ana·

342 1864 532 1920 thema
575 1863 786 1920 dicitur
827 1870 1156 1920 recensetur
1197 1862 1426 1937 quidem
1453 1862 1624 1919 etiam
1665 1861 1961 1929 Honorius;
2002 1859 2101 1917 sed
2140 1859 2269 1916 sub-

337 1962 551 2037 junctis
586 1962 677 2019 his
719 1962 907 2019 verbis
943 1984 953 2016 :
1007 1963 1104 2032 Qui
1132 1965 1316 2036 pravis
1356 1980 1538 2018 eorum
1582 1962 1848 2018 erroribus
1891 1959 2131 2031 favorem
2169 1960 2266 2014 im·

341 2065 542 2137 pendit.
583 2063 714 2128 Quae
758 2063 923 2119 verba
965 2062 1253 2119 declarant
1292 2060 1753 2119 anathematizari
1788 2059 2119 2128 Honorium,
2158 2074 2268 2113 non

339 2170 424 2238 (ut
449 2164 660 2232 caeteri)
688 2181 753 2220 eo
780 2163 936 2237 quod
964 2162 1227 2220 haeresim
1256 2163 1551 2238 professus
1575 2162 1670 2233 sit,
1701 2160 1797 2217 sed
1823 2178 1887 2217 eo
1917 2159 2069 2234 quod
2095 2159 2302 2221 haere-s

335 2264 459 2320 licis
484 2267 717 2337 savorem
756 2264 1095 2338 impenderim
1135 2262 1472 2337 negligendo
1510 2261 1772 2318 videlicet
1795 2259 2115 2317 enascentis
2143 2276 2264 2314 mo-
2284 2250 2302 2315 f.

331 2365 662 2423 nothelismi
697 2364 1138 2440 1epressionem.

404 2466 481 2520 Ex
528 2465 615 2520 his
663 2482 794 2537 eigo
838 2462 1086 2520 textibus
1130 2461 1514 2536 colligendum
1551 2460 1702 2518 venit
1746 2479 1776 2516 a
1821 2465 1978 2516 sexta
2016 2455 2262 2532 generali

329 2564 542 2638 synodo
569 2565 903 2620 damnatum
941 2563 1118 2644 fuisse
1152 2561 1459 2618 Honorium
1500 2579 1564 2617 eo
1599 2560 1752 2634 quod
1780 2557 2124 2634 negligentia
2161 2572 2256 2614 sua

331 2664 722 2721 monothelitis
757 2663 975 2732 faverit,
1004 2682 1116 2719 non
1142 2681 1206 2718 eo
1232 2661 1383 2736 quod
1410 2661 1669 2718 haeresim
1694 2660 1814 2736 ipse
1841 2643 2115 2716 docuerit.

405 2764 467 2818 ΙΙ.
506 2761 636 2830 Quae
663 2765 915 2837 objiciunt
944 2764 1239 2819 adversarii
1264 2779 1594 2835 nequaquam
1618 2761 1848 2833 probant
1881 2761 2002 2815 ideo
2038 2759 2263 2841 damna-¹

331 2872 439 2920 tum
478 2882 511 2920 a
536 2869 687 2920 sexta
723 2865 922 2937 syuodo
950 2864 1118 2936 fuisse
1147 2862 1436 2918 Honorium
1461 2860 1598 2933 quod
1636 2861 1873 2917 haeresim
1906 2862 2126 2934 ipsemet
2170 2857 2255 2913 do-

335 2967 500 3022 cuerit
540 2983 600 3020 (ιο
621 2965 896 3039 professus
924 2966 1015 3031 sit,
1045 2983 1138 3020 seu
1159 2964 1299 3036 quod
1324 2962 1558 3036 synodus
1587 2980 1704 3017 eum
1743 2963 1799 3016 in
1824 2961 2080 3017 strictiori
2103 2949 2264 3015 sensu

336 3066 641 3122 haereticum
685 3066 1030 3139 reputaverit.
1067 3098 1137 3104 —-
1166 3064 1221 3119 1⁰
1251 3062 1486 3128 Quidem
1515 3061 1790 3136 objiciunt
1821 3079 1888 3117 ex
1921 3062 2058 3118 actis
2099 3059 2254 3116 dictae

335 3165 532 3241 synodi
559 3166 709 3222 varia
736 3165 883 3237 loca,
913 3164 969 3220 in
997 3164 1208 3238 quibus
1248 3165 1438 3220 Patres
1473 3162 1782 3219 Honorium
1824 3166 2023 3218 vocant
2054 3159 2251 3218 haereti-

335 3284 467 3322 cum.
498 3264 698 3321 Dicunt
737 3263 948 3321 alicubi
981 3285 991 3318 ε
1023 3264 1255 3321 Honorio
1290 3264 1536 3319 haeretico
1578 3262 1858 3318 anathema
1890 3259 2037 3336 (vide
2062 3275 2249 3335 supra,

332 3367 357 3435 ἓ
397 3367 454 3434 2,
497 3365 837 3422 documento
875 3364 1030 3438 VIII).
1083 3364 1148 3421 Et
1187 3363 1400 3439 pluries
1444 3362 1579 3419 alibi
1623 3363 1727 3418 hoc
1761 3362 1993 3418 haeretici
2029 3357 2252 3416 nomine

336 3461 665 3534 designatur
714 3462 864 3520 idem
902 3461 1176 3521 Pontifex.
1223 3461 1298 3516 Ex
1341 3479 1454 3534 quo
1488 3460 1567 3516 sic
1607 3463 1856 3534 arguunt
1896 3453 2200 3514 adversarii
2233 3473 2247 3508 :

338 3560 613 3630 expressis
647 3561 907 3619 terminis
935 3561 1250 3618 Honorium
1277 3559 1568 3616 damnavit
1592 3557 1838 3634 synodus
1867 3564 2115 3628 tanquam
2146 3553 2249 3608 11ae-

341 3654 582 3717 2'61512102113
610 3674 742 3728 ergo
760 3658 1059 3716 haereticus
1087 3658 1214 3717 fuit:
1244 3656 1541 3714 haereticus
1563 3660 1752 3713 autem
1777 3671 1887 3709 non
1913 3656 1998 3708 est
2016 3649 2125 3707 nisi
2153 3645 2248 3720 qui
