2262 3990
304 124 393 173 578
975 111 1273 161 TRACTArus
1302 111 1368 159 00
1399 111 1544 160 ram.

299 226 622 287 Pontificem
649 219 881 286 omnium
899 217 1325 276 'christianorum
1347 220 1559 295 patrem
1589 236 1653 277 ao
1685 221 1954 282 doctorem
1993 227 2232 289 existerat

299 325 522 398 (Labbe‚
555 326 598 376 t.
632 314 765 390 xm,
797 317 906 374 001.
941 315 1074 389 515,
1106 317 1240 376 edit.
1272 317 1522 390 Parisiis,
1559 319 1759 396 1672).
1914 369 1923 376 ,
2035 325 2040 330 ’
2184 327 2232 384 ,31

373 414 636 479 Leontius
658 418 999 476 Arelatensis
1014 418 1346 495 Episcopus,
1372 437 1517 477 anno
1540 419 1768 479 circiter
1794 420 1905 480 462
1926 443 1936 476 ε
1954 422 2085 483 Cum
2115 425 2236 486 an

295 523 454 581 clesia
474 522 714 580 Romana
742 521 811 578 sit
833 522 1064 578 omnium
1098 528 1296 595 mater,
1317 526 1424 579 etc;
1461 521 1684 598 (Labbe,
1712 529 1756 581 t.
1792 522 1876 597 IV,
1907 523 2013 582 001.
2041 524 2238 603 1828st

295 622 428 682 edit.
461 621 714 696 Parisiis,
753 621 946 692 1671).
2151 645 2154 647 Α

366 722 725 795 1101οῐ00105,
773 718 1111 780 Rhemensis
1158 720 1467 800 Episcopus
1503 741 1514 777 ε
1555 743 1583 777 α
1619 721 1753 797 Ρ115,
1793 722 2007 782 devotis
2045 728 2227 802 atque}

291 821 586 881 catholicis
611 824 717 880 hoc
743 827 923 899 potest
952 827 1003 880 et
1032 824 1140 881 hoc
1167 822 1330 881 debet
1361 823 1643 896 sufficere,
1670 823 1821 898 quod
1855 827 2087 882 omnium
2114 826 2226 903 Eoo)

292 922 572 980 etesiarum
608 929 780 979 mater
808 927 1003 980 sancta
1049 907 1328 980 catholica
1363 928 1530 999 atque
1569 923 1878 999 apostolica
1917 922 2077 982 docet
2108 923 2222 984 Ros

291 1043 460 1084 mana
488 1024 732 1083 Ecclesia
760 1047 787 1080 »
814 1025 904 1099 (de
935 1024 1457 1102 praedestinatione,
1492 1025 1814 1083 dissertatio
1843 1027 1906 1095 II,
1941 1026 1999 1084 in
2026 1028 2221 1086 Patro-⁸

287 1129 427 1203 onia
449 1128 653 1203 Migne‚
685 1134 726 1185 t.
752 1127 936 1202 CXXV,
965 1127 1073 1185 eol.
1106 1126 1261 1200 214).
1291 1126 1618 1184 Omittimus
1648 1127 1758 1184 alia
1787 1124 2218 1205 quamplurima?

287 1228 567 1304 ejusmodi
594 1228 959 1300 documenta,
987 1233 1183 1304 utpote
1210 1245 1333 1305 quae
1357 1227 1433 1286 ita
1467 1226 1796 1303 frequenter
1814 1234 2121 1287 recurrunt
2152 1229 2212 1289 in=

284 1327 591 1385 traditione
618 1326 850 1403 scripta,
881 1332 945 1384 ut
969 1327 1164 1384 nullus
1197 1326 1495 1402 theologus
1527 1344 1653 1385 eam
1693 1326 1933 1386 Romani
1955 1326 2216 1407 Episcopi

285 1429 715 1504 prtrrogativam
743 1427 1010 1502 ignorare
1033 1433 1222 1504 queat.

358 1529 423 1588 II.
458 1529 534 1586 Ex
554 1548 617 1587 eo
645 1528 794 1605 quod
822 1528 964 1605 Papa
992 1528 1062 1586 sit
1092 1527 1435 1587 universalis
1462 1526 1721 1586 Ecclesiae
1741 1534 1970 1606 pateret
1990 1527 2201 1605 doctor,

284 1630 542 1706 sequitur
587 1630 696 1708 ipsi
734 1636 1053 1707 competere
1088 1630 1479 1688 auctoritatem
1519 1647 1693 1706 supra
1720 1629 2206 1690 concilium-sine-

280 1732 443 1808 Papa.
477 1766 548 1774 —
579 1731 795 1789 Etenim
829 1731 877 1789 si
929 1731 998 1789 sit
1037 1737 1197 1808 pater
1221 1730 1560 1788 universalis
1607 1730 1888 1805 Ecclesiae,
1919 1737 2000 1790 est
2038 1731 2207 1790 etiam

282 1839 441 1909 pater
473 1834 878 1910 Episcoporum
901 1833 958 1890 in
991 1832 1232 1891 00001110
1260 1833 1661 1891 adunatorum.
1691 1831 1817 1889 Filii
1861 1838 2050 1892 autem
2078 1833 2208 1893 obe-

280 1935 551 1991 dientiam
578 1935 782 1991 debent
809 1934 980 2006 Patri,
1016 1953 1130 1991 non
1151 1940 1308 2010 pater
1334 1934 1488 1991 filiis.
1519 1935 1580 1991 Et
1604 1935 2047 2011 repugnatssfilios
2074 1952 2205 1994 auc·⁴

278 2034 565 2092 toritatem
595 2035 802 2092 hahere
829 2034 887 2090 in
914 2040 1133 2110 patrem
1162 2053 1352 2091 suum.
1391 2035 1529 2090 Item
1569 2034 1614 2090 si
1645 2034 1715 2091 sit
1743 2034 2082 2093 universalis
2109 2035 2205 2093 Ec·

278 2134 461 2192 clesiae
511 2134 705 2196 doctor
735 2140 788 2190 et
837 2134 1127 2207 magister,
1161 2134 1394 2192 relative
1435 2134 1502 2190 ad
1543 2134 1731 2210 ipsum
1770 2133 2030 2211 discipuli
2072 2140 2205 2192 sunt

278 2234 449 2291 etiam
476 2233 737 2310 Episcopi
759 2234 817 2289 in
842 2232 1080 2290 00001110
1112 2233 1368 2291 adunati.
1391 2233 1634 2292 Proinde
1662 2236 1730 2292 ab
1761 2235 1882 2311 ipso
1905 2234 2203 2293 erudiendi

277 2340 432 2403 sunt,
472 2340 526 2392 et
551 2334 730 2411 ipsius
761 2340 843 2391 051
873 2352 1061 2392 veram
1096 2333 1414 2391 doctrinam
1446 2333 1576 2391 fidei
1617 2336 1869 2406 edocere,
1896 2353 2011 2393 non
2038 2354 2067 2393 a
2091 2336 2200 2394 dis-

276 2433 483 2511 cipulis
517 2434 758 2492 edoceri.
787 2466 857 2475 —-
881 2434 1031 2491 Idem
1071 2432 1153 2490 sic
1183 2433 1359 2491 evolvi
1399 2438 1578 2509 potest
1607 2453 1618 2488 ε
1663 2433 1956 2511 Repugnat
1982 2442 2197 2512 patrem

274 2533 520 2591 familias
556 2553 679 2593 0550
712 2538 929 2611 patrem
965 2531 1261 2591 dumtaxat
1301 2531 1550 2591 filiorum
1592 2550 1830 2591 suorum
1874 2530 2200 2593 distributive

274 2643 625 2711 surreptorum,
654 2654 765 2693 non
801 2642 989 2693 autem
1031 2634 1303 2692 collective
1339 2643 1690 2710 sumptormn.
1729 2635 1784 2693 Si
1803 2643 2007 2713 nempe
2025 2655 2194 2695 unus-

276 2735 519 2812 quisque
541 2735 775 2793 seorsim
796 2742 1061 2812 sumptus
1082 2735 1202 2810 ejus
1223 2735 1373 2793 filius
1393 2734 1486 2803 sit,
1508 2754 1572 2792 ac
1590 2735 1770 2811 ipsius
1793 2737 2051 2814 potestati
2076 2722 2211 2816 sub-⁷

267 2837 477 2912 jectUS,
510 2835 639 2911 quis
672 2853 785 2892 000
815 2835 1000 2892 videat
1043 2853 1238 2892 omnes
1277 2834 1545 2892 collective
1585 2844 1821 2911 smnptos
1854 2853 1977 2894 0550
2018 2834 2192 2914 ipsius

275 2936 423 2994 filios
464 2942 518 2995 et
567 2936 688 3012 ejus
721 2933 1042 2993 auctoritati
1083 2933 1328 3010 subjici?
1357 2934 1526 2992 Porro
1555 2934 1707 3010 quod
1750 2936 1895 3013 Papa
1940 2935 2013 2994 sit
2041 2936 2196 2994 Pater

278 3039 507 3094 omnium
523 3037 956 3110 christianorum,
978 3055 1040 3092 ac
1058 3034 1294 3111 proinde
1312 3034 1569 3112 ipsorum
1590 3036 1759 3094 etiam
1778 3035 2191 3115 Episcoporum,

278 3157 391 3195 non
419 3142 500 3196 cst
529 3135 770 3213 simplex
802 3133 1016 3213 opime,
1047 3133 1144 3193 sed
1184 3134 1387 3210 dogma
1414 3135 1542 3194 fidei
1563 3155 1592 3193 a
1620 3135 1856 3194 concilio
1880 3135 2194 3194 Florentino

278 3255 540 3315 expresse
568 3235 886 3295 definitum.
907 3234 1014 3294 Nee
1032 3233 1334 3312 objiciatur
1355 3254 1545 3295 vocem
1565 3234 1722 3294 illam
1751 3237 1916 3296 Pater
1938 3254 2059 3296 esse
2083 3251 2194 3293 rne-

276 3340 594 3416 taphoram‚
648 3356 773 3415 quae
822 3337 1117 3396 commode
1151 3336 1514 3414 interpretari
1541 3336 1722 3416 possit
1761 3336 1830 3396 de
1861 3336 2194 3417 paternitate
2254 3354 2261 3394 t

281 3428 611 3514 honorifica,
633 3457 759 3514 quae
771 3438 931 3516 Papae
941 3436 1036 3515 jus
1055 3436 1267 3496 tribuat
1287 3438 1644 3496 solummodo
1661 3437 1730 3497 ad
1751 3438 2054 3515 quamdam
2077 3450 2192 3514 spe·
2255 3456 2262 3478 ⁶

277 3536 477 3621 cialem
493 3537 934 3596 venerationem.
955 3536 1231 3613 Equidem
1259 3539 1596 3615 metaphora
1622 3544 1727 3610 051,
1757 3536 1854 3596 sed
1883 3554 1943 3596 ex
1971 3552 2082 3612 qua
2099 3551 2189 3592 su·-

278 3653 376 3712 pra
413 3635 647 3696 citatum
678 3638 981 3698 concilium
1009 3639 1382 3698 Lateranense
1411 3633 1580 3698 infert
1603 3638 1892 3696 ordinariae
1907 3641 2188 3712 potestatts

2255 3495 2262 3535 l

2258 3540 2262 3586 1

2259 3591 2262 3633 l

2251 3638 2262 3684 11
