<?xml version="1.0" encoding="UTF-8"?>
<!DOCTYPE html PUBLIC "-//W3C//DTD XHTML 1.0 Transitional//EN"
    "http://www.w3.org/TR/xhtml1/DTD/xhtml1-transitional.dtd">
<html xmlns="http://www.w3.org/1999/xhtml" xml:lang="en" lang="en">
 <head>
  <title>
</title>
<meta http-equiv="Content-Type" content="text/html;charset=utf-8" />
  <meta name='ocr-system' content='tesseract 3.04.00' />
  <meta name='ocr-capabilities' content='ocr_page ocr_carea ocr_par ocr_line ocrx_word'/>
</head>
<body>
  <div class='ocr_page' id='page_1' title='image "a548470102bouiuoft_0499.png"; bbox 0 0 2262 3990; ppageno 0'>
   <div class='ocr_carea' id='block_1_1' title="bbox 930 162 2106 231">
    <p class='ocr_par' dir='ltr' id='par_1_1' title="bbox 930 162 2106 231">
     <span class='ocr_line' id='line_1_1' title="bbox 930 162 2106 231; baseline -0.007 -15"><span class='ocrx_word' id='word_1_1' title='bbox 930 167 1053 216; x_wconf 63' lang='lat' dir='ltr'>rias</span> <span class='ocrx_word' id='word_1_2' title='bbox 1082 164 1324 214; x_wconf 68' lang='lat' dir='ltr'>sacuam.</span> <span class='ocrx_word' id='word_1_3' title='bbox 1975 162 2060 209; x_wconf 71' lang='lat'>491</span> <span class='ocrx_word' id='word_1_4' title='bbox 2102 228 2106 231; x_wconf 17' lang='grc' dir='ltr'><em>Π</em></span> 
     </span>
    </p>
   </div>
   <div class='ocr_carea' id='block_1_2' title="bbox 128 270 2084 3648">
    <p class='ocr_par' dir='ltr' id='par_1_2' title="bbox 181 270 2067 548">
     <span class='ocr_line' id='line_1_2' title="bbox 190 270 2064 355; baseline -0.004 -22"><span class='ocrx_word' id='word_1_5' title='bbox 190 276 438 355; x_wconf 81' lang='lat' dir='ltr'><strong>posuerit</strong></span> <span class='ocrx_word' id='word_1_6' title='bbox 475 276 782 333; x_wconf 81' lang='lat' dir='ltr'>doctrinam</span> <span class='ocrx_word' id='word_1_7' title='bbox 827 275 1054 350; x_wconf 85' lang='lat' dir='ltr'>majoris</span> <span class='ocrx_word' id='word_1_8' title='bbox 1092 275 1268 350; x_wconf 91' lang='lat' dir='ltr'>partis</span> <span class='ocrx_word' id='word_1_9' title='bbox 1300 273 1696 349; x_wconf 88' lang='lat' dir='ltr'>Episcoporum</span> <span class='ocrx_word' id='word_1_10' title='bbox 1730 289 1763 328; x_wconf 89' lang='lat' dir='ltr'>a</span> <span class='ocrx_word' id='word_1_11' title='bbox 1795 270 2064 350; x_wconf 9' lang='lat' dir='ltr'>Papavse-</span> 
     </span>
     <span class='ocr_line' id='line_1_3' title="bbox 181 367 2067 449; baseline -0.003 -18"><span class='ocrx_word' id='word_1_12' title='bbox 181 377 495 449; x_wconf 74' lang='lat' dir='ltr'>junctorum.</span> <span class='ocrx_word' id='word_1_13' title='bbox 513 374 570 430; x_wconf 90' lang='lat' dir='ltr'>ld</span> <span class='ocrx_word' id='word_1_14' title='bbox 590 392 620 430; x_wconf 93' lang='lat' dir='ltr'>a</span> <span class='ocrx_word' id='word_1_15' title='bbox 641 373 815 431; x_wconf 89' lang='lat' dir='ltr'>sacris</span> <span class='ocrx_word' id='word_1_16' title='bbox 834 372 1139 449; x_wconf 86' lang='lat' dir='ltr'>Scripturis</span> <span class='ocrx_word' id='word_1_17' title='bbox 1159 371 1365 443; x_wconf 86' lang='lat' dir='ltr'>exulat,</span> <span class='ocrx_word' id='word_1_18' title='bbox 1393 370 1450 427; x_wconf 91' lang='lat' dir='ltr'>id</span> <span class='ocrx_word' id='word_1_19' title='bbox 1475 388 1506 427; x_wconf 87' lang='lat' dir='ltr'>a</span> <span class='ocrx_word' id='word_1_20' title='bbox 1521 369 1744 426; x_wconf 89' lang='lat' dir='ltr'>Patrum</span> <span class='ocrx_word' id='word_1_21' title='bbox 1767 367 2067 426; x_wconf 82' lang='lat' dir='ltr'>traditione</span> 
     </span>
     <span class='ocr_line' id='line_1_4' title="bbox 190 473 717 548; baseline -0.004 -18"><span class='ocrx_word' id='word_1_22' title='bbox 190 490 419 548; x_wconf 87' lang='lat' dir='ltr'>prorsus</span> <span class='ocrx_word' id='word_1_23' title='bbox 443 473 717 529; x_wconf 89' lang='lat' dir='ltr'>abhorret.</span> 
     </span>
    </p>

    <p class='ocr_par' dir='ltr' id='par_1_3' title="bbox 168 563 2079 2851">
     <span class='ocr_line' id='line_1_5' title="bbox 266 563 2070 641; baseline -0.003 -17"><span class='ocrx_word' id='word_1_24' title='bbox 266 571 539 625; x_wconf 61' lang='lat' dir='ltr'>Pnomsmo</span> <span class='ocrx_word' id='word_1_25' title='bbox 562 569 662 624; x_wconf 80' lang='lat' dir='ltr'>lv·.</span> <span class='ocrx_word' id='word_1_26' title='bbox 695 568 1034 636; x_wconf 74' lang='lat' dir='ltr'>—Quamvis</span> <span class='ocrx_word' id='word_1_27' title='bbox 1065 569 1202 625; x_wconf 82' lang='lat' dir='ltr'>dicta</span> <span class='ocrx_word' id='word_1_28' title='bbox 1224 565 1574 641; x_wconf 70' lang='lat' dir='ltr'>infallibilitas</span> <span class='ocrx_word' id='word_1_29' title='bbox 1598 563 1827 620; x_wconf 83' lang='lat' dir='ltr'>nondum</span> <span class='ocrx_word' id='word_1_30' title='bbox 1851 563 2070 635; x_wconf 77' lang='lat' dir='ltr'>delinita</span> 
     </span>
     <span class='ocr_line' id='line_1_6' title="bbox 195 657 2071 738; baseline -0.004 -17"><span class='ocrx_word' id='word_1_31' title='bbox 195 673 243 721; x_wconf 84' lang='lat' dir='ltr'>et</span> <span class='ocrx_word' id='word_1_32' title='bbox 269 666 333 721; x_wconf 85' lang='lat' dir='ltr'>de</span> <span class='ocrx_word' id='word_1_33' title='bbox 354 667 457 738; x_wconf 76' lang='lat' dir='ltr'>fule</span> <span class='ocrx_word' id='word_1_34' title='bbox 473 667 561 734; x_wconf 83' lang='lat' dir='ltr'>sit,</span> <span class='ocrx_word' id='word_1_35' title='bbox 585 664 726 720; x_wconf 81' lang='lat' dir='ltr'>utilis</span> <span class='ocrx_word' id='word_1_36' title='bbox 745 682 805 720; x_wconf 84' lang='lat' dir='ltr'>ac</span> <span class='ocrx_word' id='word_1_37' title='bbox 830 664 1125 719; x_wconf 79' lang='lat' dir='ltr'>necessaria</span> <span class='ocrx_word' id='word_1_38' title='bbox 1149 660 1251 732; x_wconf 79' lang='lat' dir='ltr'>fuit</span> <span class='ocrx_word' id='word_1_39' title='bbox 1272 662 1342 716; x_wconf 84' lang='lat' dir='ltr'>ad</span> <span class='ocrx_word' id='word_1_40' title='bbox 1368 661 1463 716; x_wconf 79' lang='lat' dir='ltr'>hoc</span> <span class='ocrx_word' id='word_1_41' title='bbox 1489 667 1546 715; x_wconf 84' lang='lat' dir='ltr'>ut</span> <span class='ocrx_word' id='word_1_42' title='bbox 1574 661 1808 732; x_wconf 81' lang='lat' dir='ltr'>potnerit</span> <span class='ocrx_word' id='word_1_43' title='bbox 1832 657 2071 716; x_wconf 76' lang='lat' dir='ltr'>Christus</span> 
     </span>
     <span class='ocr_line' id='line_1_7' title="bbox 195 757 2071 831; baseline -0.004 -13"><span class='ocrx_word' id='word_1_44' title='bbox 195 763 354 818; x_wconf 85' lang='lat' dir='ltr'>aliam</span> <span class='ocrx_word' id='word_1_45' title='bbox 409 761 701 817; x_wconf 81' lang='lat' dir='ltr'>concedere·</span> <span class='ocrx_word' id='word_1_46' title='bbox 749 759 1121 831; x_wconf 73' lang='lat' dir='ltr'>quammaximi</span> <span class='ocrx_word' id='word_1_47' title='bbox 1166 758 1411 812; x_wconf 80' lang='lat' dir='ltr'>momenti</span> <span class='ocrx_word' id='word_1_48' title='bbox 1459 757 1897 828; x_wconf 70' lang='lat' dir='ltr'>praeroqativam,</span> <span class='ocrx_word' id='word_1_49' title='bbox 1971 772 2071 828; x_wconf 80' lang='lat' dir='ltr'>qua</span> 
     </span>
     <span class='ocr_line' id='line_1_8' title="bbox 195 852 2071 927; baseline -0.003 -13"><span class='ocrx_word' id='word_1_50' title='bbox 195 859 441 914; x_wconf 77' lang='lat' dir='ltr'>donatum</span> <span class='ocrx_word' id='word_1_51' title='bbox 479 859 638 927; x_wconf 80' lang='lat' dir='ltr'>fuisse</span> <span class='ocrx_word' id='word_1_52' title='bbox 678 854 963 911; x_wconf 80' lang='lat' dir='ltr'>Romanum</span> <span class='ocrx_word' id='word_1_53' title='bbox 1000 852 1306 923; x_wconf 76' lang='lat' dir='ltr'>Pontificem</span> <span class='ocrx_word' id='word_1_54' title='bbox 1353 853 1623 923; x_wconf 78' lang='lat' dir='ltr'>definitum</span> <span class='ocrx_word' id='word_1_55' title='bbox 1667 854 1766 925; x_wconf 72' lang='lat' dir='ltr'>ficit</span> <span class='ocrx_word' id='word_1_56' title='bbox 1813 861 1861 909; x_wconf 82' lang='lat' dir='ltr'>et</span> <span class='ocrx_word' id='word_1_57' title='bbox 1898 859 1973 909; x_wconf 75' lang='lat' dir='ltr'>est</span> <span class='ocrx_word' id='word_1_58' title='bbox 2008 853 2071 908; x_wconf 80' lang='lat' dir='ltr'>cle</span> 
     </span>
     <span class='ocr_line' id='line_1_9' title="bbox 192 946 2070 1025; baseline -0.003 -16"><span class='ocrx_word' id='word_1_59' title='bbox 192 956 315 1025; x_wconf 78' lang='lat' dir='ltr'>lide.</span> <span class='ocrx_word' id='word_1_60' title='bbox 345 985 414 995; x_wconf 92' lang='lat'><strong>—</strong></span> <span class='ocrx_word' id='word_1_61' title='bbox 442 952 713 1007; x_wconf 84' lang='lat' dir='ltr'>Nimirum</span> <span class='ocrx_word' id='word_1_62' title='bbox 755 950 823 1005; x_wconf 91' lang='lat' dir='ltr'>de</span> <span class='ocrx_word' id='word_1_63' title='bbox 859 948 967 1003; x_wconf 88' lang='lat' dir='ltr'>fide</span> <span class='ocrx_word' id='word_1_64' title='bbox 1005 953 1086 1003; x_wconf 89' lang='lat' dir='ltr'>est</span> <span class='ocrx_word' id='word_1_65' title='bbox 1124 946 1357 1003; x_wconf 88' lang='lat' dir='ltr'>Romani</span> <span class='ocrx_word' id='word_1_66' title='bbox 1396 946 1678 1004; x_wconf 86' lang='lat' dir='ltr'>Pontificis</span> <span class='ocrx_word' id='word_1_67' title='bbox 1717 949 1865 1005; x_wconf 87' lang='lat' dir='ltr'>circa</span> <span class='ocrx_word' id='word_1_68' title='bbox 1905 950 2070 1006; x_wconf 85' lang='lat' dir='ltr'>fidem</span> 
     </span>
     <span class='ocr_line' id='line_1_10' title="bbox 190 1043 2072 1120; baseline -0.002 -16"><span class='ocrx_word' id='word_1_69' title='bbox 190 1064 483 1120; x_wconf 91' lang='lat' dir='ltr'>moresque</span> <span class='ocrx_word' id='word_1_70' title='bbox 526 1063 588 1101; x_wconf 86' lang='lat' dir='ltr'>ac</span> <span class='ocrx_word' id='word_1_71' title='bbox 625 1046 934 1118; x_wconf 81' lang='lat' dir='ltr'>generalem</span> <span class='ocrx_word' id='word_1_72' title='bbox 973 1044 1325 1118; x_wconf 82' lang='lat' dir='ltr'>disciplinam</span> <span class='ocrx_word' id='word_1_73' title='bbox 1365 1043 1604 1100; x_wconf 83' lang='lat' dir='ltr'>decretis</span> <span class='ocrx_word' id='word_1_74' title='bbox 1647 1046 1822 1101; x_wconf 79' lang='lat' dir='ltr'>deberi</span> <span class='ocrx_word' id='word_1_75' title='bbox 1865 1048 1927 1101; x_wconf 84' lang='lat' dir='ltr'>ab</span> <span class='ocrx_word' id='word_1_76' title='bbox 1964 1065 2072 1102; x_wconf 87' lang='lat' dir='ltr'>om-</span> 
     </span>
     <span class='ocr_line' id='line_1_11' title="bbox 186 1141 2071 1206; baseline 0 -8"><span class='ocrx_word' id='word_1_77' title='bbox 186 1146 331 1199; x_wconf 80' lang='lat' dir='ltr'>nibus</span> <span class='ocrx_word' id='word_1_78' title='bbox 378 1145 748 1206; x_wconf 77' lang='lat' dir='ltr'>obeclientiam;</span> <span class='ocrx_word' id='word_1_79' title='bbox 798 1159 899 1198; x_wconf 90' lang='lat' dir='ltr'>nec</span> <span class='ocrx_word' id='word_1_80' title='bbox 934 1141 1189 1198; x_wconf 86' lang='lat' dir='ltr'>sufficere</span> <span class='ocrx_word' id='word_1_81' title='bbox 1228 1141 1597 1197; x_wconf 84' lang='lat' dir='ltr'>obedientiam</span> <span class='ocrx_word' id='word_1_82' title='bbox 1647 1147 1929 1198; x_wconf 85' lang='lat' dir='ltr'>externam</span> <span class='ocrx_word' id='word_1_83' title='bbox 1973 1161 2071 1200; x_wconf 90' lang='lat' dir='ltr'>seu</span> 
     </span>
     <span class='ocr_line' id='line_1_12' title="bbox 187 1239 2068 1312; baseline -0.001 -16"><span class='ocrx_word' id='word_1_84' title='bbox 187 1241 379 1296; x_wconf 79' lang='lat' dir='ltr'>silentii</span> <span class='ocrx_word' id='word_1_85' title='bbox 411 1243 715 1312; x_wconf 73' lang='lat' dir='ltr'>obsequiosi,</span> <span class='ocrx_word' id='word_1_86' title='bbox 752 1241 847 1295; x_wconf 87' lang='lat' dir='ltr'>sed</span> <span class='ocrx_word' id='word_1_87' title='bbox 886 1240 1114 1296; x_wconf 88' lang='lat' dir='ltr'>omnino</span> <span class='ocrx_word' id='word_1_88' title='bbox 1151 1239 1360 1312; x_wconf 84' lang='lat' dir='ltr'>requiri</span> <span class='ocrx_word' id='word_1_89' title='bbox 1404 1241 1663 1294; x_wconf 80' lang='lat' dir='ltr'>internam</span> <span class='ocrx_word' id='word_1_90' title='bbox 1697 1245 1751 1294; x_wconf 89' lang='lat' dir='ltr'>et</span> <span class='ocrx_word' id='word_1_91' title='bbox 1781 1259 1847 1295; x_wconf 81' lang='lat' dir='ltr'>ex</span> <span class='ocrx_word' id='word_1_92' title='bbox 1874 1243 2068 1296; x_wconf 79' lang='lat' dir='ltr'>animo,</span> 
     </span>
     <span class='ocr_line' id='line_1_13' title="bbox 187 1336 2074 1410; baseline -0.001 -18"><span class='ocrx_word' id='word_1_93' title='bbox 187 1338 245 1394; x_wconf 94' lang='lat' dir='ltr'>Id</span> <span class='ocrx_word' id='word_1_94' title='bbox 269 1356 380 1393; x_wconf 92' lang='lat' dir='ltr'>non</span> <span class='ocrx_word' id='word_1_95' title='bbox 406 1345 606 1410; x_wconf 84' lang='lat' dir='ltr'>negant</span> <span class='ocrx_word' id='word_1_96' title='bbox 635 1337 938 1393; x_wconf 80' lang='lat' dir='ltr'>adversarii</span> <span class='ocrx_word' id='word_1_97' title='bbox 970 1355 1108 1409; x_wconf 88' lang='lat' dir='ltr'>quos</span> <span class='ocrx_word' id='word_1_98' title='bbox 1142 1337 1230 1392; x_wconf 90' lang='lat' dir='ltr'>hic</span> <span class='ocrx_word' id='word_1_99' title='bbox 1259 1338 1638 1407; x_wconf 77' lang='lat' dir='ltr'>confutamUS‚</span> <span class='ocrx_word' id='word_1_100' title='bbox 1670 1354 1923 1410; x_wconf 89' lang='lat' dir='ltr'>quosque</span> <span class='ocrx_word' id='word_1_101' title='bbox 1955 1336 2074 1393; x_wconf 79' lang='lat' dir='ltr'>Gal-</span> 
     </span>
     <span class='ocr_line' id='line_1_14' title="bbox 191 1432 2075 1506; baseline -0.002 -17"><span class='ocrx_word' id='word_1_102' title='bbox 191 1436 388 1489; x_wconf 79' lang='lat' dir='ltr'>licanos</span> <span class='ocrx_word' id='word_1_103' title='bbox 413 1452 693 1489; x_wconf 63' lang='lat' dir='ltr'>vocamus</span> <span class='ocrx_word' id='word_1_104' title='bbox 723 1433 775 1488; x_wconf 88' lang='lat' dir='ltr'>Si</span> <span class='ocrx_word' id='word_1_105' title='bbox 804 1439 1087 1506; x_wconf 80' lang='lat' dir='ltr'>negarent,</span> <span class='ocrx_word' id='word_1_106' title='bbox 1115 1451 1227 1489; x_wconf 92' lang='lat' dir='ltr'>non</span> <span class='ocrx_word' id='word_1_107' title='bbox 1253 1433 1518 1488; x_wconf 89' lang='lat' dir='ltr'>Gallicani</span> <span class='ocrx_word' id='word_1_108' title='bbox 1546 1433 1857 1500; x_wconf 81' lang='lat' dir='ltr'>dumtaxat,</span> <span class='ocrx_word' id='word_1_109' title='bbox 1897 1432 1992 1488; x_wconf 90' lang='lat' dir='ltr'>sed</span> <span class='ocrx_word' id='word_1_110' title='bbox 2022 1437 2075 1486; x_wconf 90' lang='lat' dir='ltr'>et</span> 
     </span>
     <span class='ocr_line' id='line_1_15' title="bbox 191 1531 2079 1604; baseline -0.002 -17"><span class='ocrx_word' id='word_1_111' title='bbox 191 1531 512 1587; x_wconf 75' lang='lat' dir='ltr'>Jansenistae</span> <span class='ocrx_word' id='word_1_112' title='bbox 545 1550 607 1587; x_wconf 92' lang='lat' dir='ltr'>ac</span> <span class='ocrx_word' id='word_1_113' title='bbox 636 1531 875 1587; x_wconf 83' lang='lat' dir='ltr'>baeretici</span> <span class='ocrx_word' id='word_1_114' title='bbox 907 1531 1123 1587; x_wconf 89' lang='lat' dir='ltr'>dicendi</span> <span class='ocrx_word' id='word_1_115' title='bbox 1151 1532 1350 1587; x_wconf 87' lang='lat' dir='ltr'>forent.</span> <span class='ocrx_word' id='word_1_116' title='bbox 1382 1531 1577 1604; x_wconf 88' lang='lat' dir='ltr'>Opinio</span> <span class='ocrx_word' id='word_1_117' title='bbox 1602 1531 1751 1588; x_wconf 92' lang='lat' dir='ltr'>enim</span> <span class='ocrx_word' id='word_1_118' title='bbox 1780 1548 1903 1603; x_wconf 84' lang='lat' dir='ltr'>quae</span> <span class='ocrx_word' id='word_1_119' title='bbox 1925 1536 2079 1585; x_wconf 88' lang='lat' dir='ltr'>tene·</span> 
     </span>
     <span class='ocr_line' id='line_1_16' title="bbox 192 1627 2076 1702; baseline -0.001 -19"><span class='ocrx_word' id='word_1_120' title='bbox 192 1629 306 1696; x_wconf 84' lang='lat' dir='ltr'>bat,</span> <span class='ocrx_word' id='word_1_121' title='bbox 342 1629 635 1702; x_wconf 86' lang='lat' dir='ltr'>papalibus</span> <span class='ocrx_word' id='word_1_122' title='bbox 670 1628 1102 1697; x_wconf 73' lang='lat' dir='ltr'>delinitionibuS,</span> <span class='ocrx_word' id='word_1_123' title='bbox 1145 1635 1442 1702; x_wconf 84' lang='lat' dir='ltr'>antequam</span> <span class='ocrx_word' id='word_1_124' title='bbox 1489 1629 1774 1686; x_wconf 83' lang='lat' dir='ltr'>accederet</span> <span class='ocrx_word' id='word_1_125' title='bbox 1805 1627 2076 1684; x_wconf 89' lang='lat' dir='ltr'>Ecclesia-</span> 
     </span>
     <span class='ocr_line' id='line_1_17' title="bbox 191 1723 2072 1797; baseline -0.001 -18"><span class='ocrx_word' id='word_1_126' title='bbox 191 1742 317 1780; x_wconf 87' lang='lat' dir='ltr'>rum</span> <span class='ocrx_word' id='word_1_127' title='bbox 353 1742 676 1797; x_wconf 84' lang='lat' dir='ltr'>consensus,</span> <span class='ocrx_word' id='word_1_128' title='bbox 718 1725 993 1781; x_wconf 90' lang='lat' dir='ltr'>internam</span> <span class='ocrx_word' id='word_1_129' title='bbox 1036 1726 1405 1782; x_wconf 87' lang='lat' dir='ltr'>obedientiam</span> <span class='ocrx_word' id='word_1_130' title='bbox 1444 1744 1557 1782; x_wconf 91' lang='lat' dir='ltr'>non</span> <span class='ocrx_word' id='word_1_131' title='bbox 1602 1725 1813 1792; x_wconf 83' lang='lat' dir='ltr'>deberi,</span> <span class='ocrx_word' id='word_1_132' title='bbox 1864 1742 1894 1778; x_wconf 89' lang='lat' dir='ltr'>a</span> <span class='ocrx_word' id='word_1_133' title='bbox 1936 1723 2072 1780; x_wconf 89' lang='lat' dir='ltr'>Sede</span> 
     </span>
     <span class='ocr_line' id='line_1_18' title="bbox 190 1820 2076 1894; baseline -0.001 -17"><span class='ocrx_word' id='word_1_134' title='bbox 190 1822 485 1894; x_wconf 88' lang='lat' dir='ltr'>apostolica</span> <span class='ocrx_word' id='word_1_135' title='bbox 518 1822 835 1878; x_wconf 89' lang='lat' dir='ltr'>solemniter</span> <span class='ocrx_word' id='word_1_136' title='bbox 860 1823 1226 1878; x_wconf 90' lang='lat' dir='ltr'>condemnata</span> <span class='ocrx_word' id='word_1_137' title='bbox 1260 1829 1360 1886; x_wconf 88' lang='lat' dir='ltr'>est;</span> <span class='ocrx_word' id='word_1_138' title='bbox 1407 1830 1458 1878; x_wconf 91' lang='lat' dir='ltr'>et</span> <span class='ocrx_word' id='word_1_139' title='bbox 1482 1821 1776 1878; x_wconf 83' lang='lat' dir='ltr'>Pontificiae</span> <span class='ocrx_word' id='word_1_140' title='bbox 1808 1820 2076 1876; x_wconf 87' lang='lat' dir='ltr'>constitu-</span> 
     </span>
     <span class='ocr_line' id='line_1_19' title="bbox 188 1917 2071 1993; baseline 0 -21"><span class='ocrx_word' id='word_1_141' title='bbox 188 1918 368 1973; x_wconf 92' lang='lat' dir='ltr'>tiones</span> <span class='ocrx_word' id='word_1_142' title='bbox 411 1918 926 1975; x_wconf 88' lang='lat' dir='ltr'>condemnationem</span> <span class='ocrx_word' id='word_1_143' title='bbox 954 1919 1105 1973; x_wconf 86' lang='lat' dir='ltr'>illam</span> <span class='ocrx_word' id='word_1_144' title='bbox 1128 1918 1548 1993; x_wconf 88' lang='lat' dir='ltr'>pronuntiantes</span> <span class='ocrx_word' id='word_1_145' title='bbox 1566 1917 1897 1992; x_wconf 86' lang='lat' dir='ltr'>jamdudum</span> <span class='ocrx_word' id='word_1_146' title='bbox 1925 1917 2071 1991; x_wconf 86' lang='lat' dir='ltr'>apud</span> 
     </span>
     <span class='ocr_line' id='line_1_20' title="bbox 187 2014 2071 2089; baseline -0.001 -20"><span class='ocrx_word' id='word_1_147' title='bbox 187 2031 378 2070; x_wconf 90' lang='lat' dir='ltr'>omnes</span> <span class='ocrx_word' id='word_1_148' title='bbox 416 2014 671 2070; x_wconf 86' lang='lat' dir='ltr'>catholici</span> <span class='ocrx_word' id='word_1_149' title='bbox 714 2014 862 2070; x_wconf 87' lang='lat' dir='ltr'>orbis</span> <span class='ocrx_word' id='word_1_150' title='bbox 908 2015 1178 2071; x_wconf 86' lang='lat' dir='ltr'>Ecclesias</span> <span class='ocrx_word' id='word_1_151' title='bbox 1228 2020 1458 2089; x_wconf 85' lang='lat' dir='ltr'>receptae</span> <span class='ocrx_word' id='word_1_152' title='bbox 1513 2020 1665 2071; x_wconf 79' lang='lat' dir='ltr'>sunt.</span> <span class='ocrx_word' id='word_1_153' title='bbox 1709 2014 1861 2070; x_wconf 91' lang='lat' dir='ltr'>Unde</span> <span class='ocrx_word' id='word_1_154' title='bbox 1903 2014 2071 2070; x_wconf 90' lang='lat' dir='ltr'>etiam</span> 
     </span>
     <span class='ocr_line' id='line_1_21' title="bbox 168 2110 2072 2185; baseline 0 -21"><span class='ocrx_word' id='word_1_155' title='bbox 168 2117 169 2120; x_wconf 75' lang='grc'>’</span> <span class='ocrx_word' id='word_1_156' title='bbox 184 2110 338 2182; x_wconf 85' lang='lat' dir='ltr'>juxta</span> <span class='ocrx_word' id='word_1_157' title='bbox 386 2111 650 2165; x_wconf 90' lang='lat' dir='ltr'>Gallicani</span> <span class='ocrx_word' id='word_1_158' title='bbox 697 2111 1008 2185; x_wconf 74' lang='lat' dir='ltr'>systematis</span> <span class='ocrx_word' id='word_1_159' title='bbox 1050 2111 1354 2185; x_wconf 84' lang='lat' dir='ltr'>principia,</span> <span class='ocrx_word' id='word_1_160' title='bbox 1397 2112 1462 2166; x_wconf 91' lang='lat' dir='ltr'>de</span> <span class='ocrx_word' id='word_1_161' title='bbox 1506 2111 1614 2166; x_wconf 87' lang='lat' dir='ltr'>fide</span> <span class='ocrx_word' id='word_1_162' title='bbox 1657 2118 1740 2166; x_wconf 90' lang='lat' dir='ltr'>est</span> <span class='ocrx_word' id='word_1_163' title='bbox 1775 2111 2072 2181; x_wconf 77' lang='lat' dir='ltr'>Pontificiis</span> 
     </span>
     <span class='ocr_line' id='line_1_22' title="bbox 193 2207 2074 2276; baseline 0.002 -16"><span class='ocrx_word' id='word_1_164' title='bbox 193 2207 570 2276; x_wconf 77' lang='lat' dir='ltr'>definitionibus</span> <span class='ocrx_word' id='word_1_165' title='bbox 598 2210 769 2262; x_wconf 79' lang='lat' dir='ltr'>deberi</span> <span class='ocrx_word' id='word_1_166' title='bbox 793 2211 963 2262; x_wconf 81' lang='lat' dir='ltr'>statim</span> <span class='ocrx_word' id='word_1_167' title='bbox 1008 2210 1070 2262; x_wconf 81' lang='lat' dir='ltr'>ab</span> <span class='ocrx_word' id='word_1_168' title='bbox 1103 2211 1334 2262; x_wconf 78' lang='lat' dir='ltr'>omnibus</span> <span class='ocrx_word' id='word_1_169' title='bbox 1370 2227 1545 2264; x_wconf 77' lang='lat' dir='ltr'>veram</span> <span class='ocrx_word' id='word_1_170' title='bbox 1579 2227 1638 2263; x_wconf 84' lang='lat' dir='ltr'>ac</span> <span class='ocrx_word' id='word_1_171' title='bbox 1668 2212 1923 2264; x_wconf 78' lang='lat' dir='ltr'>internam</span> <span class='ocrx_word' id='word_1_172' title='bbox 1959 2210 2074 2263; x_wconf 86' lang='lat' dir='ltr'>obe-</span> 
     </span>
     <span class='ocr_line' id='line_1_23' title="bbox 197 2302 2075 2378; baseline 0.002 -22"><span class='ocrx_word' id='word_1_173' title='bbox 197 2302 457 2369; x_wconf 80' lang='lat' dir='ltr'>dientiam,</span> <span class='ocrx_word' id='word_1_174' title='bbox 493 2320 592 2357; x_wconf 91' lang='lat' dir='ltr'>nec</span> <span class='ocrx_word' id='word_1_175' title='bbox 620 2320 783 2376; x_wconf 87' lang='lat' dir='ltr'>posse</span> <span class='ocrx_word' id='word_1_176' title='bbox 804 2303 1177 2358; x_wconf 89' lang='lat' dir='ltr'>obedientiam</span> <span class='ocrx_word' id='word_1_177' title='bbox 1204 2304 1357 2360; x_wconf 91' lang='lat' dir='ltr'>illam</span> <span class='ocrx_word' id='word_1_178' title='bbox 1393 2305 1649 2376; x_wconf 81' lang='lat' dir='ltr'>denegari</span> <span class='ocrx_word' id='word_1_179' title='bbox 1676 2305 1780 2360; x_wconf 86' lang='lat' dir='ltr'>sub</span> <span class='ocrx_word' id='word_1_180' title='bbox 1806 2309 2075 2378; x_wconf 75' lang='lat' dir='ltr'>praetextu</span> 
     </span>
     <span class='ocr_line' id='line_1_24' title="bbox 197 2400 2077 2479; baseline 0.002 -25"><span class='ocrx_word' id='word_1_181' title='bbox 197 2400 342 2472; x_wconf 91' lang='lat' dir='ltr'>quod</span> <span class='ocrx_word' id='word_1_182' title='bbox 372 2401 619 2455; x_wconf 88' lang='lat' dir='ltr'>nondum</span> <span class='ocrx_word' id='word_1_183' title='bbox 656 2405 865 2456; x_wconf 88' lang='lat' dir='ltr'>constet</span> <span class='ocrx_word' id='word_1_184' title='bbox 902 2400 969 2455; x_wconf 90' lang='lat' dir='ltr'>de</span> <span class='ocrx_word' id='word_1_185' title='bbox 1005 2401 1376 2458; x_wconf 87' lang='lat' dir='ltr'>Ecclesiarum</span> <span class='ocrx_word' id='word_1_186' title='bbox 1413 2422 1511 2460; x_wconf 89' lang='lat' dir='ltr'>seu</span> <span class='ocrx_word' id='word_1_187' title='bbox 1549 2404 1946 2479; x_wconf 87' lang='lat' dir='ltr'>Episcoporum</span> <span class='ocrx_word' id='word_1_188' title='bbox 1977 2419 2077 2476; x_wconf 86' lang='lat' dir='ltr'>per</span> 
     </span>
     <span class='ocr_line' id='line_1_25' title="bbox 197 2497 2070 2570; baseline 0.002 -19"><span class='ocrx_word' id='word_1_189' title='bbox 197 2497 385 2551; x_wconf 83' lang='lat' dir='ltr'>orbem</span> <span class='ocrx_word' id='word_1_190' title='bbox 423 2497 803 2570; x_wconf 87' lang='lat' dir='ltr'>dispersorum</span> <span class='ocrx_word' id='word_1_191' title='bbox 841 2515 1136 2554; x_wconf 82' lang='lat' dir='ltr'>consensu,</span> <span class='ocrx_word' id='word_1_192' title='bbox 1178 2500 1411 2556; x_wconf 89' lang='lat' dir='ltr'>Proinde</span> <span class='ocrx_word' id='word_1_193' title='bbox 1452 2500 1679 2556; x_wconf 90' lang='lat' dir='ltr'>omnino</span> <span class='ocrx_word' id='word_1_194' title='bbox 1726 2501 1791 2556; x_wconf 89' lang='lat' dir='ltr'>de</span> <span class='ocrx_word' id='word_1_195' title='bbox 1823 2500 1929 2555; x_wconf 84' lang='lat' dir='ltr'>tide</span> <span class='ocrx_word' id='word_1_196' title='bbox 1965 2506 2070 2568; x_wconf 86' lang='lat' dir='ltr'>est,</span> 
     </span>
     <span class='ocr_line' id='line_1_26' title="bbox 196 2593 2072 2672; baseline 0.002 -25"><span class='ocrx_word' id='word_1_197' title='bbox 196 2593 441 2649; x_wconf 88' lang='lat' dir='ltr'>Romano</span> <span class='ocrx_word' id='word_1_198' title='bbox 480 2595 724 2650; x_wconf 83' lang='lat' dir='ltr'>Pontifici</span> <span class='ocrx_word' id='word_1_199' title='bbox 763 2595 1019 2651; x_wconf 89' lang='lat' dir='ltr'>collatam</span> <span class='ocrx_word' id='word_1_200' title='bbox 1067 2616 1096 2653; x_wconf 95' lang='lat' dir='ltr'>a</span> <span class='ocrx_word' id='word_1_201' title='bbox 1138 2597 1350 2654; x_wconf 88' lang='lat' dir='ltr'>Christo</span> <span class='ocrx_word' id='word_1_202' title='bbox 1385 2599 1558 2655; x_wconf 87' lang='lat' dir='ltr'>fuisse</span> <span class='ocrx_word' id='word_1_203' title='bbox 1592 2599 1751 2655; x_wconf 72' lang='lat' dir='ltr'>dictae</span> <span class='ocrx_word' id='word_1_204' title='bbox 1786 2598 2072 2672; x_wconf 89' lang='lat' dir='ltr'>potestatis</span> 
     </span>
     <span class='ocr_line' id='line_1_27' title="bbox 196 2691 2074 2771; baseline 0.004 -27"><span class='ocrx_word' id='word_1_205' title='bbox 196 2691 630 2764; x_wconf 64' lang='lat' dir='ltr'>praerogativam,</span> <span class='ocrx_word' id='word_1_206' title='bbox 656 2692 707 2747; x_wconf 90' lang='lat' dir='ltr'>vi</span> <span class='ocrx_word' id='word_1_207' title='bbox 734 2693 894 2766; x_wconf 86' lang='lat' dir='ltr'>cujus</span> <span class='ocrx_word' id='word_1_208' title='bbox 922 2694 1128 2750; x_wconf 89' lang='lat' dir='ltr'>scilicet</span> <span class='ocrx_word' id='word_1_209' title='bbox 1156 2696 1373 2769; x_wconf 79' lang='lat' dir='ltr'>exigere</span> <span class='ocrx_word' id='word_1_210' title='bbox 1403 2703 1577 2771; x_wconf 90' lang='lat' dir='ltr'>potest</span> <span class='ocrx_word' id='word_1_211' title='bbox 1605 2715 1791 2753; x_wconf 70' lang='lat' dir='ltr'>veram</span> <span class='ocrx_word' id='word_1_212' title='bbox 1817 2716 1879 2753; x_wconf 88' lang='lat' dir='ltr'>ac</span> <span class='ocrx_word' id='word_1_213' title='bbox 1904 2697 2074 2752; x_wconf 83' lang='lat' dir='ltr'>inter—</span> 
     </span>
     <span class='ocr_line' id='line_1_28' title="bbox 196 2787 1332 2851; baseline 0.01 -12"><span class='ocrx_word' id='word_1_214' title='bbox 196 2802 326 2840; x_wconf 90' lang='lat' dir='ltr'>nam</span> <span class='ocrx_word' id='word_1_215' title='bbox 352 2787 764 2845; x_wconf 87' lang='lat' dir='ltr'>detinitionibus</span> <span class='ocrx_word' id='word_1_216' title='bbox 796 2790 913 2846; x_wconf 88' lang='lat' dir='ltr'>suis</span> <span class='ocrx_word' id='word_1_217' title='bbox 938 2791 1332 2851; x_wconf 89' lang='lat' dir='ltr'>obedientiam.</span> 
     </span>
    </p>

    <p class='ocr_par' dir='ltr' id='par_1_4' title="bbox 128 2882 2084 3648">
     <span class='ocr_line' id='line_1_29' title="bbox 271 2882 2084 2962; baseline 0.006 -26"><span class='ocrx_word' id='word_1_218' title='bbox 271 2882 389 2937; x_wconf 85' lang='lat' dir='ltr'>Jam</span> <span class='ocrx_word' id='word_1_219' title='bbox 429 2902 553 2940; x_wconf 75' lang='lat' dir='ltr'>vero</span> <span class='ocrx_word' id='word_1_220' title='bbox 593 2887 760 2942; x_wconf 90' lang='lat' dir='ltr'>talem</span> <span class='ocrx_word' id='word_1_221' title='bbox 807 2890 1224 2962; x_wconf 83' lang='lat' dir='ltr'>praerogativam</span> <span class='ocrx_word' id='word_1_222' title='bbox 1253 2892 1497 2948; x_wconf 86' lang='lat' dir='ltr'>Romano</span> <span class='ocrx_word' id='word_1_223' title='bbox 1533 2892 1783 2948; x_wconf 84' lang='lat' dir='ltr'>Pontifici</span> <span class='ocrx_word' id='word_1_224' title='bbox 1824 2893 2084 2947; x_wconf 78' lang='lat' dir='ltr'>conferre</span> 
     </span>
     <span class='ocr_line' id='line_1_30' title="bbox 200 2980 2074 3061; baseline 0.006 -30"><span class='ocrx_word' id='word_1_225' title='bbox 200 2994 309 3032; x_wconf 93' lang='lat' dir='ltr'>non</span> <span class='ocrx_word' id='word_1_226' title='bbox 327 2980 504 3051; x_wconf 81' lang='lat' dir='ltr'>potuit</span> <span class='ocrx_word' id='word_1_227' title='bbox 523 2981 793 3053; x_wconf 83' lang='lat' dir='ltr'>Christus,</span> <span class='ocrx_word' id='word_1_228' title='bbox 813 2985 922 3040; x_wconf 92' lang='lat' dir='ltr'>nisi</span> <span class='ocrx_word' id='word_1_229' title='bbox 942 2986 1113 3041; x_wconf 92' lang='lat' dir='ltr'>simul</span> <span class='ocrx_word' id='word_1_230' title='bbox 1131 2994 1184 3043; x_wconf 92' lang='lat' dir='ltr'>et</span> <span class='ocrx_word' id='word_1_231' title='bbox 1210 2988 1627 3044; x_wconf 83' lang='lat' dir='ltr'>infallibilitatis</span> <span class='ocrx_word' id='word_1_232' title='bbox 1653 2988 2074 3061; x_wconf 67' lang='lat' dir='ltr'>praerogativam</span> 
     </span>
     <span class='ocr_line' id='line_1_31' title="bbox 128 3075 2072 3159; baseline 0.007 -30"><span class='ocrx_word' id='word_1_233' title='bbox 128 3103 147 3120; x_wconf 69' lang='grc' dir='ltr'><strong>ο</strong></span> <span class='ocrx_word' id='word_1_234' title='bbox 199 3075 512 3131; x_wconf 88' lang='lat' dir='ltr'>contulerit.</span> <span class='ocrx_word' id='word_1_235' title='bbox 543 3077 659 3132; x_wconf 91' lang='lat' dir='ltr'>Non</span> <span class='ocrx_word' id='word_1_236' title='bbox 688 3080 837 3135; x_wconf 92' lang='lat' dir='ltr'>enim</span> <span class='ocrx_word' id='word_1_237' title='bbox 872 3083 1052 3154; x_wconf 87' lang='lat' dir='ltr'>potuit</span> <span class='ocrx_word' id='word_1_238' title='bbox 1082 3084 1330 3141; x_wconf 90' lang='lat' dir='ltr'>Christus</span> <span class='ocrx_word' id='word_1_239' title='bbox 1363 3086 1551 3141; x_wconf 86' lang='lat' dir='ltr'>fideles</span> <span class='ocrx_word' id='word_1_240' title='bbox 1582 3103 1773 3141; x_wconf 90' lang='lat' dir='ltr'>omnes</span> <span class='ocrx_word' id='word_1_241' title='bbox 1807 3085 2072 3159; x_wconf 86' lang='lat' dir='ltr'>obligatos</span> 
     </span>
     <span class='ocr_line' id='line_1_32' title="bbox 198 3170 2071 3252; baseline 0.007 -28"><span class='ocrx_word' id='word_1_242' title='bbox 198 3170 335 3224; x_wconf 78' lang='lat' dir='ltr'>velle</span> <span class='ocrx_word' id='word_1_243' title='bbox 382 3170 448 3225; x_wconf 92' lang='lat' dir='ltr'>ad</span> <span class='ocrx_word' id='word_1_244' title='bbox 491 3170 856 3229; x_wconf 90' lang='lat' dir='ltr'>obediendum</span> <span class='ocrx_word' id='word_1_245' title='bbox 899 3174 1332 3249; x_wconf 84' lang='lat' dir='ltr'>definitionibus,</span> <span class='ocrx_word' id='word_1_246' title='bbox 1371 3179 1576 3252; x_wconf 87' lang='lat' dir='ltr'>quibus</span> <span class='ocrx_word' id='word_1_247' title='bbox 1616 3180 1898 3235; x_wconf 90' lang='lat' dir='ltr'>Romanus</span> <span class='ocrx_word' id='word_1_248' title='bbox 1936 3181 2071 3237; x_wconf 91' lang='lat' dir='ltr'>Pon-</span> 
     </span>
     <span class='ocr_line' id='line_1_33' title="bbox 199 3266 2070 3351; baseline 0.007 -30"><span class='ocrx_word' id='word_1_249' title='bbox 199 3266 330 3322; x_wconf 84' lang='lat' dir='ltr'>tifex</span> <span class='ocrx_word' id='word_1_250' title='bbox 363 3284 604 3323; x_wconf 89' lang='lat' dir='ltr'>errorem</span> <span class='ocrx_word' id='word_1_251' title='bbox 647 3267 903 3325; x_wconf 81' lang='lat' dir='ltr'>definiret</span> <span class='ocrx_word' id='word_1_252' title='bbox 936 3276 989 3326; x_wconf 88' lang='lat' dir='ltr'>et</span> <span class='ocrx_word' id='word_1_253' title='bbox 1026 3273 1364 3330; x_wconf 89' lang='lat' dir='ltr'>credendum</span> <span class='ocrx_word' id='word_1_254' title='bbox 1406 3276 1747 3351; x_wconf 84' lang='lat' dir='ltr'>praeciperet.</span> <span class='ocrx_word' id='word_1_255' title='bbox 1784 3277 1892 3334; x_wconf 88' lang='lat' dir='ltr'>lloc</span> <span class='ocrx_word' id='word_1_256' title='bbox 1923 3279 2070 3335; x_wconf 90' lang='lat' dir='ltr'>enim</span> 
     </span>
     <span class='ocr_line' id='line_1_34' title="bbox 197 3360 2071 3448; baseline 0.009 -33"><span class='ocrx_word' id='word_1_257' title='bbox 197 3360 335 3418; x_wconf 86' lang='lat' dir='ltr'>foret</span> <span class='ocrx_word' id='word_1_258' title='bbox 378 3362 631 3418; x_wconf 89' lang='lat' dir='ltr'>homines</span> <span class='ocrx_word' id='word_1_259' title='bbox 668 3362 935 3435; x_wconf 86' lang='lat' dir='ltr'>obligatos</span> <span class='ocrx_word' id='word_1_260' title='bbox 959 3365 1097 3422; x_wconf 80' lang='lat' dir='ltr'>velle</span> <span class='ocrx_word' id='word_1_261' title='bbox 1131 3369 1199 3424; x_wconf 89' lang='lat' dir='ltr'>ad</span> <span class='ocrx_word' id='word_1_262' title='bbox 1225 3370 1563 3427; x_wconf 91' lang='lat' dir='ltr'>credendum</span> <span class='ocrx_word' id='word_1_263' title='bbox 1596 3373 1792 3440; x_wconf 88' lang='lat' dir='ltr'>errori;</span> <span class='ocrx_word' id='word_1_264' title='bbox 1833 3392 1954 3448; x_wconf 85' lang='lat' dir='ltr'>quae</span> <span class='ocrx_word' id='word_1_265' title='bbox 1979 3393 2071 3431; x_wconf 82' lang='lat' dir='ltr'>vo-</span> 
     </span>
     <span class='ocr_line' id='line_1_35' title="bbox 197 3456 2072 3539; baseline 0.01 -28"><span class='ocrx_word' id='word_1_266' title='bbox 197 3456 382 3514; x_wconf 89' lang='lat' dir='ltr'>luntas</span> <span class='ocrx_word' id='word_1_267' title='bbox 415 3458 471 3513; x_wconf 91' lang='lat' dir='ltr'>in</span> <span class='ocrx_word' id='word_1_268' title='bbox 505 3459 608 3514; x_wconf 90' lang='lat' dir='ltr'>Deo</span> <span class='ocrx_word' id='word_1_269' title='bbox 649 3476 875 3533; x_wconf 88' lang='lat' dir='ltr'>prorsus</span> <span class='ocrx_word' id='word_1_270' title='bbox 909 3470 1198 3536; x_wconf 87' lang='lat' dir='ltr'>repugnat.</span> <span class='ocrx_word' id='word_1_271' title='bbox 1238 3465 1375 3539; x_wconf 88' lang='lat' dir='ltr'>Ergo</span> <span class='ocrx_word' id='word_1_272' title='bbox 1410 3468 1455 3524; x_wconf 88' lang='lat' dir='ltr'>si</span> <span class='ocrx_word' id='word_1_273' title='bbox 1488 3469 1662 3527; x_wconf 81' lang='lat' dir='ltr'>voluit</span> <span class='ocrx_word' id='word_1_274' title='bbox 1695 3470 1944 3530; x_wconf 88' lang='lat' dir='ltr'>Christus</span> <span class='ocrx_word' id='word_1_275' title='bbox 1968 3472 2072 3530; x_wconf 89' lang='lat' dir='ltr'>Ro·</span> 
     </span>
     <span class='ocr_line' id='line_1_36' title="bbox 196 3555 2069 3648; baseline 0.01 -38"><span class='ocrx_word' id='word_1_276' title='bbox 196 3571 423 3611; x_wconf 88' lang='lat' dir='ltr'>manum</span> <span class='ocrx_word' id='word_1_277' title='bbox 455 3555 766 3615; x_wconf 83' lang='lat' dir='ltr'>Pontificem</span> <span class='ocrx_word' id='word_1_278' title='bbox 810 3559 911 3616; x_wconf 88' lang='lat' dir='ltr'>hac</span> <span class='ocrx_word' id='word_1_279' title='bbox 947 3565 1096 3617; x_wconf 90' lang='lat' dir='ltr'>tanta</span> <span class='ocrx_word' id='word_1_280' title='bbox 1135 3566 1494 3640; x_wconf 80' lang='lat' dir='ltr'>praerogativa</span> <span class='ocrx_word' id='word_1_281' title='bbox 1532 3586 1818 3643; x_wconf 83' lang='lat' dir='ltr'>exornare,</span> <span class='ocrx_word' id='word_1_282' title='bbox 1858 3577 1923 3630; x_wconf 86' lang='lat' dir='ltr'>ut</span> <span class='ocrx_word' id='word_1_283' title='bbox 1959 3572 2069 3648; x_wconf 90' lang='lat' dir='ltr'>ipsi</span> 
     </span>
    </p>
   </div>
  </div>
 </body>
</html>
