<?xml version="1.0" encoding="UTF-8"?>
<!DOCTYPE html PUBLIC "-//W3C//DTD XHTML 1.0 Transitional//EN"
    "http://www.w3.org/TR/xhtml1/DTD/xhtml1-transitional.dtd">
<html xmlns="http://www.w3.org/1999/xhtml" xml:lang="en" lang="en">
 <head>
  <title>
</title>
<meta http-equiv="Content-Type" content="text/html;charset=utf-8" />
  <meta name='ocr-system' content='tesseract 3.04.00' />
  <meta name='ocr-capabilities' content='ocr_page ocr_carea ocr_par ocr_line ocrx_word'/>
</head>
<body>
  <div class='ocr_page' id='page_1' title='image "a548470102bouiuoft_0704.png"; bbox 0 0 2262 3990; ppageno 0'>
   <div class='ocr_carea' id='block_1_1' title="bbox 224 116 1310 172">
    <p class='ocr_par' dir='ltr' id='par_1_1' title="bbox 224 116 1310 172">
     <span class='ocr_line' id='line_1_1' title="bbox 224 116 1310 172; baseline -0.007 -2"><span class='ocrx_word' id='word_1_1' title='bbox 224 124 312 172; x_wconf 72' lang='lat'>696</span> <span class='ocrx_word' id='word_1_2' title='bbox 1046 116 1310 164; x_wconf 85' lang='lat' dir='ltr'>APPENDIX.</span> 
     </span>
    </p>
   </div>
   <div class='ocr_carea' id='block_1_2' title="bbox 147 229 2262 309">
    <p class='ocr_par' dir='ltr' id='par_1_2' title="bbox 147 229 2262 309">
     <span class='ocr_line' id='line_1_2' title="bbox 147 229 2262 309; baseline 0 -15"><span class='ocrx_word' id='word_1_3' title='bbox 147 229 151 235; x_wconf 48' lang='grc'><em>’</em></span> <span class='ocrx_word' id='word_1_4' title='bbox 220 246 520 293; x_wconf 89' lang='lat' dir='ltr'>minariorum</span> <span class='ocrx_word' id='word_1_5' title='bbox 541 240 689 288; x_wconf 82' lang='lat' dir='ltr'>Galliae</span> <span class='ocrx_word' id='word_1_6' title='bbox 713 239 997 300; x_wconf 81' lang='lat' dir='ltr'>professores</span> <span class='ocrx_word' id='word_1_7' title='bbox 1020 252 1046 285; x_wconf 91' lang='lat' dir='ltr'>a</span> <span class='ocrx_word' id='word_1_8' title='bbox 1065 237 1326 299; x_wconf 86' lang='lat' dir='ltr'>junioribus</span> <span class='ocrx_word' id='word_1_9' title='bbox 1350 239 1526 288; x_wconf 83' lang='lat' dir='ltr'>clericis</span> <span class='ocrx_word' id='word_1_10' title='bbox 1543 246 1715 291; x_wconf 90' lang='lat' dir='ltr'>attente</span> <span class='ocrx_word' id='word_1_11' title='bbox 1737 244 1828 305; x_wconf 90' lang='lat' dir='ltr'>legi</span> <span class='ocrx_word' id='word_1_12' title='bbox 1849 246 1966 294; x_wconf 89' lang='lat' dir='ltr'>dicta</span> <span class='ocrx_word' id='word_1_13' title='bbox 1994 261 2132 309; x_wconf 47' lang='lat' dir='ltr'>opus*-</span> <span class='ocrx_word' id='word_1_14' title='bbox 2196 232 2200 254; x_wconf 67' lang='lat'>³</span> <span class='ocrx_word' id='word_1_15' title='bbox 2252 266 2262 299; x_wconf 68' lang='grc' dir='ltr'><strong>ε</strong></span> 
     </span>
    </p>
   </div>
   <div class='ocr_carea' id='block_1_3' title="bbox 218 314 2262 682">
    <p class='ocr_par' dir='ltr' id='par_1_3' title="bbox 218 314 2262 459">
     <span class='ocr_line' id='line_1_3' title="bbox 218 314 2262 380; baseline 0.001 -11"><span class='ocrx_word' id='word_1_16' title='bbox 218 322 339 376; x_wconf 90' lang='lat' dir='ltr'>cula,</span> <span class='ocrx_word' id='word_1_17' title='bbox 370 319 562 367; x_wconf 90' lang='lat' dir='ltr'>dubium</span> <span class='ocrx_word' id='word_1_18' title='bbox 594 316 707 363; x_wconf 90' lang='lat' dir='ltr'>mihi</span> <span class='ocrx_word' id='word_1_19' title='bbox 731 329 827 362; x_wconf 89' lang='lat' dir='ltr'>non</span> <span class='ocrx_word' id='word_1_20' title='bbox 857 319 927 361; x_wconf 87' lang='lat' dir='ltr'>est</span> <span class='ocrx_word' id='word_1_21' title='bbox 948 327 1053 361; x_wconf 85' lang='lat' dir='ltr'>mox</span> <span class='ocrx_word' id='word_1_22' title='bbox 1085 314 1227 360; x_wconf 84' lang='lat' dir='ltr'>finem</span> <span class='ocrx_word' id='word_1_23' title='bbox 1262 314 1531 362; x_wconf 86' lang='lat' dir='ltr'>habiturum</span> <span class='ocrx_word' id='word_1_24' title='bbox 1571 331 1821 365; x_wconf 89' lang='lat' dir='ltr'>erroneum</span> <span class='ocrx_word' id='word_1_25' title='bbox 1843 321 2131 380; x_wconf 85' lang='lat' dir='ltr'>gallicanismi</span> <span class='ocrx_word' id='word_1_26' title='bbox 2255 350 2262 370; x_wconf 20' lang='grc' dir='ltr'>Δ.</span> 
     </span>
     <span class='ocr_line' id='line_1_4' title="bbox 221 389 2202 459; baseline 0.002 -15"><span class='ocrx_word' id='word_1_27' title='bbox 221 401 435 457; x_wconf 80' lang='lat' dir='ltr'>systema.</span> <span class='ocrx_word' id='word_1_28' title='bbox 466 391 615 438; x_wconf 92' lang='lat' dir='ltr'>Unum</span> <span class='ocrx_word' id='word_1_29' title='bbox 639 396 716 438; x_wconf 88' lang='lat' dir='ltr'>aut</span> <span class='ocrx_word' id='word_1_30' title='bbox 740 391 938 437; x_wconf 90' lang='lat' dir='ltr'>alterum</span> <span class='ocrx_word' id='word_1_31' title='bbox 959 404 1015 436; x_wconf 84' lang='lat' dir='ltr'>ex</span> <span class='ocrx_word' id='word_1_32' title='bbox 1041 389 1186 450; x_wconf 91' lang='lat' dir='ltr'>ipsius</span> <span class='ocrx_word' id='word_1_33' title='bbox 1211 392 1493 451; x_wconf 81' lang='lat' dir='ltr'>argumentis</span> <span class='ocrx_word' id='word_1_34' title='bbox 1527 392 1577 439; x_wconf 91' lang='lat' dir='ltr'>in</span> <span class='ocrx_word' id='word_1_35' title='bbox 1601 394 1807 445; x_wconf 86' lang='lat' dir='ltr'>medium</span> <span class='ocrx_word' id='word_1_36' title='bbox 1835 397 2130 459; x_wconf 67' lang='lat' dir='ltr'>proferamus,</span> <span class='ocrx_word' id='word_1_37' title='bbox 2200 400 2202 426; x_wconf 76' lang='lat'>³</span> 
     </span>
    </p>

    <p class='ocr_par' dir='ltr' id='par_1_4' title="bbox 218 466 2209 682">
     <span class='ocr_line' id='line_1_5' title="bbox 218 466 2135 529; baseline 0.002 -12"><span class='ocrx_word' id='word_1_38' title='bbox 218 477 271 518; x_wconf 82' lang='lat' dir='ltr'>ut</span> <span class='ocrx_word' id='word_1_39' title='bbox 293 470 439 516; x_wconf 85' lang='lat' dir='ltr'>videat</span> <span class='ocrx_word' id='word_1_40' title='bbox 465 469 608 515; x_wconf 86' lang='lat' dir='ltr'>lector</span> <span class='ocrx_word' id='word_1_41' title='bbox 641 472 812 529; x_wconf 90' lang='lat' dir='ltr'>quanta</span> <span class='ocrx_word' id='word_1_42' title='bbox 835 467 975 514; x_wconf 91' lang='lat' dir='ltr'>simul</span> <span class='ocrx_word' id='word_1_43' title='bbox 1003 466 1295 526; x_wconf 82' lang='lat' dir='ltr'>simplicitate</span> <span class='ocrx_word' id='word_1_44' title='bbox 1324 482 1377 515; x_wconf 90' lang='lat' dir='ltr'>ac</span> <span class='ocrx_word' id='word_1_45' title='bbox 1407 469 1450 515; x_wconf 90' lang='lat' dir='ltr'>vi</span> <span class='ocrx_word' id='word_1_46' title='bbox 1486 469 1702 529; x_wconf 90' lang='lat' dir='ltr'>polleant.</span> <span class='ocrx_word' id='word_1_47' title='bbox 1735 471 1795 518; x_wconf 85' lang='lat' dir='ltr'>Ex</span> <span class='ocrx_word' id='word_1_48' title='bbox 1815 471 2135 525; x_wconf 86' lang='lat' dir='ltr'>Gallicanorum</span> 
     </span>
     <span class='ocr_line' id='line_1_6' title="bbox 221 542 2209 612; baseline 0.005 -20"><span class='ocrx_word' id='word_1_49' title='bbox 221 545 460 606; x_wconf 88' lang='lat' dir='ltr'>principi0‚</span> <span class='ocrx_word' id='word_1_50' title='bbox 487 543 775 592; x_wconf 80' lang='lat' dir='ltr'>infallibilem</span> <span class='ocrx_word' id='word_1_51' title='bbox 800 557 901 591; x_wconf 89' lang='lat' dir='ltr'>esse</span> <span class='ocrx_word' id='word_1_52' title='bbox 923 543 1055 604; x_wconf 85' lang='lat' dir='ltr'>Papae</span> <span class='ocrx_word' id='word_1_53' title='bbox 1091 542 1409 591; x_wconf 81' lang='lat' dir='ltr'>definitionem</span> <span class='ocrx_word' id='word_1_54' title='bbox 1449 545 1524 592; x_wconf 91' lang='lat' dir='ltr'>cui</span> <span class='ocrx_word' id='word_1_55' title='bbox 1562 547 1754 607; x_wconf 85' lang='lat' dir='ltr'>majoris</span> <span class='ocrx_word' id='word_1_56' title='bbox 1783 549 1938 610; x_wconf 81' lang='lat' dir='ltr'>partis</span> <span class='ocrx_word' id='word_1_57' title='bbox 1960 549 2137 612; x_wconf 83' lang='lat' dir='ltr'>Episoo-</span> <span class='ocrx_word' id='word_1_58' title='bbox 2204 567 2209 602; x_wconf 43' lang='lat' dir='ltr'>rt</span> 
     </span>
     <span class='ocr_line' id='line_1_7' title="bbox 222 620 2138 682; baseline 0.006 -14"><span class='ocrx_word' id='word_1_59' title='bbox 222 636 391 682; x_wconf 91' lang='lat' dir='ltr'>porum</span> <span class='ocrx_word' id='word_1_60' title='bbox 409 636 661 669; x_wconf 90' lang='lat' dir='ltr'>consensus</span> <span class='ocrx_word' id='word_1_61' title='bbox 686 620 947 675; x_wconf 90' lang='lat' dir='ltr'>accesserit,</span> <span class='ocrx_word' id='word_1_62' title='bbox 979 621 1043 667; x_wconf 89' lang='lat' dir='ltr'>ita</span> <span class='ocrx_word' id='word_1_63' title='bbox 1073 625 1230 667; x_wconf 91' lang='lat' dir='ltr'>contra</span> <span class='ocrx_word' id='word_1_64' title='bbox 1260 621 1386 682; x_wconf 91' lang='lat' dir='ltr'>ipsos</span> <span class='ocrx_word' id='word_1_65' title='bbox 1407 621 1590 682; x_wconf 89' lang='lat' dir='ltr'>arguit:</span> <span class='ocrx_word' id='word_1_66' title='bbox 1621 639 1641 666; x_wconf 75' lang='grc' dir='ltr'><strong><em>α</em></strong></span> <span class='ocrx_word' id='word_1_67' title='bbox 1664 624 1703 670; x_wconf 90' lang='lat' dir='ltr'>si</span> <span class='ocrx_word' id='word_1_68' title='bbox 1723 629 1876 671; x_wconf 88' lang='lat' dir='ltr'>autem</span> <span class='ocrx_word' id='word_1_69' title='bbox 1899 639 2138 679; x_wconf 87' lang='lat' dir='ltr'>consensus</span> 
     </span>
    </p>
   </div>
   <div class='ocr_carea' id='block_1_4' title="bbox 218 697 2139 835">
    <p class='ocr_par' dir='ltr' id='par_1_5' title="bbox 218 697 2139 835">
     <span class='ocr_line' id='line_1_8' title="bbox 221 697 2137 759; baseline 0.005 -15"><span class='ocrx_word' id='word_1_70' title='bbox 221 698 407 758; x_wconf 88' lang='lat' dir='ltr'>majoris</span> <span class='ocrx_word' id='word_1_71' title='bbox 427 698 569 759; x_wconf 87' lang='lat' dir='ltr'>partis</span> <span class='ocrx_word' id='word_1_72' title='bbox 590 698 922 759; x_wconf 89' lang='lat' dir='ltr'>Episcoporum</span> <span class='ocrx_word' id='word_1_73' title='bbox 947 697 1131 752; x_wconf 81' lang='lat' dir='ltr'>sufficit,</span> <span class='ocrx_word' id='word_1_74' title='bbox 1156 697 1319 758; x_wconf 89' lang='lat' dir='ltr'>utique</span> <span class='ocrx_word' id='word_1_75' title='bbox 1340 698 1506 759; x_wconf 85' lang='lat' dir='ltr'>Papam</span> <span class='ocrx_word' id='word_1_76' title='bbox 1528 713 1629 747; x_wconf 90' lang='lat' dir='ltr'>esse</span> <span class='ocrx_word' id='word_1_77' title='bbox 1645 700 1935 749; x_wconf 85' lang='lat' dir='ltr'>infallibilem</span> <span class='ocrx_word' id='word_1_78' title='bbox 1957 705 2137 755; x_wconf 84' lang='lat' dir='ltr'>credere</span> 
     </span>
     <span class='ocr_line' id='line_1_9' title="bbox 218 769 2139 835; baseline 0.004 -17"><span class='ocrx_word' id='word_1_79' title='bbox 218 785 379 818; x_wconf 90' lang='lat' dir='ltr'>omnes</span> <span class='ocrx_word' id='word_1_80' title='bbox 414 777 642 827; x_wconf 91' lang='lat' dir='ltr'>tenemur,</span> <span class='ocrx_word' id='word_1_81' title='bbox 675 770 841 817; x_wconf 85' lang='lat' dir='ltr'>statim&#39;</span> <span class='ocrx_word' id='word_1_82' title='bbox 872 784 922 817; x_wconf 89' lang='lat' dir='ltr'>ac</span> <span class='ocrx_word' id='word_1_83' title='bbox 959 769 1134 830; x_wconf 91' lang='lat' dir='ltr'>aliquid</span> <span class='ocrx_word' id='word_1_84' title='bbox 1179 770 1299 817; x_wconf 88' lang='lat' dir='ltr'>circa</span> <span class='ocrx_word' id='word_1_85' title='bbox 1313 771 1453 818; x_wconf 86' lang='lat' dir='ltr'>fidem</span> <span class='ocrx_word' id='word_1_86' title='bbox 1493 778 1571 820; x_wconf 90' lang='lat' dir='ltr'>aut</span> <span class='ocrx_word' id='word_1_87' title='bbox 1599 787 1754 821; x_wconf 91' lang='lat' dir='ltr'>mores</span> <span class='ocrx_word' id='word_1_88' title='bbox 1789 775 1887 835; x_wconf 89' lang='lat' dir='ltr'>ipse</span> <span class='ocrx_word' id='word_1_89' title='bbox 1921 776 2139 828; x_wconf 85' lang='lat' dir='ltr'>definitive</span> 
     </span>
    </p>
   </div>
   <div class='ocr_carea' id='block_1_5' title="bbox 215 847 2217 3674">
    <p class='ocr_par' dir='ltr' id='par_1_6' title="bbox 215 847 2217 3674">
     <span class='ocr_line' id='line_1_10' title="bbox 221 847 2217 913; baseline 0.004 -19"><span class='ocrx_word' id='word_1_90' title='bbox 221 847 445 895; x_wconf 86' lang='lat' dir='ltr'>decernit.</span> <span class='ocrx_word' id='word_1_91' title='bbox 474 847 568 895; x_wconf 91' lang='lat' dir='ltr'>Non</span> <span class='ocrx_word' id='word_1_92' title='bbox 593 849 745 895; x_wconf 90' lang='lat' dir='ltr'>solum</span> <span class='ocrx_word' id='word_1_93' title='bbox 766 847 891 893; x_wconf 92' lang='lat' dir='ltr'>enim</span> <span class='ocrx_word' id='word_1_94' title='bbox 913 847 1068 908; x_wconf 83' lang='lat' dir='ltr'>major</span> <span class='ocrx_word' id='word_1_95' title='bbox 1088 860 1218 907; x_wconf 82' lang='lat' dir='ltr'>pars,</span> <span class='ocrx_word' id='word_1_96' title='bbox 1249 848 1328 894; x_wconf 88' lang='lat' dir='ltr'>sed</span> <span class='ocrx_word' id='word_1_97' title='bbox 1362 852 1456 895; x_wconf 89' lang='lat' dir='ltr'>tota</span> <span class='ocrx_word' id='word_1_98' title='bbox 1476 849 1570 896; x_wconf 89' lang='lat' dir='ltr'>fere</span> <span class='ocrx_word' id='word_1_99' title='bbox 1594 848 1808 905; x_wconf 81' lang='lat' dir='ltr'>Ecclesia,</span> <span class='ocrx_word' id='word_1_100' title='bbox 1843 858 2030 913; x_wconf 87' lang='lat' dir='ltr'>excepta</span> <span class='ocrx_word' id='word_1_101' title='bbox 2051 854 2140 903; x_wconf 87' lang='lat' dir='ltr'>Gal·</span> <span class='ocrx_word' id='word_1_102' title='bbox 2206 899 2217 909; x_wconf 55' lang='grc'>.,</span> 
     </span>
     <span class='ocr_line' id='line_1_11' title="bbox 219 922 2140 986; baseline 0.006 -18"><span class='ocrx_word' id='word_1_103' title='bbox 219 922 297 979; x_wconf 89' lang='lat' dir='ltr'>lia,</span> <span class='ocrx_word' id='word_1_104' title='bbox 332 926 378 972; x_wconf 92' lang='lat' dir='ltr'>id</span> <span class='ocrx_word' id='word_1_105' title='bbox 412 926 545 972; x_wconf 89' lang='lat' dir='ltr'>docet</span> <span class='ocrx_word' id='word_1_106' title='bbox 577 931 622 972; x_wconf 89' lang='lat' dir='ltr'>et</span> <span class='ocrx_word' id='word_1_107' title='bbox 654 939 838 986; x_wconf 84' lang='lat' dir='ltr'>semper</span> <span class='ocrx_word' id='word_1_108' title='bbox 869 923 1040 970; x_wconf 90' lang='lat' dir='ltr'>docuit.</span> <span class='ocrx_word' id='word_1_109' title='bbox 1078 923 1163 970; x_wconf 84' lang='lat' dir='ltr'>Aut</span> <span class='ocrx_word' id='word_1_110' title='bbox 1195 924 1335 984; x_wconf 89' lang='lat' dir='ltr'>igitur</span> <span class='ocrx_word' id='word_1_111' title='bbox 1358 924 1727 974; x_wconf 88' lang='lat' dir='ltr'>infallibilitatem</span> <span class='ocrx_word' id='word_1_112' title='bbox 1753 928 1980 977; x_wconf 85' lang='lat' dir='ltr'>Pontificis</span> <span class='ocrx_word' id='word_1_113' title='bbox 2012 931 2140 981; x_wconf 84' lang='lat' dir='ltr'>fateri</span> 
     </span>
     <span class='ocr_line' id='line_1_12' title="bbox 219 1000 2142 1063; baseline 0.004 -17"><span class='ocrx_word' id='word_1_114' title='bbox 219 1007 412 1061; x_wconf 83' lang='lat' dir='ltr'>oportet,</span> <span class='ocrx_word' id='word_1_115' title='bbox 450 1008 529 1049; x_wconf 86' lang='lat' dir='ltr'>aut</span> <span class='ocrx_word' id='word_1_116' title='bbox 553 1003 704 1049; x_wconf 86' lang='lat' dir='ltr'>dicere</span> <span class='ocrx_word' id='word_1_117' title='bbox 741 1001 862 1063; x_wconf 90' lang='lat' dir='ltr'>quod</span> <span class='ocrx_word' id='word_1_118' title='bbox 892 1000 1087 1046; x_wconf 89' lang='lat' dir='ltr'>Ecclesia</span> <span class='ocrx_word' id='word_1_119' title='bbox 1120 1000 1340 1047; x_wconf 89' lang='lat' dir='ltr'>catholica</span> <span class='ocrx_word' id='word_1_120' title='bbox 1364 1006 1547 1048; x_wconf 91' lang='lat' dir='ltr'>tantum</span> <span class='ocrx_word' id='word_1_121' title='bbox 1583 1004 1639 1049; x_wconf 90' lang='lat' dir='ltr'>ad</span> <span class='ocrx_word' id='word_1_122' title='bbox 1675 1004 1891 1063; x_wconf 82' lang='lat' dir='ltr'>exiguum</span> <span class='ocrx_word' id='word_1_123' title='bbox 1921 1006 2142 1055; x_wconf 78' lang='lat' dir='ltr'>Gallorum</span> 
     </span>
     <span class='ocr_line' id='line_1_13' title="bbox 215 1077 2144 1140; baseline 0.004 -16"><span class='ocrx_word' id='word_1_124' title='bbox 215 1093 466 1126; x_wconf 89' lang='lat' dir='ltr'>numerum</span> <span class='ocrx_word' id='word_1_125' title='bbox 484 1080 668 1126; x_wconf 89' lang='lat' dir='ltr'>redacta</span> <span class='ocrx_word' id='word_1_126' title='bbox 694 1080 751 1126; x_wconf 91' lang='lat' dir='ltr'>sit</span> <span class='ocrx_word' id='word_1_127' title='bbox 773 1099 792 1120; x_wconf 91' lang='lat'>»</span> <span class='ocrx_word' id='word_1_128' title='bbox 826 1077 990 1138; x_wconf 82' lang='lat' dir='ltr'>(Theol.</span> <span class='ocrx_word' id='word_1_129' title='bbox 1019 1090 1157 1135; x_wconf 61' lang='lat' dir='ltr'>mor„</span> <span class='ocrx_word' id='word_1_130' title='bbox 1180 1078 1210 1124; x_wconf 92' lang='lat' dir='ltr'>l.</span> <span class='ocrx_word' id='word_1_131' title='bbox 1240 1077 1272 1131; x_wconf 92' lang='lat'>1,</span> <span class='ocrx_word' id='word_1_132' title='bbox 1294 1092 1343 1124; x_wconf 92' lang='lat' dir='ltr'>n.</span> <span class='ocrx_word' id='word_1_133' title='bbox 1375 1078 1500 1139; x_wconf 85' lang='lat'>115).</span> <span class='ocrx_word' id='word_1_134' title='bbox 1532 1079 1582 1126; x_wconf 87' lang='lat' dir='ltr'>Et</span> <span class='ocrx_word' id='word_1_135' title='bbox 1606 1082 1742 1140; x_wconf 92' lang='lat' dir='ltr'>paulo</span> <span class='ocrx_word' id='word_1_136' title='bbox 1769 1082 1889 1129; x_wconf 90' lang='lat' dir='ltr'>infra</span> <span class='ocrx_word' id='word_1_137' title='bbox 1911 1101 1920 1128; x_wconf 90' lang='lat'>:</span> <span class='ocrx_word' id='word_1_138' title='bbox 1947 1103 1968 1124; x_wconf 87' lang='lat'>«</span> <span class='ocrx_word' id='word_1_139' title='bbox 1998 1082 2041 1129; x_wconf 89' lang='lat' dir='ltr'>Si</span> <span class='ocrx_word' id='word_1_140' title='bbox 2065 1085 2144 1132; x_wconf 87' lang='lat' dir='ltr'>de-</span> 
     </span>
     <span class='ocr_line' id='line_1_14' title="bbox 222 1151 2142 1219; baseline 0.003 -17"><span class='ocrx_word' id='word_1_141' title='bbox 222 1161 349 1202; x_wconf 92' lang='lat' dir='ltr'>creta</span> <span class='ocrx_word' id='word_1_142' title='bbox 373 1155 644 1202; x_wconf 86' lang='lat' dir='ltr'>Pontificum</span> <span class='ocrx_word' id='word_1_143' title='bbox 666 1169 760 1201; x_wconf 90' lang='lat' dir='ltr'>non</span> <span class='ocrx_word' id='word_1_144' title='bbox 786 1158 938 1201; x_wconf 86' lang='lat' dir='ltr'>essent</span> <span class='ocrx_word' id='word_1_145' title='bbox 959 1151 1236 1209; x_wconf 79' lang='lat' dir='ltr'>infallibilia,</span> <span class='ocrx_word' id='word_1_146' title='bbox 1262 1153 1352 1200; x_wconf 89' lang='lat' dir='ltr'>nisi</span> <span class='ocrx_word' id='word_1_147' title='bbox 1378 1168 1631 1203; x_wconf 89' lang='lat' dir='ltr'>consensus</span> <span class='ocrx_word' id='word_1_148' title='bbox 1657 1158 1868 1205; x_wconf 85' lang='lat' dir='ltr'>Ecclesiae</span> <span class='ocrx_word' id='word_1_149' title='bbox 1903 1160 2142 1219; x_wconf 86' lang='lat' dir='ltr'>accederet,</span> 
     </span>
     <span class='ocr_line' id='line_1_15' title="bbox 222 1229 2145 1294; baseline 0.003 -15"><span class='ocrx_word' id='word_1_150' title='bbox 222 1233 385 1292; x_wconf 86' lang='lat' dir='ltr'>utique</span> <span class='ocrx_word' id='word_1_151' title='bbox 417 1233 666 1279; x_wconf 92' lang='lat' dir='ltr'>dicendum</span> <span class='ocrx_word' id='word_1_152' title='bbox 694 1232 827 1286; x_wconf 88' lang='lat' dir='ltr'>foret,</span> <span class='ocrx_word' id='word_1_153' title='bbox 864 1230 985 1291; x_wconf 92' lang='lat' dir='ltr'>quod</span> <span class='ocrx_word' id='word_1_154' title='bbox 1019 1243 1111 1276; x_wconf 89' lang='lat' dir='ltr'>non</span> <span class='ocrx_word' id='word_1_155' title='bbox 1143 1229 1346 1277; x_wconf 86' lang='lat' dir='ltr'>Ecclesia</span> <span class='ocrx_word' id='word_1_156' title='bbox 1373 1231 1564 1278; x_wconf 84' lang='lat' dir='ltr'>fundata</span> <span class='ocrx_word' id='word_1_157' title='bbox 1587 1233 1645 1279; x_wconf 90' lang='lat' dir='ltr'>sit</span> <span class='ocrx_word' id='word_1_158' title='bbox 1672 1248 1810 1294; x_wconf 89' lang='lat' dir='ltr'>super</span> <span class='ocrx_word' id='word_1_159' title='bbox 1834 1235 2035 1292; x_wconf 91' lang='lat' dir='ltr'>Petrum,</span> <span class='ocrx_word' id='word_1_160' title='bbox 2070 1238 2145 1285; x_wconf 91' lang='lat' dir='ltr'>sed</span> 
     </span>
     <span class='ocr_line' id='line_1_16' title="bbox 226 1307 2149 1376; baseline 0.004 -21"><span class='ocrx_word' id='word_1_161' title='bbox 226 1310 350 1369; x_wconf 87' lang='lat' dir='ltr'>quod</span> <span class='ocrx_word' id='word_1_162' title='bbox 371 1310 529 1356; x_wconf 89' lang='lat' dir='ltr'>Petrus</span> <span class='ocrx_word' id='word_1_163' title='bbox 552 1310 771 1356; x_wconf 89' lang='lat' dir='ltr'>fundatus</span> <span class='ocrx_word' id='word_1_164' title='bbox 798 1309 856 1355; x_wconf 90' lang='lat' dir='ltr'>sit</span> <span class='ocrx_word' id='word_1_165' title='bbox 890 1322 1029 1368; x_wconf 88' lang='lat' dir='ltr'>super</span> <span class='ocrx_word' id='word_1_166' title='bbox 1063 1307 1326 1356; x_wconf 84' lang='lat' dir='ltr'>Ecclesiam.</span> <span class='ocrx_word' id='word_1_167' title='bbox 1353 1307 1403 1355; x_wconf 88' lang='lat' dir='ltr'>Et</span> <span class='ocrx_word' id='word_1_168' title='bbox 1433 1309 1497 1356; x_wconf 89' lang='lat' dir='ltr'>sic</span> <span class='ocrx_word' id='word_1_169' title='bbox 1533 1311 1705 1370; x_wconf 87' lang='lat' dir='ltr'>pariter</span> <span class='ocrx_word' id='word_1_170' title='bbox 1736 1312 2003 1368; x_wconf 85' lang='lat' dir='ltr'>dicendum,</span> <span class='ocrx_word' id='word_1_171' title='bbox 2032 1315 2149 1376; x_wconf 89' lang='lat' dir='ltr'>quod</span> 
     </span>
     <span class='ocr_line' id='line_1_17' title="bbox 227 1383 2150 1439; baseline 0.004 -8"><span class='ocrx_word' id='word_1_172' title='bbox 227 1399 320 1431; x_wconf 90' lang='lat' dir='ltr'>non</span> <span class='ocrx_word' id='word_1_173' title='bbox 338 1386 504 1433; x_wconf 89' lang='lat' dir='ltr'>fratres</span> <span class='ocrx_word' id='word_1_174' title='bbox 530 1385 834 1432; x_wconf 86' lang='lat' dir='ltr'>confirmandi</span> <span class='ocrx_word' id='word_1_175' title='bbox 860 1385 1054 1430; x_wconf 88' lang='lat' dir='ltr'>fuissent</span> <span class='ocrx_word' id='word_1_176' title='bbox 1079 1398 1103 1430; x_wconf 89' lang='lat' dir='ltr'>a</span> <span class='ocrx_word' id='word_1_177' title='bbox 1128 1383 1274 1439; x_wconf 88' lang='lat' dir='ltr'>Petro,</span> <span class='ocrx_word' id='word_1_178' title='bbox 1304 1385 1383 1431; x_wconf 85' lang='lat' dir='ltr'>sed</span> <span class='ocrx_word' id='word_1_179' title='bbox 1407 1384 1564 1433; x_wconf 91' lang='lat' dir='ltr'>Petrus</span> <span class='ocrx_word' id='word_1_180' title='bbox 1585 1390 1925 1436; x_wconf 78' lang='lat' dir='ltr'>confirmandus</span> <span class='ocrx_word' id='word_1_181' title='bbox 1946 1405 1971 1437; x_wconf 91' lang='lat' dir='ltr'>a</span> <span class='ocrx_word' id='word_1_182' title='bbox 2002 1391 2150 1438; x_wconf 89' lang='lat' dir='ltr'>fratri-</span> 
     </span>
     <span class='ocr_line' id='line_1_18' title="bbox 227 1461 2151 1524; baseline 0.005 -16"><span class='ocrx_word' id='word_1_183' title='bbox 227 1462 328 1508; x_wconf 81' lang='lat' dir='ltr'>bus,</span> <span class='ocrx_word' id='word_1_184' title='bbox 355 1482 376 1503; x_wconf 92' lang='lat'>»</span> <span class='ocrx_word' id='word_1_185' title='bbox 405 1464 469 1509; x_wconf 87' lang='lat' dir='ltr'>Ad</span> <span class='ocrx_word' id='word_1_186' title='bbox 487 1464 791 1524; x_wconf 90' lang='lat' dir='ltr'>objectionem</span> <span class='ocrx_word' id='word_1_187' title='bbox 815 1467 1038 1523; x_wconf 90' lang='lat' dir='ltr'>perpetuo</span> <span class='ocrx_word' id='word_1_188' title='bbox 1060 1476 1084 1507; x_wconf 91' lang='lat' dir='ltr'>a</span> <span class='ocrx_word' id='word_1_189' title='bbox 1106 1461 1341 1508; x_wconf 90' lang='lat' dir='ltr'>Gallicanis</span> <span class='ocrx_word' id='word_1_190' title='bbox 1367 1468 1663 1519; x_wconf 89' lang='lat' dir='ltr'>recantatam,</span> <span class='ocrx_word' id='word_1_191' title='bbox 1690 1465 1870 1514; x_wconf 91' lang='lat' dir='ltr'>obstare</span> <span class='ocrx_word' id='word_1_192' title='bbox 1906 1467 2151 1517; x_wconf 87' lang='lat' dir='ltr'>doctrinam</span> 
     </span>
     <span class='ocr_line' id='line_1_19' title="bbox 229 1538 2151 1600; baseline 0.004 -17"><span class='ocrx_word' id='word_1_193' title='bbox 229 1538 350 1584; x_wconf 89' lang='lat' dir='ltr'>hanc</span> <span class='ocrx_word' id='word_1_194' title='bbox 375 1539 430 1585; x_wconf 93' lang='lat' dir='ltr'>de</span> <span class='ocrx_word' id='word_1_195' title='bbox 455 1539 569 1599; x_wconf 85' lang='lat' dir='ltr'>Papa</span> <span class='ocrx_word' id='word_1_196' title='bbox 595 1539 824 1585; x_wconf 87' lang='lat' dir='ltr'>infallibili</span> <span class='ocrx_word' id='word_1_197' title='bbox 851 1544 895 1585; x_wconf 92' lang='lat' dir='ltr'>et</span> <span class='ocrx_word' id='word_1_198' title='bbox 920 1538 1122 1584; x_wconf 89' lang='lat' dir='ltr'>conciliis</span> <span class='ocrx_word' id='word_1_199' title='bbox 1161 1538 1461 1586; x_wconf 89' lang='lat' dir='ltr'>oecumenicis</span> <span class='ocrx_word' id='word_1_200' title='bbox 1495 1541 1748 1600; x_wconf 86' lang='lat' dir='ltr'>superiore,</span> <span class='ocrx_word' id='word_1_201' title='bbox 1777 1556 1835 1589; x_wconf 90' lang='lat' dir='ltr'>ne</span> <span class='ocrx_word' id='word_1_202' title='bbox 1870 1543 2071 1590; x_wconf 85' lang='lat' dir='ltr'>haeretici</span> <span class='ocrx_word' id='word_1_203' title='bbox 2099 1545 2151 1593; x_wconf 90' lang='lat' dir='ltr'>ad</span> 
     </span>
     <span class='ocr_line' id='line_1_20' title="bbox 227 1614 2151 1680; baseline 0.004 -21"><span class='ocrx_word' id='word_1_204' title='bbox 227 1614 475 1662; x_wconf 90' lang='lat' dir='ltr'>Ecclesiam</span> <span class='ocrx_word' id='word_1_205' title='bbox 514 1616 783 1662; x_wconf 85' lang='lat' dir='ltr'>catholicam</span> <span class='ocrx_word' id='word_1_206' title='bbox 814 1620 1116 1672; x_wconf 86' lang='lat' dir='ltr'>revertantur,</span> <span class='ocrx_word' id='word_1_207' title='bbox 1162 1616 1411 1675; x_wconf 90' lang='lat' dir='ltr'>respondet</span> <span class='ocrx_word' id='word_1_208' title='bbox 1431 1623 1618 1664; x_wconf 88' lang='lat' dir='ltr'>sanctus</span> <span class='ocrx_word' id='word_1_209' title='bbox 1643 1618 1896 1678; x_wconf 85' lang='lat' dir='ltr'>Alphonsus</span> <span class='ocrx_word' id='word_1_210' title='bbox 1916 1620 1972 1666; x_wconf 92' lang='lat' dir='ltr'>de</span> <span class='ocrx_word' id='word_1_211' title='bbox 1998 1619 2151 1680; x_wconf 89' lang='lat' dir='ltr'>Liguo-</span> 
     </span>
     <span class='ocr_line' id='line_1_21' title="bbox 229 1692 2153 1753; baseline 0.002 -15"><span class='ocrx_word' id='word_1_212' title='bbox 229 1692 336 1740; x_wconf 89' lang='lat' dir='ltr'>rio:</span> <span class='ocrx_word' id='word_1_213' title='bbox 378 1692 520 1738; x_wconf 77' lang='lat' dir='ltr'>‹cNon</span> <span class='ocrx_word' id='word_1_214' title='bbox 553 1707 767 1753; x_wconf 88' lang='lat' dir='ltr'>suprema</span> <span class='ocrx_word' id='word_1_215' title='bbox 805 1693 935 1752; x_wconf 71' lang='lat' dir='ltr'>Papae</span> <span class='ocrx_word' id='word_1_216' title='bbox 974 1697 1194 1751; x_wconf 88' lang='lat' dir='ltr'>potestas,</span> <span class='ocrx_word' id='word_1_217' title='bbox 1237 1693 1313 1738; x_wconf 86' lang='lat' dir='ltr'>sed</span> <span class='ocrx_word' id='word_1_218' title='bbox 1355 1692 1540 1739; x_wconf 89' lang='lat' dir='ltr'>libertas</span> <span class='ocrx_word' id='word_1_219' title='bbox 1580 1694 1886 1750; x_wconf 77' lang='lat' dir='ltr'>conscientiae,</span> <span class='ocrx_word' id='word_1_220' title='bbox 1925 1695 2153 1743; x_wconf 89' lang='lat' dir='ltr'>sensuales</span> 
     </span>
     <span class='ocr_line' id='line_1_22' title="bbox 233 1770 2154 1829; baseline 0.001 -13"><span class='ocrx_word' id='word_1_221' title='bbox 233 1770 575 1824; x_wconf 87' lang='lat' dir='ltr'>delectationes,</span> <span class='ocrx_word' id='word_1_222' title='bbox 594 1770 860 1816; x_wconf 77' lang='lat' dir='ltr'>divitiarum</span> <span class='ocrx_word' id='word_1_223' title='bbox 878 1770 1249 1829; x_wconf 89' lang='lat' dir='ltr'>concupiscentia</span> <span class='ocrx_word' id='word_1_224' title='bbox 1276 1775 1320 1815; x_wconf 93' lang='lat' dir='ltr'>et</span> <span class='ocrx_word' id='word_1_225' title='bbox 1336 1770 1550 1829; x_wconf 87' lang='lat' dir='ltr'>superbia</span> <span class='ocrx_word' id='word_1_226' title='bbox 1574 1775 1698 1817; x_wconf 89' lang='lat' dir='ltr'>tenet</span> <span class='ocrx_word' id='word_1_227' title='bbox 1716 1778 1999 1818; x_wconf 88' lang='lat' dir='ltr'>eosanostra</span> <span class='ocrx_word' id='word_1_228' title='bbox 2011 1772 2154 1819; x_wconf 90' lang='lat' dir='ltr'>Eccle-</span> 
     </span>
     <span class='ocr_line' id='line_1_23' title="bbox 233 1847 2158 1910; baseline 0.001 -16"><span class='ocrx_word' id='word_1_229' title='bbox 233 1849 299 1894; x_wconf 90' lang='lat' dir='ltr'>sia</span> <span class='ocrx_word' id='word_1_230' title='bbox 326 1853 599 1907; x_wconf 87' lang='lat' dir='ltr'>segregatos.</span> <span class='ocrx_word' id='word_1_231' title='bbox 626 1848 713 1907; x_wconf 90' lang='lat' dir='ltr'>Ipsi</span> <span class='ocrx_word' id='word_1_232' title='bbox 740 1848 866 1894; x_wconf 91' lang='lat' dir='ltr'>enim</span> <span class='ocrx_word' id='word_1_233' title='bbox 900 1847 1035 1892; x_wconf 86' lang='lat' dir='ltr'>nihili</span> <span class='ocrx_word' id='word_1_234' title='bbox 1066 1847 1237 1892; x_wconf 87' lang='lat' dir='ltr'>faciunt</span> <span class='ocrx_word' id='word_1_235' title='bbox 1264 1847 1594 1903; x_wconf 85' lang='lat' dir='ltr'>auctoritatem,</span> <span class='ocrx_word' id='word_1_236' title='bbox 1620 1853 1715 1894; x_wconf 91' lang='lat' dir='ltr'>tam</span> <span class='ocrx_word' id='word_1_237' title='bbox 1756 1848 1885 1909; x_wconf 83' lang='lat' dir='ltr'>Papae</span> <span class='ocrx_word' id='word_1_238' title='bbox 1924 1863 2063 1910; x_wconf 90' lang='lat' dir='ltr'>quam</span> <span class='ocrx_word' id='word_1_239' title='bbox 2095 1863 2158 1910; x_wconf 77' lang='lat' dir='ltr'>sy·</span> 
     </span>
     <span class='ocr_line' id='line_1_24' title="bbox 233 1923 2155 1985; baseline -0.001 -12"><span class='ocrx_word' id='word_1_240' title='bbox 233 1925 515 1973; x_wconf 87' lang='lat' dir='ltr'>nodorum...</span> <span class='ocrx_word' id='word_1_241' title='bbox 551 1924 811 1970; x_wconf 86' lang='lat' dir='ltr'>Praesertim</span> <span class='ocrx_word' id='word_1_242' title='bbox 841 1924 1066 1969; x_wconf 91' lang='lat' dir='ltr'>Lutherus</span> <span class='ocrx_word' id='word_1_243' title='bbox 1108 1923 1407 1969; x_wconf 85' lang='lat' dir='ltr'>memorabile</span> <span class='ocrx_word' id='word_1_244' title='bbox 1446 1923 1501 1969; x_wconf 94' lang='lat' dir='ltr'>de</span> <span class='ocrx_word' id='word_1_245' title='bbox 1537 1925 1623 1970; x_wconf 92' lang='lat' dir='ltr'>hoc</span> <span class='ocrx_word' id='word_1_246' title='bbox 1647 1926 1909 1985; x_wconf 83' lang='lat' dir='ltr'>exemplum</span> <span class='ocrx_word' id='word_1_247' title='bbox 1942 1926 2155 1985; x_wconf 88' lang='lat' dir='ltr'>porrexit.</span> 
     </span>
     <span class='ocr_line' id='line_1_25' title="bbox 236 1998 2160 2062; baseline 0 -14"><span class='ocrx_word' id='word_1_248' title='bbox 236 2003 347 2048; x_wconf 90' lang='lat' dir='ltr'>Nam</span> <span class='ocrx_word' id='word_1_249' title='bbox 368 2002 494 2060; x_wconf 89' lang='lat' dir='ltr'>prius</span> <span class='ocrx_word' id='word_1_250' title='bbox 522 2014 545 2045; x_wconf 88' lang='lat' dir='ltr'>a</span> <span class='ocrx_word' id='word_1_251' title='bbox 573 2002 795 2047; x_wconf 88' lang='lat' dir='ltr'>sententia</span> <span class='ocrx_word' id='word_1_252' title='bbox 830 2000 915 2046; x_wconf 91' lang='lat' dir='ltr'>sibi</span> <span class='ocrx_word' id='word_1_253' title='bbox 944 2000 1167 2045; x_wconf 85' lang='lat' dir='ltr'>contraria</span> <span class='ocrx_word' id='word_1_254' title='bbox 1199 1999 1303 2044; x_wconf 89' lang='lat' dir='ltr'>data</span> <span class='ocrx_word' id='word_1_255' title='bbox 1329 2013 1354 2044; x_wconf 92' lang='lat' dir='ltr'>a</span> <span class='ocrx_word' id='word_1_256' title='bbox 1377 1998 1608 2046; x_wconf 87' lang='lat' dir='ltr'>Facultate</span> <span class='ocrx_word' id='word_1_257' title='bbox 1631 2000 1871 2047; x_wconf 87' lang='lat' dir='ltr'>Sorbonica</span> <span class='ocrx_word' id='word_1_258' title='bbox 1895 2002 1993 2061; x_wconf 91' lang='lat' dir='ltr'>ipse</span> <span class='ocrx_word' id='word_1_259' title='bbox 2015 2002 2160 2062; x_wconf 88' lang='lat' dir='ltr'>appel·</span> 
     </span>
     <span class='ocr_line' id='line_1_26' title="bbox 238 2074 2160 2138; baseline 0 -14"><span class='ocrx_word' id='word_1_260' title='bbox 238 2079 343 2124; x_wconf 84' lang='lat' dir='ltr'>lavit</span> <span class='ocrx_word' id='word_1_261' title='bbox 368 2079 423 2124; x_wconf 91' lang='lat' dir='ltr'>ad</span> <span class='ocrx_word' id='word_1_262' title='bbox 441 2078 622 2137; x_wconf 87' lang='lat' dir='ltr'>Papam.</span> <span class='ocrx_word' id='word_1_263' title='bbox 641 2077 799 2123; x_wconf 88' lang='lat' dir='ltr'>Postea</span> <span class='ocrx_word' id='word_1_264' title='bbox 828 2091 852 2122; x_wconf 85' lang='lat' dir='ltr'>a</span> <span class='ocrx_word' id='word_1_265' title='bbox 885 2076 998 2135; x_wconf 91' lang='lat' dir='ltr'>Papa</span> <span class='ocrx_word' id='word_1_266' title='bbox 1024 2089 1118 2120; x_wconf 90' lang='lat' dir='ltr'>non</span> <span class='ocrx_word' id='word_1_267' title='bbox 1145 2075 1263 2120; x_wconf 89' lang='lat' dir='ltr'>bene</span> <span class='ocrx_word' id='word_1_268' title='bbox 1287 2074 1512 2120; x_wconf 88' lang='lat' dir='ltr'>instructo</span> <span class='ocrx_word' id='word_1_269' title='bbox 1545 2074 1611 2134; x_wconf 93' lang='lat' dir='ltr'>(ut</span> <span class='ocrx_word' id='word_1_270' title='bbox 1642 2076 1806 2136; x_wconf 91' lang='lat' dir='ltr'>aiebat)</span> <span class='ocrx_word' id='word_1_271' title='bbox 1837 2079 2081 2138; x_wconf 90' lang='lat' dir='ltr'>appellavit</span> <span class='ocrx_word' id='word_1_272' title='bbox 2107 2079 2160 2125; x_wconf 92' lang='lat' dir='ltr'>ad</span> 
     </span>
     <span class='ocr_line' id='line_1_27' title="bbox 239 2151 2161 2215; baseline 0.001 -14"><span class='ocrx_word' id='word_1_273' title='bbox 239 2155 404 2215; x_wconf 85' lang='lat' dir='ltr'>Papam</span> <span class='ocrx_word' id='word_1_274' title='bbox 429 2156 726 2201; x_wconf 86' lang='lat' dir='ltr'>instructum.</span> <span class='ocrx_word' id='word_1_275' title='bbox 750 2154 908 2200; x_wconf 89' lang='lat' dir='ltr'>Postea</span> <span class='ocrx_word' id='word_1_276' title='bbox 931 2167 955 2197; x_wconf 91' lang='lat' dir='ltr'>a</span> <span class='ocrx_word' id='word_1_277' title='bbox 981 2151 1098 2211; x_wconf 88' lang='lat' dir='ltr'>Papa</span> <span class='ocrx_word' id='word_1_278' title='bbox 1124 2152 1350 2197; x_wconf 89' lang='lat' dir='ltr'>instructo</span> <span class='ocrx_word' id='word_1_279' title='bbox 1390 2152 1445 2197; x_wconf 87' lang='lat' dir='ltr'>ad</span> <span class='ocrx_word' id='word_1_280' title='bbox 1477 2152 1721 2198; x_wconf 84' lang='lat' dir='ltr'>concilium</span> <span class='ocrx_word' id='word_1_281' title='bbox 1754 2155 1982 2213; x_wconf 87' lang='lat' dir='ltr'>generale.</span> <span class='ocrx_word' id='word_1_282' title='bbox 2010 2155 2161 2203; x_wconf 84' lang='lat' dir='ltr'>Postea</span> 
     </span>
     <span class='ocr_line' id='line_1_28' title="bbox 241 2228 2162 2291; baseline 0 -12"><span class='ocrx_word' id='word_1_283' title='bbox 241 2233 431 2279; x_wconf 91' lang='lat' dir='ltr'>demum</span> <span class='ocrx_word' id='word_1_284' title='bbox 465 2246 489 2278; x_wconf 93' lang='lat' dir='ltr'>a</span> <span class='ocrx_word' id='word_1_285' title='bbox 516 2231 708 2278; x_wconf 89' lang='lat' dir='ltr'>concilio</span> <span class='ocrx_word' id='word_1_286' title='bbox 741 2231 796 2276; x_wconf 92' lang='lat' dir='ltr'>ad</span> <span class='ocrx_word' id='word_1_287' title='bbox 836 2230 1056 2290; x_wconf 86' lang='lat' dir='ltr'>seipsum.</span> <span class='ocrx_word' id='word_1_288' title='bbox 1091 2229 1141 2274; x_wconf 88' lang='lat' dir='ltr'>Et</span> <span class='ocrx_word' id='word_1_289' title='bbox 1169 2229 1280 2274; x_wconf 91' lang='lat' dir='ltr'>item</span> <span class='ocrx_word' id='word_1_290' title='bbox 1310 2228 1484 2287; x_wconf 88' lang='lat' dir='ltr'>pluries</span> <span class='ocrx_word' id='word_1_291' title='bbox 1522 2229 1681 2276; x_wconf 90' lang='lat' dir='ltr'>accidit</span> <span class='ocrx_word' id='word_1_292' title='bbox 1710 2231 1831 2291; x_wconf 91' lang='lat' dir='ltr'>quod</span> <span class='ocrx_word' id='word_1_293' title='bbox 1860 2231 2053 2278; x_wconf 90' lang='lat' dir='ltr'>haeritici</span> <span class='ocrx_word' id='word_1_294' title='bbox 2073 2245 2162 2280; x_wconf 90' lang='lat' dir='ltr'>non</span> 
     </span>
     <span class='ocr_line' id='line_1_29' title="bbox 239 2305 2164 2371; baseline -0.001 -14"><span class='ocrx_word' id='word_1_295' title='bbox 239 2310 571 2371; x_wconf 88' lang='lat' dir='ltr'>acquiescendo</span> <span class='ocrx_word' id='word_1_296' title='bbox 596 2308 824 2354; x_wconf 81' lang='lat' dir='ltr'>Pontificis</span> <span class='ocrx_word' id='word_1_297' title='bbox 861 2305 1218 2358; x_wconf 83' lang='lat' dir='ltr'>definitionibuS,</span> <span class='ocrx_word' id='word_1_298' title='bbox 1255 2318 1341 2350; x_wconf 92' lang='lat' dir='ltr'>nec</span> <span class='ocrx_word' id='word_1_299' title='bbox 1366 2305 1566 2352; x_wconf 88' lang='lat' dir='ltr'>decretis</span> <span class='ocrx_word' id='word_1_300' title='bbox 1593 2306 1894 2353; x_wconf 89' lang='lat' dir='ltr'>conciliorum</span> <span class='ocrx_word' id='word_1_301' title='bbox 1931 2309 2164 2370; x_wconf 89' lang='lat' dir='ltr'>acquieve·-</span> 
     </span>
     <span class='ocr_line' id='line_1_30' title="bbox 239 2392 415 2435; baseline -0.006 0"><span class='ocrx_word' id='word_1_302' title='bbox 239 2392 367 2435; x_wconf 71' lang='lat' dir='ltr'>runt.</span> <span class='ocrx_word' id='word_1_303' title='bbox 394 2407 415 2429; x_wconf 89' lang='lat'><strong><em>»</em></strong></span> 
     </span>
     <span class='ocr_line' id='line_1_31' title="bbox 303 2458 2163 2523; baseline -0.002 -13"><span class='ocrx_word' id='word_1_304' title='bbox 303 2465 349 2509; x_wconf 80' lang='lat'>2⁰</span> <span class='ocrx_word' id='word_1_305' title='bbox 381 2463 548 2523; x_wconf 86' lang='lat' dir='ltr'>Ingens</span> <span class='ocrx_word' id='word_1_306' title='bbox 573 2462 718 2509; x_wconf 86' lang='lat' dir='ltr'>sancti</span> <span class='ocrx_word' id='word_1_307' title='bbox 743 2461 961 2522; x_wconf 87' lang='lat' dir='ltr'>Alphonsi</span> <span class='ocrx_word' id='word_1_308' title='bbox 988 2460 1045 2506; x_wconf 93' lang='lat' dir='ltr'>de</span> <span class='ocrx_word' id='word_1_309' title='bbox 1073 2458 1284 2518; x_wconf 88' lang='lat' dir='ltr'>Liguorio</span> <span class='ocrx_word' id='word_1_310' title='bbox 1306 2458 1568 2516; x_wconf 88' lang='lat' dir='ltr'>auctoritas,</span> <span class='ocrx_word' id='word_1_311' title='bbox 1605 2460 1779 2506; x_wconf 89' lang='lat' dir='ltr'>ratione</span> <span class='ocrx_word' id='word_1_312' title='bbox 1801 2461 2048 2508; x_wconf 90' lang='lat' dir='ltr'>sanctitatis</span> <span class='ocrx_word' id='word_1_313' title='bbox 2078 2472 2163 2521; x_wconf 89' lang='lat' dir='ltr'>qua</span> 
     </span>
     <span class='ocr_line' id='line_1_32' title="bbox 239 2536 2166 2603; baseline -0.003 -15"><span class='ocrx_word' id='word_1_314' title='bbox 239 2542 483 2603; x_wconf 88' lang='lat' dir='ltr'>praefulsit.</span> <span class='ocrx_word' id='word_1_315' title='bbox 514 2541 708 2602; x_wconf 84' lang='lat' dir='ltr'>Legatur</span> <span class='ocrx_word' id='word_1_316' title='bbox 730 2538 826 2599; x_wconf 91' lang='lat' dir='ltr'>ejus</span> <span class='ocrx_word' id='word_1_317' title='bbox 865 2538 984 2593; x_wconf 77' lang='lat' dir='ltr'>vita3</span> <span class='ocrx_word' id='word_1_318' title='bbox 1022 2537 1200 2596; x_wconf 83' lang='lat' dir='ltr'>legatur</span> <span class='ocrx_word' id='word_1_319' title='bbox 1226 2536 1581 2583; x_wconf 89' lang='lat' dir='ltr'>canonizationis</span> <span class='ocrx_word' id='word_1_320' title='bbox 1613 2537 1753 2583; x_wconf 88' lang='lat' dir='ltr'>bulla.</span> <span class='ocrx_word' id='word_1_321' title='bbox 1777 2538 1828 2583; x_wconf 91' lang='lat' dir='ltr'>Et</span> <span class='ocrx_word' id='word_1_322' title='bbox 1863 2539 1983 2585; x_wconf 91' lang='lat' dir='ltr'>serio</span> <span class='ocrx_word' id='word_1_323' title='bbox 2019 2542 2166 2584; x_wconf 88' lang='lat' dir='ltr'>atten-</span> 
     </span>
     <span class='ocr_line' id='line_1_33' title="bbox 238 2613 2166 2675; baseline -0.004 -10"><span class='ocrx_word' id='word_1_324' title='bbox 238 2621 348 2666; x_wconf 90' lang='lat' dir='ltr'>dant</span> <span class='ocrx_word' id='word_1_325' title='bbox 381 2618 734 2665; x_wconf 87' lang='lat' dir='ltr'>seminariorum</span> <span class='ocrx_word' id='word_1_326' title='bbox 761 2614 911 2661; x_wconf 72' lang='lat' dir='ltr'>Galliae</span> <span class='ocrx_word' id='word_1_327' title='bbox 938 2615 1236 2675; x_wconf 87' lang='lat' dir='ltr'>professores,</span> <span class='ocrx_word' id='word_1_328' title='bbox 1281 2613 1520 2674; x_wconf 90' lang='lat' dir='ltr'>Sulpitiani</span> <span class='ocrx_word' id='word_1_329' title='bbox 1547 2614 1826 2673; x_wconf 82' lang='lat' dir='ltr'>praesertim,</span> <span class='ocrx_word' id='word_1_330' title='bbox 1864 2616 1945 2675; x_wconf 90' lang='lat' dir='ltr'>qui</span> <span class='ocrx_word' id='word_1_331' title='bbox 1989 2614 2166 2661; x_wconf 90' lang='lat' dir='ltr'>Gallica-</span> 
     </span>
     <span class='ocr_line' id='line_1_34' title="bbox 242 2690 2165 2753; baseline -0.004 -11"><span class='ocrx_word' id='word_1_332' title='bbox 242 2698 447 2742; x_wconf 87' lang='lat' dir='ltr'>nismum</span> <span class='ocrx_word' id='word_1_333' title='bbox 480 2695 571 2740; x_wconf 91' lang='lat' dir='ltr'>huc</span> <span class='ocrx_word' id='word_1_334' title='bbox 610 2706 758 2753; x_wconf 87' lang='lat' dir='ltr'>usque</span> <span class='ocrx_word' id='word_1_335' title='bbox 783 2690 1019 2751; x_wconf 87' lang='lat' dir='ltr'>discipulis</span> <span class='ocrx_word' id='word_1_336' title='bbox 1055 2691 1148 2737; x_wconf 90' lang='lat' dir='ltr'>suis</span> <span class='ocrx_word' id='word_1_337' title='bbox 1175 2690 1460 2745; x_wconf 90' lang='lat' dir='ltr'>infuderunt,</span> <span class='ocrx_word' id='word_1_338' title='bbox 1491 2694 1612 2735; x_wconf 87' lang='lat' dir='ltr'>stare</span> <span class='ocrx_word' id='word_1_339' title='bbox 1648 2703 1703 2735; x_wconf 84' lang='lat' dir='ltr'>ex</span> <span class='ocrx_word' id='word_1_340' title='bbox 1736 2704 1827 2736; x_wconf 91' lang='lat' dir='ltr'>una</span> <span class='ocrx_word' id='word_1_341' title='bbox 1859 2695 1987 2750; x_wconf 89' lang='lat' dir='ltr'>parte</span> <span class='ocrx_word' id='word_1_342' title='bbox 2025 2690 2165 2737; x_wconf 92' lang='lat' dir='ltr'>virum</span> 
     </span>
     <span class='ocr_line' id='line_1_35' title="bbox 245 2764 2157 2825; baseline -0.004 -5"><span class='ocrx_word' id='word_1_343' title='bbox 245 2770 612 2824; x_wconf 90' lang='lat' dir='ltr'>sanctissimum,</span> <span class='ocrx_word' id='word_1_344' title='bbox 642 2770 794 2814; x_wconf 90' lang='lat' dir='ltr'>virum</span> <span class='ocrx_word' id='word_1_345' title='bbox 831 2766 1164 2824; x_wconf 90' lang='lat' dir='ltr'>doctissimum,</span> <span class='ocrx_word' id='word_1_346' title='bbox 1207 2766 1262 2811; x_wconf 89' lang='lat' dir='ltr'>ab</span> <span class='ocrx_word' id='word_1_347' title='bbox 1302 2770 1400 2812; x_wconf 90' lang='lat' dir='ltr'>arte</span> <span class='ocrx_word' id='word_1_348' title='bbox 1435 2764 1619 2825; x_wconf 89' lang='lat' dir='ltr'>politica</span> <span class='ocrx_word' id='word_1_349' title='bbox 1654 2779 1705 2811; x_wconf 91' lang='lat' dir='ltr'>ac</span> <span class='ocrx_word' id='word_1_350' title='bbox 1738 2766 1876 2812; x_wconf 91' lang='lat' dir='ltr'>rebus</span> <span class='ocrx_word' id='word_1_351' title='bbox 1919 2766 2157 2813; x_wconf 88' lang='lat' dir='ltr'>mundanis</span> 
     </span>
     <span class='ocr_line' id='line_1_36' title="bbox 243 2842 2159 2905; baseline -0.004 -9"><span class='ocrx_word' id='word_1_352' title='bbox 243 2848 594 2902; x_wconf 89' lang='lat' dir='ltr'>alienissimum,</span> <span class='ocrx_word' id='word_1_353' title='bbox 622 2859 708 2891; x_wconf 91' lang='lat' dir='ltr'>nec</span> <span class='ocrx_word' id='word_1_354' title='bbox 732 2844 978 2905; x_wconf 90' lang='lat' dir='ltr'>quicquam</span> <span class='ocrx_word' id='word_1_355' title='bbox 1003 2843 1280 2889; x_wconf 83' lang='lat' dir='ltr'>scribentem</span> <span class='ocrx_word' id='word_1_356' title='bbox 1318 2846 1394 2887; x_wconf 89' lang='lat' dir='ltr'>aut</span> <span class='ocrx_word' id='word_1_357' title='bbox 1417 2847 1711 2902; x_wconf 86' lang='lat' dir='ltr'>peragentem</span> <span class='ocrx_word' id='word_1_358' title='bbox 1739 2842 1829 2889; x_wconf 89' lang='lat' dir='ltr'>nisi</span> <span class='ocrx_word' id='word_1_359' title='bbox 1867 2843 1989 2904; x_wconf 91' lang='lat' dir='ltr'>quod</span> <span class='ocrx_word' id='word_1_360' title='bbox 2022 2842 2159 2902; x_wconf 90' lang='lat' dir='ltr'>magis</span> 
     </span>
     <span class='ocr_line' id='line_1_37' title="bbox 251 2919 2159 2986; baseline -0.005 -12"><span class='ocrx_word' id='word_1_361' title='bbox 251 2929 338 2974; x_wconf 88' lang='lat' dir='ltr'>Deo</span> <span class='ocrx_word' id='word_1_362' title='bbox 373 2925 556 2986; x_wconf 89' lang='lat' dir='ltr'>placere</span> <span class='ocrx_word' id='word_1_363' title='bbox 590 2928 635 2970; x_wconf 89' lang='lat' dir='ltr'>et</span> <span class='ocrx_word' id='word_1_364' title='bbox 660 2921 874 2968; x_wconf 83' lang='lat' dir='ltr'>Ecclesiae</span> <span class='ocrx_word' id='word_1_365' title='bbox 900 2920 1118 2980; x_wconf 86' lang='lat' dir='ltr'>prodesse</span> <span class='ocrx_word' id='word_1_366' title='bbox 1148 2919 1458 2974; x_wconf 85' lang='lat' dir='ltr'>existimaret;</span> <span class='ocrx_word' id='word_1_367' title='bbox 1494 2919 1573 2979; x_wconf 91' lang='lat' dir='ltr'>qui</span> <span class='ocrx_word' id='word_1_368' title='bbox 1604 2925 1758 2967; x_wconf 91' lang='lat' dir='ltr'>tamen</span> <span class='ocrx_word' id='word_1_369' title='bbox 1786 2920 1901 2966; x_wconf 90' lang='lat' dir='ltr'>nihil</span> <span class='ocrx_word' id='word_1_370' title='bbox 1937 2920 2159 2981; x_wconf 89' lang='lat' dir='ltr'>antiquius</span> 
     </span>
     <span class='ocr_line' id='line_1_38' title="bbox 248 2994 2160 3060; baseline -0.006 -9"><span class='ocrx_word' id='word_1_371' title='bbox 248 3003 406 3051; x_wconf 89' lang='lat' dir='ltr'>habuit</span> <span class='ocrx_word' id='word_1_372' title='bbox 437 3005 515 3047; x_wconf 90' lang='lat' dir='ltr'>aut</span> <span class='ocrx_word' id='word_1_373' title='bbox 548 3000 604 3046; x_wconf 90' lang='lat' dir='ltr'>de</span> <span class='ocrx_word' id='word_1_374' title='bbox 626 2998 831 3060; x_wconf 89' lang='lat' dir='ltr'>quolibet</span> <span class='ocrx_word' id='word_1_375' title='bbox 854 2997 942 3043; x_wconf 86' lang='lat' dir='ltr'>alio</span> <span class='ocrx_word' id='word_1_376' title='bbox 968 2996 1112 3055; x_wconf 90' lang='lat' dir='ltr'>magis</span> <span class='ocrx_word' id='word_1_377' title='bbox 1133 2995 1354 3042; x_wconf 90' lang='lat' dir='ltr'>sollicitus</span> <span class='ocrx_word' id='word_1_378' title='bbox 1378 2994 1482 3048; x_wconf 90' lang='lat' dir='ltr'>fuit,</span> <span class='ocrx_word' id='word_1_379' title='bbox 1512 3009 1649 3055; x_wconf 91' lang='lat' dir='ltr'>quam</span> <span class='ocrx_word' id='word_1_380' title='bbox 1673 3001 1725 3042; x_wconf 92' lang='lat' dir='ltr'>ut</span> <span class='ocrx_word' id='word_1_381' title='bbox 1749 2997 1872 3043; x_wconf 91' lang='lat' dir='ltr'>hunc</span> <span class='ocrx_word' id='word_1_382' title='bbox 1894 2996 2043 3056; x_wconf 90' lang='lat' dir='ltr'>ipsum</span> <span class='ocrx_word' id='word_1_383' title='bbox 2067 2994 2160 3042; x_wconf 90' lang='lat' dir='ltr'>Gal-</span> 
     </span>
     <span class='ocr_line' id='line_1_39' title="bbox 247 3071 2162 3129; baseline -0.006 0"><span class='ocrx_word' id='word_1_384' title='bbox 247 3080 478 3129; x_wconf 89' lang='lat' dir='ltr'>licanismi</span> <span class='ocrx_word' id='word_1_385' title='bbox 501 3090 708 3124; x_wconf 89' lang='lat' dir='ltr'>errorem</span> <span class='ocrx_word' id='word_1_386' title='bbox 735 3075 792 3122; x_wconf 94' lang='lat' dir='ltr'>de</span> <span class='ocrx_word' id='word_1_387' title='bbox 814 3074 965 3121; x_wconf 90' lang='lat' dir='ltr'>medio</span> <span class='ocrx_word' id='word_1_388' title='bbox 994 3072 1194 3120; x_wconf 91' lang='lat' dir='ltr'>tolleret.</span> <span class='ocrx_word' id='word_1_389' title='bbox 1231 3072 1356 3126; x_wconf 88' lang='lat' dir='ltr'>Quod</span> <span class='ocrx_word' id='word_1_390' title='bbox 1388 3071 1454 3118; x_wconf 93' lang='lat' dir='ltr'>sic</span> <span class='ocrx_word' id='word_1_391' title='bbox 1484 3071 1725 3119; x_wconf 90' lang='lat' dir='ltr'>adnotabat</span> <span class='ocrx_word' id='word_1_392' title='bbox 1755 3086 1904 3119; x_wconf 87' lang='lat' dir='ltr'>causae</span> <span class='ocrx_word' id='word_1_393' title='bbox 1935 3072 2162 3119; x_wconf 88' lang='lat' dir='ltr'>canoniza-</span> 
     </span>
     <span class='ocr_line' id='line_1_40' title="bbox 250 3147 2158 3211; baseline -0.006 -7"><span class='ocrx_word' id='word_1_394' title='bbox 250 3158 390 3205; x_wconf 90' lang='lat' dir='ltr'>tionis</span> <span class='ocrx_word' id='word_1_395' title='bbox 433 3155 645 3202; x_wconf 89' lang='lat' dir='ltr'>defensor</span> <span class='ocrx_word' id='word_1_396' title='bbox 678 3166 689 3200; x_wconf 74' lang='grc' dir='ltr'>ε</span> <span class='ocrx_word' id='word_1_397' title='bbox 724 3169 743 3195; x_wconf 89' lang='grc'>«</span> <span class='ocrx_word' id='word_1_398' title='bbox 779 3151 825 3197; x_wconf 89' lang='grc' dir='ltr'>Β.</span> <span class='ocrx_word' id='word_1_399' title='bbox 857 3151 1114 3211; x_wconf 87' lang='lat' dir='ltr'>Alphonsus</span> <span class='ocrx_word' id='word_1_400' title='bbox 1151 3154 1292 3196; x_wconf 87' lang='lat' dir='ltr'>totam</span> <span class='ocrx_word' id='word_1_401' title='bbox 1316 3147 1488 3206; x_wconf 88' lang='lat' dir='ltr'>ingenii</span> <span class='ocrx_word' id='word_1_402' title='bbox 1512 3148 1675 3204; x_wconf 91' lang='lat' dir='ltr'>aciem,</span> <span class='ocrx_word' id='word_1_403' title='bbox 1708 3154 1871 3195; x_wconf 89' lang='lat' dir='ltr'>natura</span> <span class='ocrx_word' id='word_1_404' title='bbox 1902 3148 2158 3201; x_wconf 91' lang='lat' dir='ltr'>sublimem,</span> 
     </span>
     <span class='ocr_line' id='line_1_41' title="bbox 255 3221 2164 3294; baseline -0.007 -13"><span class='ocrx_word' id='word_1_405' title='bbox 255 3233 510 3294; x_wconf 91' lang='lat' dir='ltr'>studiisque</span> <span class='ocrx_word' id='word_1_406' title='bbox 535 3229 734 3276; x_wconf 83' lang='lat' dir='ltr'>maxime</span> <span class='ocrx_word' id='word_1_407' title='bbox 757 3228 999 3283; x_wconf 89' lang='lat' dir='ltr'>excultam,</span> <span class='ocrx_word' id='word_1_408' title='bbox 1027 3226 1076 3273; x_wconf 91' lang='lat' dir='ltr'>in</span> <span class='ocrx_word' id='word_1_409' title='bbox 1106 3226 1152 3272; x_wconf 90' lang='lat' dir='ltr'>id</span> <span class='ocrx_word' id='word_1_410' title='bbox 1176 3226 1442 3287; x_wconf 79' lang='lat' dir='ltr'>pracsertim</span> <span class='ocrx_word' id='word_1_411' title='bbox 1480 3223 1696 3281; x_wconf 91' lang='lat' dir='ltr'>intendit,</span> <span class='ocrx_word' id='word_1_412' title='bbox 1726 3228 1778 3270; x_wconf 92' lang='lat' dir='ltr'>ut</span> <span class='ocrx_word' id='word_1_413' title='bbox 1813 3223 1988 3270; x_wconf 91' lang='lat' dir='ltr'>Summi</span> <span class='ocrx_word' id='word_1_414' title='bbox 2014 3221 2164 3269; x_wconf 91' lang='lat' dir='ltr'>Ponti-</span> 
     </span>
     <span class='ocr_line' id='line_1_42' title="bbox 253 3297 2160 3364; baseline -0.008 -6"><span class='ocrx_word' id='word_1_415' title='bbox 253 3312 351 3358; x_wconf 89' lang='lat' dir='ltr'>ficis</span> <span class='ocrx_word' id='word_1_416' title='bbox 381 3309 696 3357; x_wconf 88' lang='lat' dir='ltr'>auctoritatem</span> <span class='ocrx_word' id='word_1_417' title='bbox 727 3319 752 3352; x_wconf 92' lang='lat' dir='ltr'>a</span> <span class='ocrx_word' id='word_1_418' title='bbox 791 3305 1139 3364; x_wconf 86' lang='lat' dir='ltr'>malignantium</span> <span class='ocrx_word' id='word_1_419' title='bbox 1167 3300 1525 3350; x_wconf 89' lang='lat' dir='ltr'>cavillationibus</span> <span class='ocrx_word' id='word_1_420' title='bbox 1557 3301 1877 3348; x_wconf 90' lang='lat' dir='ltr'>defenderet...</span> <span class='ocrx_word' id='word_1_421' title='bbox 1908 3300 2033 3346; x_wconf 90' lang='lat' dir='ltr'>Prior</span> <span class='ocrx_word' id='word_1_422' title='bbox 2061 3297 2160 3350; x_wconf 89' lang='lat' dir='ltr'>erit.</span> 
     </span>
     <span class='ocr_line' id='line_1_43' title="bbox 253 3377 2165 3445; baseline -0.007 -11"><span class='ocrx_word' id='word_1_423' title='bbox 253 3389 377 3434; x_wconf 82' lang='lat' dir='ltr'>inter</span> <span class='ocrx_word' id='word_1_424' title='bbox 414 3387 513 3432; x_wconf 80' lang='lat' dir='ltr'>aris</span> <span class='ocrx_word' id='word_1_425' title='bbox 539 3384 787 3445; x_wconf 82' lang='lat' dir='ltr'>impositos,</span> <span class='ocrx_word' id='word_1_426' title='bbox 826 3381 905 3442; x_wconf 89' lang='lat' dir='ltr'>qui</span> <span class='ocrx_word' id='word_1_427' title='bbox 935 3380 1167 3427; x_wconf 86' lang='lat' dir='ltr'>Pontificis</span> <span class='ocrx_word' id='word_1_428' title='bbox 1202 3377 1577 3425; x_wconf 87' lang='lat' dir='ltr'>infallibilitatem</span> <span class='ocrx_word' id='word_1_429' title='bbox 1609 3377 1659 3423; x_wconf 93' lang='lat' dir='ltr'>in</span> <span class='ocrx_word' id='word_1_430' title='bbox 1691 3378 1828 3424; x_wconf 89' lang='lat' dir='ltr'>rebus</span> <span class='ocrx_word' id='word_1_431' title='bbox 1858 3377 1965 3422; x_wconf 82' lang='lat' dir='ltr'>fidei</span> <span class='ocrx_word' id='word_1_432' title='bbox 1996 3381 2040 3422; x_wconf 89' lang='lat' dir='ltr'>et</span> <span class='ocrx_word' id='word_1_433' title='bbox 2069 3387 2165 3421; x_wconf 92' lang='lat' dir='ltr'>mo-</span> 
     </span>
     <span class='ocr_line' id='line_1_44' title="bbox 257 3455 2164 3520; baseline -0.006 -12"><span class='ocrx_word' id='word_1_434' title='bbox 257 3478 365 3509; x_wconf 88' lang='lat' dir='ltr'>rum</span> <span class='ocrx_word' id='word_1_435' title='bbox 396 3461 695 3515; x_wconf 80' lang='lat' dir='ltr'>definiendiS‚</span> <span class='ocrx_word' id='word_1_436' title='bbox 728 3466 978 3520; x_wconf 82' lang='lat' dir='ltr'>antequam</span> <span class='ocrx_word' id='word_1_437' title='bbox 1011 3456 1200 3504; x_wconf 83' lang='lat' dir='ltr'>accedat</span> <span class='ocrx_word' id='word_1_438' title='bbox 1237 3455 1448 3503; x_wconf 74' lang='lat' dir='ltr'>Ecclesiae</span> <span class='ocrx_word' id='word_1_439' title='bbox 1486 3467 1757 3511; x_wconf 83' lang='lat' dir='ltr'>consensus,</span> <span class='ocrx_word' id='word_1_440' title='bbox 1808 3467 1995 3514; x_wconf 68' lang='lat' dir='ltr'>ejusque</span> <span class='ocrx_word' id='word_1_441' title='bbox 2030 3463 2164 3512; x_wconf 90' lang='lat' dir='ltr'>supra</span> 
     </span>
     <span class='ocr_line' id='line_1_45' title="bbox 259 3529 2164 3590; baseline -0.006 -6"><span class='ocrx_word' id='word_1_442' title='bbox 259 3539 507 3585; x_wconf 90' lang='lat' dir='ltr'>concilium</span> <span class='ocrx_word' id='word_1_443' title='bbox 526 3537 862 3586; x_wconf 73' lang='lat' dir='ltr'>oecumenicum</span> <span class='ocrx_word' id='word_1_444' title='bbox 893 3534 1231 3586; x_wconf 89' lang='lat' dir='ltr'>auctoritatem,</span> <span class='ocrx_word' id='word_1_445' title='bbox 1263 3531 1320 3578; x_wconf 86' lang='lat' dir='ltr'>ab</span> <span class='ocrx_word' id='word_1_446' title='bbox 1343 3531 1398 3577; x_wconf 91' lang='lat' dir='ltr'>iis</span> <span class='ocrx_word' id='word_1_447' title='bbox 1428 3531 1700 3578; x_wconf 92' lang='lat' dir='ltr'>commentis</span> <span class='ocrx_word' id='word_1_448' title='bbox 1732 3544 1784 3576; x_wconf 90' lang='lat' dir='ltr'>ac</span> <span class='ocrx_word' id='word_1_449' title='bbox 1817 3529 2164 3590; x_wconf 91' lang='lat' dir='ltr'>sophismatibus</span> 
     </span>
     <span class='ocr_line' id='line_1_46' title="bbox 255 3603 2152 3674; baseline -0.004 -16"><span class='ocrx_word' id='word_1_450' title='bbox 255 3613 421 3674; x_wconf 89' lang='lat' dir='ltr'>quibus</span> <span class='ocrx_word' id='word_1_451' title='bbox 442 3621 597 3662; x_wconf 87' lang='lat' dir='ltr'>nostra</span> <span class='ocrx_word' id='word_1_452' title='bbox 622 3619 753 3661; x_wconf 86' lang='lat' dir='ltr'>aetate</span> <span class='ocrx_word' id='word_1_453' title='bbox 789 3614 863 3660; x_wconf 89' lang='lat' dir='ltr'>hae</span> <span class='ocrx_word' id='word_1_454' title='bbox 892 3613 1112 3660; x_wconf 83' lang='lat' dir='ltr'>veritates</span> <span class='ocrx_word' id='word_1_455' title='bbox 1136 3614 1477 3672; x_wconf 83' lang='lat' dir='ltr'>oppugnantur,</span> <span class='ocrx_word' id='word_1_456' title='bbox 1514 3607 1671 3656; x_wconf 90' lang='lat' dir='ltr'>solidis</span> <span class='ocrx_word' id='word_1_457' title='bbox 1706 3607 1988 3666; x_wconf 86' lang='lat' dir='ltr'>argumentis</span> <span class='ocrx_word' id='word_1_458' title='bbox 2016 3603 2152 3651; x_wconf 89' lang='lat' dir='ltr'>vindi-</span> 
     </span>
    </p>
   </div>
   <div class='ocr_carea' id='block_1_6' title="bbox 2176 0 2262 1787">
    <p class='ocr_par' dir='ltr' id='par_1_7' title="bbox 2176 0 2262 1787">
     <span class='ocr_line' id='line_1_47' title="bbox 2176 0 2262 1787; baseline 0 0"><span class='ocrx_word' id='word_1_459' title='bbox 2176 0 2262 1787; x_wconf 95' lang='lat' dir='ltr'> </span> 
     </span>
    </p>
   </div>
  </div>
 </body>
</html>
