2306 4010
291 140 348 185 96
966 119 1254 173 TRACTATUS
1284 118 1350 164 DE
1381 115 1528 164 PAPA.

294 245 436 302 forte
467 242 608 300 naevi
647 260 677 296 e
705 210 1184 307 contemporaneis
1228 221 1710 299 disputationibus
1757 223 2010 298 traxerit.
2060 223 2201 280 Eum

294 347 451 399 vocat
486 334 847 396 Innocentius
869 323 1262 386 Xsacerdotem
1304 321 1538 394 fidelem,
1583 340 1686 395 qua
1717 325 1774 378 in
1803 324 2065 378 communi
2089 324 2203 378 ani-

293 456 497 496 morum
519 431 945 491 consternatione
966 441 1023 479 se
1051 430 1283 496 opponat
1304 439 1516 476 murum
1534 439 1635 495 pro
1652 422 1807 477 domo
1840 421 2008 477 Israel
2039 419 2207 496 (apud

296 536 603 601 Sfondrat„
636 527 810 586 Gallia
830 523 1116 590 vindicata,
1139 519 1344 595 pagina
1372 519 1481 575 290
1508 518 1774 575 editionis
1799 518 1994 589 1702).

369 627 625 705 Epistolae
663 639 833 695 quam
861 619 928 676 ad
958 626 1180 694 patrem
1204 618 1276 675 de
1296 618 1350 674 la
1375 618 1572 675 Chaise
1599 617 1829 693 scripsit
1855 617 1947 674 die
1965 618 2036 675 14
2059 616 2211 692 junii

296 730 465 796 1679,
497 733 659 781 tenor
684 728 767 778 est
806 718 1137 794 hujusmodi
1163 739 1173 771 :

373 847 398 877 «
438 820 756 878 Admodum
788 818 1092 874 reverende
1119 818 1280 875 Pater
1300 853 1377 860 —-
1417 819 1762 876 Jamdudum
1799 817 1990 874 animo
2016 836 2216 893 propo-

296 940 520 982 sueram
551 918 858 976 admodum
887 917 1253 973 reverendam
1300 917 1695 992 paternitatem
1738 923 1982 973 vestram
2014 915 2218 971 litteris

297 1022 616 1087 convenire3
641 1018 737 1075 sed
760 1036 831 1074 ne
851 1016 908 1073 id
929 1017 1193 1086 facerem,
1213 1017 1355 1073 duas
1375 1017 1694 1092 praesertim
1723 1017 1793 1071 ob
1809 1034 2011 1072 causas
2031 1015 2219 1090 prohi-

301 1125 453 1182 bitus
484 1138 629 1177 sum.
659 1118 845 1173 Primo
881 1115 1033 1174 enim
1058 1116 1291 1172 verebar
1324 1134 1394 1172 ne
1421 1133 1650 1191 operam
1678 1114 1974 1189 perderem
2003 1119 2058 1169 et
2078 1112 2223 1168 nihil

305 1220 598 1280 scribendo
649 1217 1001 1292 proficerem.
1049 1214 1256 1270 Deinde
1291 1232 1385 1283 ne,
1417 1213 1464 1269 si
1496 1230 1875 1286 conquererer
1901 1230 2039 1284 quas
2068 1230 2099 1266 a
2126 1229 2222 1286 pa-

305 1320 565 1378 ternitate
590 1323 776 1373 vestra
814 1315 1054 1371 sufferre
1084 1313 1376 1369 molestias
1408 1331 1600 1386 cogor,
1632 1312 1756 1387 ipsa
1783 1312 2000 1386 privato
2032 1311 2224 1386 potius

306 1419 507 1489 dolori,
533 1435 705 1491 quam
730 1413 982 1488 aequitati
1003 1414 1230 1486 zeloque
1263 1412 1644 1468 immunitatis
1677 1411 2068 1468 ecclesiasticae
2102 1429 2229 1466 con-

307 1510 589 1568 servandae
614 1527 706 1564 cas
742 1506 1002 1580 querelas
1034 1504 1400 1560 adscriberet.
1446 1503 1523 1559 Ne
1551 1508 1745 1559 tamen
1776 1503 1895 1558 ulla
1934 1502 1992 1556 in
2024 1519 2085 1556 re
2111 1519 2230 1576 par-

308 1610 459 1666 tibus
488 1608 628 1663 ineis
653 1607 898 1662 defuisse
925 1605 1161 1673 viderer,
1193 1609 1290 1659 aut
1311 1602 1528 1676 aliquid
1550 1602 1903 1675 inexpertum
1926 1598 2231 1672 reliquisse

313 1710 472 1764 bonae
503 1724 682 1761 causae
730 1705 1090 1777 libertatique
1118 1703 1377 1759 Ecclesiae
1415 1722 1445 1758 a
1477 1702 1670 1758 divina
1706 1700 2059 1757 Providentia
2090 1699 2233 1755 mihi

316 1805 633 1864 commissa}
658 1804 1035 1879 providendae,
1071 1803 1244 1859 statui
1281 1803 1595 1858 amicorum
1631 1801 1886 1858 consiliis
1925 1801 2143 1870 cedere,
2182 1806 2236 1857 et

321 1908 366 1963 si
401 1906 538 1980 quid
563 1904 806 1961 obtineri
834 1909 1040 1979 posset,
1081 1905 1185 1959 hac
1209 1921 1432 1976 quoque
1464 1901 1699 1977 epistola
1732 1901 2046 1976 experiri...
2071 1899 2237 1973 Equi-

322 2007 448 2065 dem
479 2006 525 2062 si
554 2011 648 2061 aut
684 2010 879 2061 contra
908 2003 1304 2078 paternitatem
1332 2008 1574 2059 vestram
1625 2007 1720 2057 aut
1748 2002 1870 2075 ejus
1913 2001 2238 2057 societatem

324 2104 559 2181 privatis
580 2103 723 2159 odiis
744 2121 807 2159 ac
825 2101 1214 2158 simultatibus
1238 2101 1573 2171 concitarcr,
1591 2099 1695 2156 scit
1715 2100 1835 2174 ipsa
1855 2118 2026 2172 quam
2048 2099 2242 2155 multae

327 2204 718 2280 praeclaraeque
743 2202 1065 2257 occasiones
1095 2201 1532 2269 abundaverint,
1557 2202 1778 2275 justum
1805 2199 1982 2255 animi
2014 2199 2125 2255 mei
2148 2199 2243 2255 do-

327 2303 502 2358 lorem
550 2300 937 2366 contestandi3
985 2301 1273 2372 nequeab
1308 2299 1423 2354 ullo
1464 2298 1793 2354 mortalium
1836 2297 1894 2352 id
1941 2296 2081 2352 mihi
2114 2296 2246 2353 vitio

326 2401 465 2456 verti
499 2399 796 2475 potuisset,
824 2397 1030 2473 quippe
1061 2416 1173 2452 non
1206 2415 1351 2468 mea,
1383 2396 1479 2452 sed
1508 2396 1761 2452 veritatis
1794 2394 2106 2468 acjustitiae
2132 2394 2245 2450 imo

327 2500 461 2556 boni
496 2498 707 2573 publici
746 2516 916 2553 causa
973 2497 1266 2570 agebatur.
1305 2497 1371 2551 At
1417 2495 1592 2551 malui
1643 2494 1937 2551 charitatis
1989 2493 2280 2550 christia-.

329 2613 529 2669 naeque
575 2594 891 2668 prudentiae
934 2594 1213 2650 rationem
1246 2595 1476 2664 habere,
1503 2612 1607 2650 nec
1632 2594 1791 2669 prius
1819 2592 2111 2650 silentium
2150 2593 2248 2649 ab·

329 2710 616 2765 rumpere,
647 2709 819 2763 quam
854 2691 1159 2747 necessitas
1203 2690 1361 2764 loqui
1395 2709 1487 2747 me
1517 2698 1759 2765 cogeret.

413 2811 440 2842 «
471 2789 635 2845 Plane
671 2806 801 2844 cum
842 2787 1243 2862 paternitatem
1270 2796 1512 2845 vestram
1544 2796 1598 2845 et
1634 2790 2004 2847 christianam
2032 2807 2155 2846 esse
2202 2792 2255 2843 et

336 2889 655 2962 religiosam
684 2888 1021 2962 cogitabam,
1058 2907 1372 2963 numquam
1401 2889 1730 2963 persuaderi
1763 2896 2040 2962 poteram,
2066 2894 2120 2943 et
2141 2886 2254 2942 nisi

340 2993 438 3045 aut
468 2987 588 3062 ipsa
620 2992 716 3042 aut
761 2986 883 3060 ejus
935 2986 1171 3042 societas
1204 2987 1394 3060 aliqua
1440 2987 1498 3041 in
1531 3006 1593 3043 re
1635 2987 1850 3043 offensa
1888 3005 1917 3041 a
1949 3003 2037 3041 me
2086 2991 2252 3057 esset,

342 3085 478 3141 adeo
503 3084 759 3141 vindictae
786 3083 1004 3140 avidam
1032 3083 1173 3155 fore,
1203 3091 1267 3139 ut
1291 3102 1414 3140 eam
1439 3089 1596 3140 tanto
1628 3084 1826 3141 divinae
1851 3083 2044 3158 gloriae
2071 3102 2135 3140 ac
2153 3084 2256 3138 im-

343 3182 638 3238 munitatis
666 3181 1054 3238 ecclesiasticae
1085 3180 1382 3256 dispendio
1422 3189 1719 3255 quaereret.

423 3302 450 3333 «
475 3279 776 3337 Reminisci
795 3279 981 3336 adhuc
998 3285 1203 3354 potest,
1226 3298 1356 3335 cum
1381 3298 1503 3336 eam
1528 3280 1898 3337 conveniendi
1918 3280 2143 3337 Parisiis
2166 3298 2257 3336 oc-

347 3377 493 3434 casio
522 3379 742 3449 fuisset,
777 3378 1152 3453 vidissemque
1171 3379 1335 3452 globo
1369 3380 1883 3438 ecclesiasticorum
1925 3378 2254 3449 incinctam,

348 3471 469 3549 ejus
495 3475 679 3532 favore
704 3477 973 3534 beneficia
1002 3478 1379 3553 captantium,
1407 3479 1618 3537 dixisse
1643 3479 1808 3535 mibi:
1842 3478 1945 3534 Hos
1975 3496 2085 3534 esse
2111 3478 2259 3552 lupos

345 3573 534 3647 praedae
553 3574 884 3632 insidiantes.
920 3576 1037 3642 Qua
1066 3595 1197 3651 ergo
1233 3579 1596 3650 conscientia,
1626 3596 1750 3653 quae
1770 3576 1926 3651 gregi
1956 3577 2143 3634 ovium
2174 3575 2261 3632 ina
