2262 3990
850 191 980 241 PARS
1009 190 1246 239 SECUNDA.
1905 188 1995 235 455

123 302 299 379 magis
344 308 602 377 argutum
642 317 810 374 quam
861 303 993 356 sunt
1039 294 1416 355 communiter
1458 293 1708 352 homines
1747 294 1805 351 in
1844 293 1994 351 inve-

121 401 356 471 niendo,
397 400 562 456 etiam
605 398 675 454 ad
719 397 960 454 favorem
1014 394 1455 471 propositionum
1495 391 1798 463 falsarum,
1840 390 1993 465 inge-

121 498 313 555 niosos
339 503 392 554 et
421 494 733 572 apparentis
762 491 1169 570 probabilitatis
1191 491 1501 548 discursus,

200 593 316 650 «Et
353 611 482 650 eum
524 590 845 665 adsignatus
879 589 981 646 tibi
1014 589 1211 646 fuisset
1248 585 1892 646 terminusconveniens
1928 586 1996 642 ad
2053 647 2066 657 ‚

123 691 210 748 tui
240 690 618 747 defensionem
645 688 975 755 faciendam,
1010 685 1293 760 protulisti
1330 684 1773 742 testificationem
1809 702 1877 740 ex
1902 702 1998 741 au-

129 788 395 861 tographo
421 781 856 854 Eminentissimi
893 780 1108 836 Domini
1144 780 1448 837 Cardinalis
1479 781 1825 852 Bellarmini,
1859 799 1891 837 a
1921 771 1998 851 te,

121 890 183 940 ut
229 883 477 953 dicebas,
523 884 911 956 procuratam,
943 884 1005 933 ut
1042 883 1098 932 te
1137 877 1461 933 defenderes
1501 894 1531 933 a
1562 878 1861 934 calumniis
1900 878 2003 934 ini-

119 980 390 1036 micorum
426 983 671 1046 tuorum,
707 974 804 1047 qui
841 973 1191 1044 dictitabant,
1227 979 1282 1029 te
1314 974 1601 1047 abjurasse
1631 982 1685 1032 et
1736 976 1999 1053 punitum

119 1075 295 1133 fuisse
338 1092 369 1130 a
407 1074 602 1130 Sancto
638 1071 846 1137 Offici03
887 1072 945 1126 in
977 1062 1087 1146 qua
1131 1071 1521 1128 testificatione
1557 1071 1761 1130 dicitur
1796 1080 1850 1130 te
1889 1092 2002 1130 non

117 1172 426 1245 abjurasse,
470 1188 651 1243 neque
690 1170 953 1245 punitum
994 1170 1187 1241 fuisse,
1235 1170 1331 1227 scd
1366 1171 1754 1226 tantummodo
1791 1172 2003 1227 denun-

130 1268 319 1324 tiatam
362 1267 463 1324 tibi
505 1268 677 1324 fuisse
706 1267 1131 1324 declarationem
1168 1268 1371 1324 factam
1409 1287 1439 1324 a
1464 1268 1691 1324 Domino
1722 1274 1912 1324 nostro
1947 1275 2001 1326 et

115 1364 520 1438 promulgatam
564 1384 593 1420 a
634 1363 799 1420 Sacra
839 1364 1263 1438 Congrcgatione
1302 1364 1525 1436 Indicis,
1570 1365 1626 1420 in
1669 1384 1777 1438 qua
1819 1366 1995 1421 conti-

112 1467 278 1515 netur
310 1459 615 1515 doctrinam
639 1461 708 1516 de
733 1466 888 1516 motu
915 1466 1074 1517 terrae
1095 1468 1149 1518 et
1172 1462 1477 1518 stabilitate
1502 1462 1636 1518 solis
1662 1462 1995 1518 contrariam

112 1574 233 1612 esse
265 1556 447 1612 Sacris
476 1557 795 1632 ScripturiS,
827 1559 1058 1631 ideoque
1083 1559 1303 1615 defendi
1330 1578 1442 1615 non
1476 1578 1635 1634 posse
1661 1577 1762 1615 nec
1791 1560 1990 1616 teneri.

111 1653 289 1716 Quare
328 1672 454 1709 cum
495 1655 570 1709 ibi
612 1655 819 1711 mentio
860 1674 970 1712 non
1009 1657 1103 1712 fiat
1137 1656 1377 1712 duarum
1413 1657 1821 1732 particularum
1856 1673 1992 1729 prte-

109 1751 274 1824 cepti,
313 1750 566 1808 videlicet
610 1754 804 1810 docere
852 1743 1142 1827 et'quovis
1187 1754 1371 1824 modo,
1419 1755 1760 1811 credendum
1806 1759 1886 1809 est
1930 1754 1987 1809 in

106 1844 338 1900 decursu
381 1849 812 1919 quatuordecim
855 1855 950 1905 aut
995 1850 1271 1906 sexdecim
1315 1868 1592 1906 annorum
1644 1867 1737 1906 eas
1800 1849 1901 1904 tibi
1957 1867 1986 1904 e

104 1943 369 1998 memoria
394 1943 678 2015 excidisse,
699 1927 764 2001 'et
790 1946 859 2001 ob
890 1947 1032 2002 hanc
1052 1947 1231 2020 ipsam
1259 1964 1482 2002 causam
1508 1953 1561 2002 te
1588 1946 1826 2002 tacuisse
1849 1964 1985 2019 prae-

100 2046 342 2113 ceptum,
384 2042 607 2114 quando
644 2043 851 2116 petiisti
894 2044 1211 2100 facultatem
1250 2045 1458 2101 librum
1483 2045 1626 2122 typis
1654 2044 1978 2114 mandandi,

100 2142 152 2190 et
188 2137 289 2191 hoc
321 2156 350 2191 a
379 2144 432 2192 te
456 2138 565 2194 dici
594 2157 706 2195 non
738 2141 806 2195 ad
843 2143 1219 2198 excusandum
1249 2160 1519 2212 errorem,
1549 2145 1647 2199 sed
1677 2151 1736 2199 ut
1769 2144 1979 2200 adscri-

101 2229 328 2286 beretur
350 2250 502 2289 vanae
527 2236 818 2291 ambitioni
849 2239 1034 2310 potius
1075 2257 1243 2310 quam
1285 2239 1530 2294 malitiae.
1560 2239 1664 2294 Sed
1705 2242 1822 2296 haec
1858 2242 1977 2314 ipsa

102 2326 411 2384 testificatio
436 2331 700 2403 producta
729 2333 797 2387 ad
824 2334 905 2388 tui
932 2334 1334 2406 defensionem,
1362 2343 1516 2392 tuam
1543 2355 1768 2394 causam
1797 2339 1977 2412 magis

99 2425 422 2495 aggravavit,
460 2426 736 2498 siquidem
764 2429 820 2484 in
851 2447 912 2486 ea
937 2430 1143 2487 dicitur
1171 2433 1488 2507 praedictam
1515 2434 1832 2507 opinionem
1858 2454 1976 2492 esse

44 2520 48 2523 ’
98 2519 429 2575 contrariam
460 2522 633 2578 Sacrae
658 2524 976 2600 Scripturae,
1007 2535 1059 2584 et
1088 2534 1276 2585 tamen
1311 2548 1480 2586 ausus
1513 2547 1572 2587 es
1597 2531 1664 2586 de
1702 2532 1798 2588 illa
1827 2540 1970 2589 trac—

93 2619 228 2683 tare,
287 2634 405 2672 eam
462 2620 757 2679 defendere
808 2632 860 2681 et
909 2627 1244 2700 persuadere
1285 2633 1552 2702 tanquam
1600 2630 1964 2704 probabilem.

90 2705 274 2781 Neque
299 2713 398 2768 tihi
439 2716 779 2792 suffiagatur
819 2710 1051 2787 facultas
1092 2742 1122 2779 a
1157 2731 1208 2780 te
1242 2725 1538 2783 artificiose
1568 2734 1619 2783 et
1656 2727 1855 2784 callide
1879 2746 1969 2784 ex-

95 2810 256 2874 torta,
284 2826 410 2864 cum
435 2830 544 2898 non
572 2816 1010 2876 manifestaveris
1034 2827 1368 2896 praeceptum
1398 2823 1498 2880 tibi
1526 2824 1871 2897 impositum.

170 2919 198 2951 «
221 2902 351 2959 Cum
387 2925 511 2963 vero
539 2912 698 2968 nobis
726 2914 1006 2973 videretur
1036 2936 1148 2974 non
1184 2937 1306 2976 esse
1329 2938 1359 2975 a
1384 2927 1438 2976 te
1466 2921 1738 2992 integram
1767 2922 1965 2976 verita-

92 3002 201 3051 tem
239 3003 642 3070 pronuntiatam
683 3009 829 3066 cirea
868 3017 1024 3068 tuam
1050 3014 1436 3084 intentionem,
1465 3016 1838 3089 judicavimus
1869 3034 1965 3073 ne-

90 3106 244 3146 cesse
279 3110 396 3148 esse
431 3096 616 3154 venire
640 3101 707 3155 ad
735 3103 1046 3175 rigorosum
1083 3126 1318 3166 examen
1344 3111 1448 3176 tui3
1483 3112 1541 3165 in
1581 3131 1690 3183 quo
1734 3113 1964 3186 (absque

90 3189 407 3261 pr‘ejudicio
433 3193 616 3266 aliquo
652 3215 842 3255 eorum
871 3221 994 3275 quae
1018 3211 1077 3261 tu
1102 3209 1387 3264 confessus
1420 3227 1502 3278 es,
1539 3216 1592 3265 et
1623 3228 1746 3282 quae
1772 3218 1960 3269 contra

88 3288 142 3338 te
180 3283 411 3342 deducta
440 3295 570 3344 sunt
608 3309 776 3367 supra
811 3295 958 3354 circa
997 3299 1199 3358 dictam
1240 3312 1393 3359 tuam
1430 3305 1812 3387 intentionem)
1846 3327 1958 3367 res-

84 3380 325 3450 pondisti
355 3385 640 3443 catholice.
685 3389 1024 3468 Quapropter
1060 3397 1195 3454 visis
1237 3407 1290 3457 et
1331 3408 1550 3460 mature
1590 3406 1953 3465 consideratis

84 3477 300 3534 metitis
344 3481 509 3538 istius
545 3491 652 3541 tuae
684 3505 885 3560 causae,
926 3510 1038 3549 una
1076 3513 1203 3551 cum
1230 3499 1562 3573 supradictis
1590 3503 1702 3560 tuis
1740 3506 1953 3564 confes·

85 3570 338 3633 sionibus
370 3584 421 3634 et
455 3583 920 3657 excusationibus,
958 3596 1011 3646 et
1046 3591 1332 3664 quibusvis
1366 3595 1488 3656 aliis
1519 3599 1686 3658 rebus
1726 3601 1841 3661 de
1821 3622 1950 3678 Jure
2018 3578 2019 3581 Ἴ
