2262 3990
829 190 957 241 :aas
984 173 1182 239 marn.
1848 184 1934 233 667

79 400 105 453 g
127 398 167 441 2.
191 421 244 430 —
267 394 521 444 Pontificem,
540 392 593 436 ob
614 392 774 435 crimen
794 390 1016 439 haereseos,
1046 385 1213 430 concilii
1241 384 1447 439 generalis
1466 381 1750 439 jurisdictioni
1775 381 1940 435 subjici,

133 477 180 508 ae
201 476 317 518 posse
334 463 384 504 ab
403 462 493 515 ipso
507 459 687 514 iudicari
707 463 749 500 et
771 455 937 511 deponi,
960 460 1023 498 est
1045 453 1183 508 opinio
1204 462 1378 494 erronea
1396 456 1438 493 et
1457 462 1628 504 prorsus
1642 449 1890 503 rejicienda.

155 605 433 661 Pnorosrrio
460 601 615 659 1·.—
636 599 844 658 Certum
875 614 980 653 non
1014 603 1092 652 est
1124 594 1241 650 clari
1269 611 1423 668 posse
1451 610 1623 649 casum
1653 591 1816 666 Papae
1853 590 1948 646 hae-

82 703 254 764 retici‚·
285 717 351 755 ex
372 715 471 772 quo
506 699 700 753 incerta
723 695 908 751 saltem
930 698 1222 748 remaneret
1255 691 1427 764 opinio
1461 707 1577 762 quae
1603 705 1718 744 eum
1753 688 1813 743 ob
1844 686 1947 743 hae-

0 768 1 797 F
84 799 238 853 resim
273 794 487 851 concilio
522 794 748 867 subjicit.
786 822 856 832 —
885 788 1038 853 Quod
1079 792 1317 860 nequeat
1366 786 1635 854 Pontifex,
1681 785 1850 842 etiam
1886 789 1951 839 ut

86 911 317 969 persona
356 892 589 967 privata,
631 889 690 944 in
731 886 984 943 haeresim
1024 884 1160 953 labi,
1194 884 1426 939 suadent
1458 882 1702 939 rationes
1742 880 1953 955 gravis-

85 991 259 1061 simae,
289 987 559 1064 superiori
590 985 931 1061 paragrapho
952 983 1221 1051 deductae,
1245 980 1344 1037 ubi
1371 983 1598 1054 primam
1623 979 1954 1036 sententiam

85 1086 459 1160 exposuimus3
500 1089 664 1156 atque
704 1082 778 1136 ita
821 1085 1010 1136 tenent
1056 1079 1303 1134 doctores
1351 1077 1535 1143 multi;
1586 1095 1650 1133 ac
1686 1082 1955 1148 tanquam

83 1182 397 1256 probabilius
425 1179 585 1235 habet
610 1179 826 1235 Suarez.
867 1177 1039 1250 Igitur
1071 1174 1349 1232 contraria
1380 1174 1568 1248 opinio
1598 1190 1958 1246 nequaquam

88 1288 233 1336 certa
253 1286 354 1346 est3
384 1278 476 1334 sed
500 1276 884 1334 controversiae
910 1275 1056 1330 inter
1084 1274 1336 1330 doctores
1353 1271 1653 1329 catholicos
1684 1270 1953 1326 obnoxiae.

89 1377 206 1431 Jam
241 1393 364 1430 vero
397 1374 443 1430 si
487 1375 756 1430 incertum
799 1373 994 1428 saltem
1038 1372 1109 1428 sit
1150 1370 1269 1426 dari
1302 1388 1464 1444 posse
1497 1370 1697 1444 Papam
1737 1366 1953 1423 haereti-

93 1491 242 1540 cum,
271 1474 377 1551 hoc
401 1470 518 1545 ipso
543 1470 815 1526 incertum
840 1477 920 1524 est
943 1469 1141 1543 Papam
1173 1485 1335 1543 posse
1367 1485 1615 1539 unquam
1647 1466 1715 1521 ob
1742 1464 1955 1520 crimen

96 1567 359 1623 haerescos
389 1565 604 1622 concilii
635 1565 905 1638 generalis
929 1563 1306 1638 jurisdictioni
1333 1563 1555 1636 subjici.

167 1664 438 1717 Phorosmo
469 1663 549 1717 11³.
574 1663 820 1730 -Βαῑο,
851 1680 953 1716 non
989 1679 1249 1730 concesso,
1281 1661 1482 1734 Papam
1507 1663 1558 1714 in
1595 1660 1832 1716 haeresim
1853 1658 1958 1712 labi

88 1776 260 1830 posse,
308 1761 352 1813 .ςὶ
392 1760 595 1814 haeresis
644 1769 771 1814 esset
814 1761 1018 1814 interna
1060 1767 1109 1814 et
1151 1760 1373 1827 occulta,
1415 1774 1743 1829 nequaquam
1780 1761 1962 1828 posset

90 1855 338 1926 Pontifex
378 1857 437 1911 ob
471 1875 584 1912 eam
615 1857 825 1911 concilio
871 1858 1070 1927 subjici.
1099 1889 1174 1896 —
1196 1855 1411 1912 Etenim
1445 1872 1544 1929 per
1584 1853 1839 1909 haeresim
1875 1853 1962 1906 in-

90 1955 306 2006 ternam
342 1958 394 2007 et
423 1952 690 2007 occultam
729 1969 892 2007 nemo
924 1951 1176 2006 Ecclesiae
1220 1951 1538 2006 membrum
1579 1967 1700 2005 esse
1736 1948 1960 2005 desinit.

88 2046 222 2103 Item
260 2052 409 2102 extra
439 2047 867 2103 controversiam
902 2054 982 2102 est
1011 2047 1264 2121 praelatos
1291 2047 1546 2103 Ecclesiae
1574 2045 1963 2119 jurisdictione

92 2159 191 2198 sua
222 2145 290 2198 ob
329 2143 599 2216 ejusmodi
626 2144 879 2200 haeresim
913 2162 1024 2198 non
1054 2144 1280 2218 privari.
1323 2145 1413 2198 Et·
1434 2149 1583 2217 patet
1620 2142 1785 2197 ratio.
1825 2143 1963 2197 Nam

94 2238 340 2310 alioquin
389 2259 575 2296 omnes
610 2241 1076 2313 jurisdictionales
1117 2247 1271 2296 actus
1314 2240 1468 2294 dubii
1510 2240 1716 2294 valoris
1755 2239 1961 2310 forent,

95 2354 219 2392 cum
250 2343 394 2392 certo
423 2337 553 2393 sciri
585 2343 822 2409 nequeat.
850 2344 1038 2392 utrum
1067 2337 1193 2409 quis
1222 2337 1295 2392 sit
1331 2355 1507 2392 necne
1546 2336 1764 2392 interne
1792 2341 1845 2391 et
1875 2352 1965 2390 oc-

94 2434 240 2490 culte
263 2433 569 2489 haerelicuS.
594 2433 746 2497 Quod
772 2434 1000 2508 proinde
1023 2434 1079 2488 in
1102 2451 1386 2488 summum
1414 2433 1670 2488 Ecclesiae
1696 2432 1962 2487 damnum

93 2537 356 2603 vergeret.
394 2530 567 2603 Igitur
606 2538 878 2605 repugnat
918 2531 1281 2586 constitutam
1318 2530 1620 2586 Ecclesiam
1676 2548 1707 2585 a
1747 2530 1963 2585 Christo

92 2626 265 2682 fuisse
289 2645 416 2682 cum
442 2629 543 2683 hac
567 2628 707 2701 lege,
737 2635 799 2684 ut
822 2629 958 2702 Papa
980 2628 1143 2684 aliive
1171 2628 1382 2703 praelati
1404 2629 1472 2684 ob
1490 2629 1767 2683 internam
1801 2633 1853 2682 et
1878 2645 1967 2682 oc·

95 2724 299 2779 cultam
326 2725 578 2780 haercsim
601 2726 718 2799 ipso
743 2726 884 2782 facto
898 2726 1348 2799 jurisdictionem
1368 2726 1711 2782 amitterent.
1731 2725 1970 2781 Aliunde

98 2827 280 2875 autem
311 2838 420 2875 non
451 2827 679 2894 possunt
705 2839 766 2878 63
797 2815 1001 2896 prixfari
1042 2824 1108 2879 ab
1136 2823 1252 2879 ullo
1284 2824 1528 2879 humano
1564 2821 1850 2887 tribunali;
1894 2821 1968 2875 si-

99 2914 319 2987 quidem
348 2915 473 2971 talis
504 2917 724 2974 haeresis
756 2920 907 2975 nosci
941 2926 993 2976 ct
1026 2921 1248 2994 probari
1273 2920 1489 2992 nequit.
1516 2919 1669 2974 Unde
1701 2919 1748 2974 si
1777 2924 1971 2990 agatur

100 3012 168 3067 de
206 3012 399 3067 haercsi
432 3011 648 3070 interna
682 3022 736 3071 et
779 3017 1018 3087 occulta,
1061 3018 1332 3073 absonum
1382 3017 1523 3072 foret
1566 3017 1635 3071 oh
1675 3032 1795 3070 eam
1833 3032 1967 3070 con-

101 3107 224 3162 cilio
251 3108 493 3179 generali
516 3109 715 3183 Papam
740 3113 1048 3184 subJ'ectum
1077 3113 1424 3169 contendere.
1458 3112 1722 3167 Caeterum
1750 3111 1965 3167 occulta

103 3203 324 3259 haeresis
354 3221 464 3258 non
494 3204 723 3279 impedit
745 3207 878 3280 quin
906 3227 1161 3264 summus
1188 3209 1438 3265 Pontifex
1467 3227 1565 3264 suo
1590 3207 1843 3280 regendae
1870 3207 1966 3263 Ec-

102 3298 280 3354 clesiae
321 3300 536 3356 muneri
576 3302 895 3359 satisfaciat.
944 3303 1251 3377 Siquidem,
1307 3323 1374 3361 ex
1423 3305 1714 3380 hypothesi
1757 3309 1961 3361 rectam

105 3395 268 3451 fidem
294 3404 514 3454 externe
533 3398 707 3466 docet;
735 3406 788 3456 et
810 3401 955 3473 quod
978 3402 1194 3459 interne
1217 3421 1382 3478 prave
1408 3403 1628 3472 sentiat,
1656 3404 1960 3476 ignoratur,

107 3490 181 3546 ita
214 3498 274 3547 ut
314 3494 426 3549 haee
462 3495 581 3568 ejus
615 3495 830 3553 interna
862 3504 915 3554 et
954 3500 1166 3555 occulta
1207 3500 1432 3558 haeresis
1460 3502 1667 3558 nemini
1700 3501 1958 3559 scandalo

105 3605 225 3646 esse
251 3592 446 3664 possit,
472 3610 572 3650 nec
598 3593 894 3651 universali
923 3595 1174 3654 Ecclesiae
1199 3598 1458 3672 regimini
1484 3617 1699 3658 nocere.
