2262 3990
623 200 775 249 INDEX
802 198 961 248 lum
989 192 1317 244 uA'rEmARuu
1345 191 1584 240 onnmffl.

339 311 449 365 quod
473 309 518 352 id
541 306 882 363 pronuntiaverit
916 305 1013 347 Pius
1035 301 1085 344 lx
1122 301 1166 343 in
1196 299 1348 344 litteris
1381 297 1598 353 encyclicis
1622 295 1649 336 9
1678 293 1917 339 novembris

247 442 838 486 Car.V11.—Demonstratur
861 438 1032 482 Romani
1058 437 1270 480 Pontificis
1301 434 1571 478 infallibilitas
1604 445 1656 476 ex
1679 430 1913 487 principiis,

286 523 376 564 quae
402 510 454 553 ab
475 511 668 553 omnibus
689 508 903 552 catholicis
917 505 1247 551 admittidebent
1269 509 1310 547 et
1325 504 1376 547 de
1393 504 1503 546 sacto
1520 501 1811 544 admittuntur.
1846 529 1856 539 .
1898 533 1909 543 .

290 579 419 632 Prop.
450 579 500 620 1·.
517 599 572 609 —
594 576 801 619 Evincitur
822 576 930 618 dicta
954 574 1229 616 infallibilitas
1257 585 1306 614 ex
1332 572 1413 614 isto
1441 569 1646 625 principio
1666 582 1675 610 :
1702 582 1723 608 α
1742 567 1920 609 decretis

338 645 507 687 Romani
533 643 743 687 Pontificis
766 645 818 686 de
839 644 934 695 fide,
962 642 1150 684 moribus
1175 645 1219 683 et
1242 639 1427 694 generali
1450 638 1664 691 disciplina
1701 634 1917 679 statuenti-

334 714 415 755 bus
437 713 614 755 debetur
636 723 731 754 vera
770 710 1017 753 obedientia.
1049 722 1070 750 ι
1075 737 1548 752 ..........
1549 707 1552 709 ’
1588 734 1910 746 .......

283 780 411 833 Prop.
440 780 576 821 11·.—
591 778 804 820 Evincitur
816 777 924 819 dicta
944 776 1216 831 infallibilitas
1232 787 1280 817 ex
1294 775 1372 817 isto
1397 773 1601 828 principio
1625 786 1633 814 :
1654 786 1673 813 ι
1696 773 1825 813 Penes
1836 770 1918 811 Ro-

335 857 508 889 manum
528 846 768 888 Pontificem
788 827 1086 908 residetfplena
1100 848 1277 895 potestas
1289 842 1565 884 universalem
1584 840 1805 882 Ecclesiam
1825 849 1920 891 pas—

341 912 475 961 cendi,
490 911 665 964 regendi
689 924 737 953 ac
760 906 1033 965 gubernandi.
1055 923 1094 950 ».·
1118 934 1906 952 ................

292 980 419 1033 Prop.
446 980 539 1022 111·.
560 1002 610 1010 —
631 978 847 1021 Evincitur
872 977 1042 1018 Romani
1069 976 1274 1018 Pontificis
1306 975 1578 1017 infallibilitas
1606 988 1655 1017 ex
1696 976 1772 1016 hoc
1799 974 1919 1027 prin-

342 1046 449 1099 cipio
473 1058 484 1086 ε
510 1060 530 1086 α
548 1038 755 1087 Romanus
779 1045 963 1086 Pontifex
986 1050 1049 1086 est
1076 1050 1270 1087 centrum
1295 1043 1420 1086 totius
1441 1044 1614 1086 unitatis
1639 1042 1867 1084 catholioee.
1894 1054 1916 1081 ι

295 1114 424 1165 Prop.
446 1111 531 1153 Νι.
563 1111 773 1154 Evincitur
791 1111 961 1152 Romani
988 1112 1198 1153 Pontificis
1215 1112 1487 1152 infallibilitas
1509 1124 1557 1152 ex
1579 1111 1657 1153 isto
1679 1110 1882 1164 principio
1907 1121 1915 1148 ε

341 1194 361 1220 α
381 1180 589 1221 Romanus
608 1178 795 1220 Pontifex
811 1185 875 1220 est
897 1179 1024 1231 judex
1051 1191 1270 1232 supremus
1285 1178 1487 1220 fidelium.
1515 1194 1534 1219 ι
1543 1208 1913 1222 ........

290 1249 417 1302 Prop.
447 1248 506 1290 Vn
527 1271 579 1279 —
610 1248 825 1289 Evincitur
848 1247 1019 1287 Romani
1052 1246 1260 1287 Pontificis
1292 1245 1563 1287 infallibilitas
1587 1257 1636 1286 ex
1664 1246 1746 1286 isto
1767 1245 1922 1296 princi⁴

342 1314 410 1367 pio
432 1326 441 1354 :
469 1329 489 1354 (ι
514 1314 721 1357 Romanus
746 1314 934 1355 Pontifex
949 1318 1010 1356 est
1031 1318 1148 1365 pater
1173 1317 1214 1354 et
1239 1313 1382 1354 doctor
1399 1313 1585 1354 fidelium
1607 1313 1809 1354 omnium.
1832 1326 1868 1352 a.
1907 1342 1916 1352 .

237 1384 327 1425 Car.
353 1380 458 1423 VIII.
476 1405 530 1412 —
553 1383 867 1424 Demonstratur
889 1380 1061 1422 Romani
1083 1380 1291 1421 Pontificis
1314 1379 1590 1421 infallibilitas
1607 1393 1653 1420 ex
1677 1380 1788 1421 salsis
1804 1380 1924 1432 prin-

293 1450 415 1504 cipiis
436 1450 586 1502 quibus
609 1450 818 1491 contraria
843 1449 984 1501 opinio
1010 1449 1162 1489 nititur
1170 1477 1919 1492 ..............

291 1519 421 1571 Ρνορ.
446 1518 497 1558 Ι·.
522 1539 574 1546 -
597 1517 763 1558 Falsum
790 1522 852 1558 est
871 1517 983 1558 istud
1004 1516 1331 1557 adversariorum
1359 1515 1612 1568 principium
1639 1529 1647 1556 ε
1677 1529 1697 1555 <1
1725 1516 1927 1568 Suprema

342 1589 523 1638 potestas
557 1589 598 1625 et
627 1583 903 1624 infallibilitas
939 1595 960 1624 a
996 1582 1155 1624 Christo
1191 1584 1286 1624 data
1314 1583 1393 1624 suit
1432 1583 1507 1624 toti
1541 1581 1743 1631 Ecclesiae,
1780 1593 1928 1635 nempe

341 1653 635 1705 Episcoporum
672 1652 871 1702 collegio;
898 1662 979 1692 non
1007 1656 1146 1693 autem
1170 1652 1244 1692 soli
1271 1653 1393 1693 Petro
1420 1652 1595 1704 eiusque
1617 1651 1929 1692 successoribus

343 1718 540 1760 Romanis
563 1716 847 1759 Pontificibus.
871 1751 882 1761 .
922 1750 932 1760 .
976 1749 986 1759 .
1079 1748 1920 1762 .................

291 1789 417 1840 Prop.
451 1788 520 1829 11⁸.
550 1810 603 1817 —
637 1788 802 1828 Falsum
838 1786 939 1827 item
964 1787 1092 1828 hocce
1117 1786 1449 1827 adversariorum
1471 1785 1726 1838 principium
1748 1799 1756 1826 :
1786 1799 1806 1824 α
1829 1785 1927 1826 Sin-

346 1855 459 1907 gulae
481 1854 671 1896 Ecclesiae
692 1854 858 1895 divisim
876 1860 1054 1906 sumptae
1075 1854 1293 1895 inferiores
1315 1854 1482 1906 quidem
1502 1858 1598 1894 sunt
1614 1853 1797 1894 Romano
1820 1853 1929 1893 Pon-

342 1921 475 1969 tifice;
505 1926 548 1960 at
564 1921 776 1962 collective
789 1925 968 1972 sumptae
986 1921 1076 1972 ipso
1097 1921 1337 1973 superiores
1363 1920 1562 1961 existunt.
1591 1934 1610 1957 »
1648 1949 1920 1962 ......

294 1991 419 2042 Prop.
447 1989 536 2029 1112.
561 2010 613 2019 -
639 1988 803 2029 Falsum
827 1988 927 2028 item
951 1987 1062 2027 istud
1085 1987 1416 2027 adversariorum
1439 1987 1699 2038 principium
1721 2000 1729 2026 :
1756 2000 1776 2026 a
1805 1987 1933 2028 Insal-

346 2055 476 2096 libilis
494 2055 609 2096 sedes
625 2054 821 2104 Romana,
839 2065 923 2095 non
949 2053 1096 2094 sedens
1116 2051 1161 2092 in
1177 2063 1238 2093 ea.
1261 2067 1280 2092 ›>
1293 2082 1930 2097 .............

247 2123 336 2164 Cir.
360 2123 426 2163 lx.
455 2145 508 2153 —
533 2123 849 2164 Demonstratur
879 2120 1047 2160 Romani
1081 2119 1287 2160 Pontificis
1314 2119 1588 2160 infallibilitas
1619 2132 1667 2160 ex
1694 2121 1808 2162 falsis
1840 2134 1942 2162 con-

299 2189 486 2231 sectariis
505 2188 714 2241 opinionis
735 2188 930 2240 oppositae
936 2216 1933 2233 ....................

248 2259 338 2299 Cir.
367 2257 413 2300 X.
443 2278 495 2288 —
538 2257 595 2297 De
621 2255 782 2306 objecto
807 2253 1114 2294 infallibilitatis
1140 2254 1309 2294 Romani
1335 2254 1545 2295 Pontiticis
1570 2256 1831 2308 (remissive).
1875 2288 1885 2298 .
1928 2290 1937 2300 .

204 2323 369 2366 SECTIO
394 2323 459 2366 IV.
481 2346 533 2353 —
557 2322 812 2375 Expenditur
835 2322 1012 2374 quaestio
1030 2321 1213 2373 practice
1221 2353 1939 2369 ...............

248 2390 336 2432 Cir.
364 2390 398 2431 Ι.
427 2412 479 2421 -
500 2391 560 2431 An
577 2389 753 2441 privatis
777 2388 1023 2431 doctoribus
1046 2389 1168 2430 liceat
1182 2388 1369 2441 opinioni
1392 2390 1444 2431 de
1461 2389 1706 2432 sallibilitate
1725 2392 1846 2444 Papae
1871 2404 1949 2434 no-

331 2463 394 2499 tas
422 2457 674 2509 theologicas
705 2457 876 2498 inurere
887 2487 1939 2505 .....................

302 2527 431 2579 Prop.
462 2526 516 2567 1⁸.
542 2547 593 2555 —
625 2525 796 2571 Quando
826 2525 979 2577 duplex
1012 2525 1219 2566 sententia
1246 2525 1433 2578 opposita
1461 2526 1571 2567 inter
1593 2527 1782 2568 doctores
1804 2529 1948 2569 catho-

354 2592 455 2633 licos
483 2591 822 2641 controvertitur,
849 2596 890 2633 et
911 2592 1035 2634 Sedes
1059 2592 1291 2645 apostolica,
1317 2593 1427 2634 haud
1453 2593 1603 2645 ignara
1634 2584 1941 2645 controversiae,

364 2664 560 2700 neutram
583 2659 717 2700 adhuc
747 2659 1001 2712 reprobavit,
1027 2670 1110 2700 non
1141 2658 1239 2700 licet
1259 2660 1332 2700 ulli
1355 2660 1514 2712 privato
1534 2662 1750 2703 sententiae
1774 2663 1824 2703 ab
1853 2663 1945 2716 ipso

358 2726 615 2780 impugnatae
643 2727 774 2768 ullam
796 2731 939 2768 notam
966 2727 1237 2779 theologicam
1259 2727 1430 2768 inurere
1434 2760 1936 2775 ...........

309 2795 438 2848 Prop.
464 2795 536 2836 11¹.
562 2818 615 2825 —
639 2795 804 2842 Quando
830 2795 953 2836 Sedes
976 2795 1197 2846 apostolica
1223 2795 1462 2848 reprobavit
1482 2796 1720 2848 opinionem
1745 2798 1942 2850 aliquam,

360 2862 443 2903 etsi
480 2862 645 2903 nullam
681 2862 719 2903 ei
754 2867 896 2904 notam
930 2863 1199 2915 theologicam
1230 2862 1453 2913 inurendo,
1482 2863 1644 2905 licitum
1679 2869 1741 2905 est
1773 2865 1945 2916 privatis

358 2927 609 2978 doctoribus,
643 2940 727 2969 non
757 2933 920 2970 tantum
953 2929 1141 2969 eamdem
1161 2929 1397 2981 opinionem
1423 2934 1621 2981 tanquam
1648 2935 1763 2971 certo
1796 2932 1946 2972 falsam

361 2996 624 3047 impugnare,
642 2996 714 3036 sed
729 2996 857 3038 etiam
880 2998 958 3038 hac
978 2997 1044 3037 vel
1066 2995 1137 3037 illa
1156 3001 1254 3038 nota
1280 2997 1507 3049 theologica
1525 3009 1616 3038 eam
1640 2998 1810 3050 dignam
1831 3011 1947 3040 asse·-

359 3075 456 3104 rere
474 3074 522 3103 ac
540 3074 807 3115 propugnare
811 3094 1934 3110 .......................

313 3130 440 3182 Prop.
471 3128 562 3170 111⁸.
586 3150 639 3158 —
683 3128 925 3180 Opinionem
947 3130 998 3170 de
1019 3129 1269 3171 fallibilitate
1298 3130 1420 3184 Papae
1447 3132 1491 3172 in
1514 3133 1692 3175 decretis
1714 3134 1811 3175 fidei
1833 3135 1948 3176 mul-

365 3196 490 3237 toties
516 3195 641 3238 Sedes
666 3197 885 3250 apostolica
910 3198 1160 3251 reprobavit3
1190 3200 1266 3240 etsi
1287 3199 1438 3249 eidem,
1458 3206 1586 3253 prout
1606 3201 1651 3242 in
1672 3202 1950 3245 declaratione

366 3260 467 3302 anni
487 3259 591 3302 1682
611 3262 878 3315 exprimitur,
903 3263 1093 3305 nondum
1120 3265 1250 3306 ullam
1266 3271 1404 3307 notam
1428 3267 1711 3319 theologicam
1729 3269 1946 3311 inusserit.

314 3329 441 3381 Prop.
461 3328 541 3369 117⁸.
569 3351 619 3359 —
643 3329 823 3372 Licitum
850 3335 913 3371 est
944 3330 1115 3383 privatis
1139 3332 1376 3375 doctoribus
1409 3333 1498 3376 sive
1534 3336 1809 3388 scriptoribus
1829 3342 1948 3381 notas

368 3395 620 3448 theologicas
636 3397 805 3439 inurere
831 3398 1017 3451 opinioni
1042 3399 1095 3441 de
1110 3399 1362 3441 fallibilitate
1386 3401 1507 3454 Papae
1516 3434 1940 3450 .........

319 3463 447 3515 Prop.
476 3463 531 3504 V·.
570 3485 623 3494 —
655 3463 711 3505 De
749 3465 859 3506 facto
895 3466 1018 3507 multi
1041 3466 1230 3508 doctores
1251 3467 1442 3510 oetholici
1469 3469 1593 3512 dictae
1620 3470 1807 3525 opinioni
1828 3476 1947 3515 notas

367 3528 615 3580 theologicas
640 3530 885 3572 inusserunt
893 3561 1937 3584 .....................

366 3593 579 3640 Scholion.
594 3619 644 3628 —
663 3597 770 3644 Quas
789 3609 867 3651 ego
885 3604 1002 3643 notas
1026 3599 1196 3644 inuram
1206 3632 1935 3652 ...............

1954 186 2044 235 715

1965 361 2043 404 198

1969 496 2047 539 199

1969 699 2049 740 199

1970 903 2048 945 205
2085 947 2089 950 ⁴

1971 1039 2048 1081 208

1974 1176 2052 1217 209

1976 1310 2051 1351 211

1979 1446 2057 1487 212

1982 1714 2057 1754 212

1982 1918 2061 1960 220

1991 2055 2069 2095 222

1995 2190 2073 2230 228

1998 2257 2076 2298 255

1999 2325 2077 2366 258

1999 2461 2076 2501 258

1997 2731 2074 2772 258

1996 3066 2071 3109 259

2001 3270 2073 3313 241

1999 3406 2072 3447 241

1998 3540 2073 3581 241

1996 3605 2073 3647 252
