2262 3990
838 206 966 255 raas
995 204 1193 253 raam.
1567 162 1572 176 ⁵
1860 190 1944 239 6⁶1

88 326 219 398 patu
244 319 531 376 excidisse.
570 317 702 375 Inde
736 319 1100 390 sequerentur
1138 309 1454 371 schismata,
1494 311 1549 362 et
1581 300 1835 378 perplexa
1869 299 1946 354 so-

88 423 211 473 rent
243 415 449 480 omnia,
484 412 787 490 praesertim
823 410 891 479 si,
924 427 1037 465 non
1063 407 1315 463 obstante
1343 401 1670 460 notorietate
1693 397 1942 471 allegata,

86 512 228 588 Papa
247 530 344 587 per
359 512 468 568 vim
484 510 569 567 vel
604 509 713 565 alio
740 507 900 564 modo
926 506 1109 563 sedem
1132 502 1392 560 retineret
1413 505 1466 556 et
1486 498 1676 572 plures
1700 492 1948 551 muneris

88 609 175 665 sui
212 616 366 666 actus
401 612 694 666 exerceret.
749 604 935 671 Quoad
976 601 1224 659 haeresim
1271 606 1554 656 externam
1587 594 1808 669 quidem
1853 590 1950 647 sed

89 705 381 770 occultam,
410 705 589 761 adhuc
617 703 824 776 majora
849 705 1171 773 exurgerent
1216 696 1566 754 detrimenta.
1594 691 1729 747 Nam
1764 687 1952 746 omnia

84 801 360 859 Pontificis
405 803 484 859 sic
527 801 740 859 occulte
783 798 1024 855 haeretici
1065 802 1214 868 gesta
1259 794 1410 850 nulla
1454 793 1632 848 forent
1673 795 1725 844 et
1770 786 1946 856 irrita,

88 900 255 972 idque
289 900 506 956 nonnisi
531 898 719 974 paucis
751 897 1139 952 innotesceret.
1180 892 1332 957 Quod
1360 888 1748 946 inconveniens
1777 885 1953 940 adhuc

89 995 268 1067 majus
310 995 469 1058 soret,
503 993 550 1049 si
586 1009 683 1066 per
709 991 987 1046 internam
1018 987 1270 1044 haeresim
1307 986 1446 1059 Papa
1476 985 1595 1058 ipso
1622 983 1760 1037 sacto
1791 980 1953 1053 depo-

89 1098 334 1158 neretur,
386 1097 446 1146 ut
486 1095 653 1164 patet.
690 1088 838 1144 Unde
880 1086 1117 1162 supponi
1164 1084 1355 1158 nequit
1398 1083 1677 1138 Christum
1714 1078 1954 1135 voluisse

85 1186 399 1243 Pontificem
431 1192 653 1261 propter
676 1186 928 1242 haeresim
965 1189 1164 1259 papatu
1198 1183 1466 1245 excidere,
1499 1180 1608 1235 nisi
1644 1179 1785 1233 forte
1811 1182 1955 1251 post-

0 1277 1 1283 *
88 1301 254 1355 quam
286 1282 521 1338 Ecclesia
548 1282 904 1339 declaraverit
927 1283 1124 1354 Papam
1153 1298 1271 1336 esse
1298 1296 1482 1334 revera
1516 1275 1854 1332 haereticum.
1879 1303 1955 1312 -

89 1378 144 1433 5⁰
180 1379 331 1434 Fides
356 1397 465 1432 non
491 1384 572 1434 est
598 1379 925 1442 necessaria,
966 1384 1027 1433 ut
1064 1378 1226 1432 homo
1254 1377 1323 1432 sit
1359 1393 1528 1449 capax
1566 1362 1871 1448 spiritualis
1898 1373 1951 1422 et

89 1476 463 1531 ecclesiasticae
500 1476 923 1547 jurisdictionis,
971 1476 1249 1549 possitque
1298 1491 1549 1530 exercere
1592 1489 1748 1527 veros
1799 1472 1952 1523 actus

88 1571 250 1626 talem
282 1572 724 1644 jurisdictionem
758 1572 1050 1644 exigentes.
1093 1572 1227 1626 Nam
1266 1571 1322 1624 in
1354 1575 1592 1624 extrema
1631 1564 1953 1622 necessitate

87 1666 338 1722 sacerdos
364 1668 651 1723 haercticus
674 1674 847 1741 potest
878 1667 1179 1734 absolvere,
1207 1672 1267 1721 ut
1292 1667 1516 1722 docetur
1541 1665 1596 1719 in
1626 1661 1950 1718 tractatibus

86 1761 154 1816 de
180 1764 500 1835 poenitentia
529 1771 581 1820 et
620 1765 686 1819 dc
720 1765 988 1831 censuris;
1020 1783 1140 1836 quae
1179 1769 1363 1819 tamen
1395 1761 1662 1818 absolutio
1694 1757 1950 1832 jurisdic-

83 1858 290 1913 tionem
336 1860 500 1932 exigit
539 1867 591 1916 et
627 1862 906 1934 supponit.
946 1862 1228 1929 Praeterea,
1276 1867 1517 1934 potestas
1556 1858 1787 1927 ordinis,
1831 1873 1951 1928 quae

82 1956 414 2028 prestantior
440 1974 538 2011 suo
570 1958 730 2012 modo
761 1964 863 2027 est,
890 1963 1035 2012 stare
1065 1962 1240 2030 potest
1269 1957 1386 2011 sine
1415 1956 1523 2010 fide
1558 1974 1656 2011 seu
1683 1973 1810 2010 cum
1840 1955 1947 2007 hae-

80 2050 208 2114 resi3
242 2068 368 2123 ergo
395 2059 447 2107 et
475 2052 844 2108 ecclesiastica
865 2053 1195 2127 jurisdictio.
1223 2088 1291 2097 -
1313 2055 1365 2108 4⁰
1396 2053 1647 2127 Insuper,
1672 2051 1948 2107 amittitur

83 2145 215 2202 fides
257 2167 351 2221 per
381 2150 554 2204 solam
592 2151 870 2206 internam
906 2151 1180 2219 haeresim,
1223 2158 1275 2206 et
1315 2158 1502 2216 tamen
1531 2151 1721 2205 nullus
1751 2155 1834 2204 est
1861 2167 1949 2204 ea-

85 2243 319 2300 tholicus
347 2246 533 2301 doctor
562 2247 659 2318 qui
686 2266 934 2319 unquam
970 2248 1208 2302 tenuerit
1239 2249 1307 2302 ol)
1335 2248 1507 2302 solam
1542 2248 1817 2302 internam
1841 2247 1949 2301 hae-

83 2338 251 2392 resim
293 2339 581 2414 Episcopos
611 2348 704 2396 aut
739 2342 1047 2397 Romanum
1078 2343 1391 2399 Pontificem
1425 2343 1812 2416 jurisdictione
1847 2361 1948 2398 sua

82 2435 302 2508 privari;
339 2455 465 2509 ergo
494 2445 637 2494 stare
666 2445 841 2513 potest
868 2440 1182 2512 jurisdictio
1214 2441 1331 2495 sine
1358 2441 1484 2496 fide.
1505 2443 1647 2496 —50
1670 2442 1746 2495 Ad
1770 2446 1950 2496 textus

78 2531 319 2596 Patruin,
362 2536 563 2605 quibus
588 2536 835 2602 docetur,
877 2556 984 2591 non
1026 2555 1184 2611 posse
1219 2556 1556 2610 quemquam
1592 2539 1684 2611 qui
1718 2538 1822 2593 tide
1860 2556 1947 2592 ca-

78 2636 214 2693 reat,
246 2631 685 2703 jurisdictionem
715 2634 772 2688 in
814 2634 1047 2689 Ecclesia
1085 2635 1304 2705 habere,
1344 2635 1744 2709 respondetur:
1783 2636 1835 2689 id
1869 2636 1947 2689 in-

78 2725 434 2798 telligendum
469 2747 532 2784 eo
559 2748 745 2799 sensu,
777 2732 924 2803 quod
961 2733 1079 2788 sine
1112 2733 1218 2788 fide
1257 2740 1492 2805 nequeat
1521 2733 1836 2806 jurisdictio
1865 2751 1948 2787 ec-

77 2821 384 2879 clesiastica
421 2829 804 2884 convenienter
834 2830 1092 2897 exerceri,
1122 2835 1172 2884 et
1199 2848 1260 2886 eo
1290 2848 1454 2886 sensu
1487 2831 1629 2903 quod
1658 2830 1947 2885 haereticus

74 2916 479 2990 jurisdictionis
519 2923 878 2995 privationem
916 2933 1218 2995 mereatur3
1267 2929 1351 2982 vel
1398 2930 1563 2982 etiam
1605 2926 1945 2998 intelligendi

80 3018 212 3066 sunt
239 3013 409 3085 aliqui
442 3016 711 3087 ejusmodi
749 3026 949 3088 textus,
981 3023 1192 3094 dejure
1229 3024 1495 3078 canonico
1524 3023 1765 3096 privatos
1799 3022 1949 3096 Epis-

80 3124 244 3180 copos
275 3110 619 3182 respiciente,
661 3131 768 3184 quo
796 3115 1004 3171 scilicet
1051 3117 1169 3190 ipso
1197 3119 1337 3173 sacto
1372 3118 1605 3192 depositi
1644 3118 1947 3173 decernun-

81 3207 194 3257 tur.
219 3235 288 3245 —
310 3205 366 3259 6⁰
402 3206 479 3259 Ad
504 3217 912 3280 argumentum,
947 3212 1091 3284 Papa
1116 3215 1386 3269 haereticus·
1413 3234 1516 3269 non
1554 3224 1629 3269 est
1665 3216 1944 3270 membrum

85 3297 341 3369 Ecclesiae,
368 3319 485 3374 erqo
517 3322 610 3359 nec
647 3314 817 3378 caput,
855 3309 1149 3381 respondet
1179 3310 1373 3366 Suarez
1400 3333 1410 3364 :
1450 3313 1695 3386 «Papam
1729 3311 1943 3368 haereti-

84 3410 210 3448 cum
238 3413 345 3451 non
374 3415 491 3453 esse
526 3402 837 3458 membrum
865 3404 1112 3462 Ecclesiae
1140 3409 1319 3479 quoad
1354 3409 1717 3465 substantiam
1758 3416 1809 3465 et
1834 3409 1942 3465 sor-

87 3507 232 3545 mam
263 3512 368 3565 qua
402 3497 815 3555 constituuntur
842 3503 1089 3558 membra
1118 3504 1385 3572 Ecclesiae3
1416 3524 1536 3562 esse
1569 3513 1752 3562 tamen
1780 3513 1942 3580 caput

84 3586 261 3658 quoad
292 3589 528 3645 osticium
561 3598 612 3648 et
647 3594 933 3652 influxum.
979 3597 1130 3660 Quod
1170 3618 1279 3656 non
1316 3608 1394 3658 est
1429 3602 1769 3677 mirandum,
1812 3601 1943 3675 quia
