2262 3990
272 119 361 166 670
947 108 1240 155 TRACTATUS
1268 109 1336 155 DE
1364 110 1508 156 PAPA.
1612 139 1613 143 =

271 221 518 293 Suarez)‚
551 216 795 271 libenter
825 211 1203 278 admittimur,
1225 213 1431 289 Papam
1461 231 1575 270 non
1601 213 1720 271 fore
1751 213 1873 288 ipso
1905 215 2050 272 facto
2083 215 2172 277 de·-
2224 193 2225 198 ¹
2256 221 2262 273 1

270 321 540 397 positum,
577 311 832 388 quamvis
860 312 1210 370 contrarium
1247 312 1439 388 plures
1477 313 1726 388 theologi
1763 313 2021 370 catholici
2055 333 2174 390 pro·-

273 410 670 494 pugnaverint.
705 444 776 454 —
804 411 859 468 2⁰
905 411 1024 468 Non
1073 411 1230 469 adest
1272 411 1419 469 ratio
1462 411 1746 469 sufficiens
1788 430 1890 468 cur
1935 411 2176 476 Christus

273 511 594 571 censendus
641 511 714 568 sit
754 510 1068 586 providisse
1105 517 1170 568 ut
1207 512 1353 587 Papa
1404 511 1701 569 haereticus
1733 510 1936 587 deponi
1978 518 2175 587 posset.
2235 534 2239 581 ὲ

272 612 569 669 Enimvero
607 611 753 668 ratio
801 610 900 667 illa
943 610 1086 667 foret
1116 610 1319 688 ingens
1353 611 1759 668 detrimentum
1797 609 2055 667 Ecclesiae
2096 612 2181 671 ob-
2239 589 2241 596 ⁴

275 718 579 770 venturum
620 711 732 768 nisi
779 711 910 768 talis
951 711 1094 786 Papa
1137 711 1535 788 deponeretur.
1561 711 1729 786 Atqui
1769 710 1913 767 ratio
1954 710 2048 767 illa
2077 728 2183 772 non

280 810 445 879 valet3
474 817 599 867 tum
625 810 760 885 quia
785 811 928 886 Papa
957 810 1254 867 haereticus
1286 829 1399 868 non
1423 818 1509 868 est
1537 810 1676 868 adeo
1703 809 1963 866 nocivum
1981 809 2185 870 malum
2244 823 2247 828 ’

282 915 348 967 ut
377 914 674 985 propterea
702 909 947 966 Ecclesia
975 909 1293 966 necessario
1326 927 1492 967 ruere
1533 916 1586 967 et
1615 908 1799 985 perire
1832 907 2047 973 debeat3
2074 912 2186 965 tum
2247 920 2249 927 ’

284 1010 419 1083 quia
450 1008 763 1066 remedium
809 1009 1181 1085 depositionis
1222 1009 1380 1085 Papae
1421 1009 1603 1065 multo
1642 1007 1802 1083 pejus
1844 1006 1992 1062 malo
2034 1005 2184 1065 foret.
2252 990 2253 994 ἵ

283 1108 347 1165 Et
368 1111 545 1183 primo
578 1110 810 1184 quidem
842 1109 1074 1167 haeresis
1106 1110 1262 1184 Papae
1293 1109 1361 1166 de
1395 1127 1506 1182 qua
1540 1108 1633 1165 hic
1662 1106 1894 1183 quaestio
1922 1110 2187 1178 movetur,

288 1229 402 1266 non
427 1210 565 1267 adeo
583 1228 745 1284 grave
763 1210 978 1266 malum
998 1217 1082 1266 est
1105 1216 1166 1266 ut
1188 1209 1506 1267 necessario
1529 1207 1842 1265 censendus
1861 1207 1932 1264 sit
1952 1205 2191 1266 Christus
2254 1197 2262 1258 ‹¹

287 1309 532 1379 voluisse
554 1310 681 1367 talis
707 1310 991 1367 Pontificis
1019 1311 1451 1386 depositionem.
1478 1310 1677 1384 Agitur
1697 1307 1977 1382 siquidem
2001 1308 2068 1364 de
2092 1309 2193 1365 hae-

287 1410 406 1467 resi
435 1413 650 1484 privata
684 1411 996 1479 dumtaxat3
1031 1430 1146 1468 non
1187 1431 1360 1485 quam
1396 1410 1728 1486 profiteatur
1762 1411 1908 1485 Papa
1938 1415 2197 1482 tanquam
2259 1438 2262 1450 ÷

288 1507 552 1566 Ecclesiae
579 1509 772 1567 Pastor
798 1515 850 1567 et
877 1510 937 1566 in
974 1511 1091 1567 suis
1114 1511 1412 1586 Papalibus
1439 1509 1680 1567 decretis
1709 1514 1805 1566 aut
1842 1507 2079 1576 actihUS‚
2110 1507 2199 1565 sed

292 1608 384 1664 cui
420 1607 703 1665 adhaereat
747 1615 1019 1683 tanquam
1061 1611 1314 1686 privatus
1352 1611 1568 1680 doctor,
1612 1615 1667 1666 et
1707 1608 1823 1665 suis
1857 1605 2199 1664 solummodo

292 1705 526 1781 privatis
574 1706 740 1763 dictis
787 1714 884 1764 aut
924 1708 1172 1784 scriptis.
1223 1710 1391 1765 Porro
1438 1707 1744 1764 dummodo
1785 1708 1949 1781 Papa,
1995 1704 2204 1779 quoties

295 1805 690 1863 Pontificaliter
720 1807 910 1864 definit
938 1815 989 1865 et
1022 1809 1300 1883 loquitur,
1323 1815 1536 1865 rectam
1565 1807 1734 1865 fidem
1757 1807 1969 1869 doceat,
2000 1805 2132 1862 satis
2154 1803 2208 1861 in

298 1911 420 1961 tuto
445 1912 576 1960 sunt
604 1906 813 1978 fideleS‚
851 1909 1102 1979 quamvis
1127 1908 1300 1965 simul
1327 1909 1701 1965 innotesceret
1727 1906 1987 1964 eumdem
2011 1906 2209 1980 Papam

300 2005 564 2080 privatim
593 2006 765 2061 alicui
793 2006 992 2062 haeresi
1021 2007 1328 2063 adhaerere.
1358 2007 1538 2063 Facile
1565 2007 1769 2082 quippe
1793 2024 1985 2063 omnes
2014 2003 2214 2060 intelli·

303 2109 496 2177 gerent
521 2104 852 2160 auctoritate
877 2105 1108 2161 destitui
1136 2104 1476 2161 sententiam
1500 2124 1530 2161 a
1546 2106 1691 2179 Papa
1715 2111 1985 2178 tanquam
2010 2103 2215 2178 privato

304 2202 533 2259 doctore
555 2209 995 2277 propugnatam,
1027 2209 1081 2258 et
1099 2202 1207 2277 ipsi
1231 2202 1526 2258 dumtaxat
1553 2202 1975 2276 obsequendum
1999 2200 2215 2274 quando

303 2300 475 2357 fidem
507 2319 573 2357 ex
610 2301 794 2357 officio
821 2307 875 2358 et
904 2301 1238 2358 auctoritate
1266 2301 1550 2358 Pontificia
1578 2300 1771 2357 definit
1802 2319 1864 2357 ac
1898 2300 2138 2356 intimat.
2166 2297 2216 2356 Si

307 2400 435 2474 quis
470 2400 848 2457 nihilominus
878 2401 1179 2457 contendat
1222 2400 1360 2457 adeo
1399 2401 1654 2457 nocivam
1694 2419 1815 2457 esse
1851 2418 2012 2475 posse
2048 2398 2216 2475 priva-

308 2507 424 2558 tam
456 2501 612 2576 Papae
649 2502 931 2574 haeresim,
960 2508 1025 2558 ut
1049 2502 1303 2559 Christus
1326 2521 1438 2558 non
1466 2501 1711 2575 potuerit
1733 2501 2035 2559 Ecclesiam
2065 2515 2215 2556 suam

313 2599 435 2655 sine
466 2600 712 2657 remedio
738 2608 934 2657 contra
959 2606 1182 2658 tantum
1212 2601 1427 2657 malum
1457 2601 1800 2675 relinquere,
1829 2599 2217 2675 respondemus

315 2701 370 2751 et
404 2714 506 2751 nos
547 2697 624 2753 ita
661 2698 1014 2772 probabilius
1050 2698 1287 2766 sentire;
1326 2698 1423 2755 sed
1464 2717 1565 2774 pro
1597 2698 1847 2754 remedio
1880 2697 2218 2770 assignamus

318 2795 663 2871 peculiarem
691 2797 896 2854 Christi
919 2798 1328 2873 providentiam
1356 2816 1426 2854 ne
1446 2798 1611 2872 Papa,
1639 2797 1807 2854 etiam
1830 2802 2098 2870 tanquam
2117 2791 2220 2870 pri-

320 2899 483 2950 vatus
508 2895 724 2968 doctor,
754 2895 814 2951 in
843 2896 1102 2953 haeresim
1131 2896 1313 2954 cadat.
1341 2896 1580 2952 Prorsus
1604 2901 1792 2952 autem
1819 2912 2112 2968 negamus,
2138 2907 2222 2966 po-

322 2995 501 3052 tuisse
527 2996 811 3053 Christum
847 2997 1139 3072 providere
1173 3015 1273 3071 per
1310 2996 1626 3053 remedium
1658 2994 2025 3071 depositionis
2057 2993 2219 3066 Papae.

323 3092 462 3148 Nam
507 3095 735 3150 secundo
783 3094 1098 3150 remedium
1146 3094 1298 3151 istud
1348 3094 1494 3150 malo
1542 3095 1699 3169 pejus
1739 3093 1903 3150 foret.
1955 3092 2044 3148 Vel
2082 3087 2222 3146 enim

327 3191 601 3268 depositio
635 3194 752 3249 haec
792 3193 1044 3250 facienda
1081 3194 1421 3270 supponitur
1464 3213 1495 3250 a
1519 3193 1735 3250 Christo
1767 3193 1911 3268 ipso,
1951 3190 2136 3248 statim
2166 3201 2226 3243 ac

327 3290 472 3365 Papa
503 3291 799 3348 haereticus
831 3311 862 3349 a
892 3293 1138 3366 generali
1167 3293 1404 3350 concilio
1425 3292 1824 3362 declararetur,
1847 3272 2005 3364 juxta
2034 3282 2227 3355 doctri-

333 3408 466 3446 nam
492 3390 760 3459 Suaresii;
789 3393 877 3449 vel
902 3393 1248 3469 supponitur>
1273 3393 1527 3450 facienda
1552 3391 1780 3449 concilii
1812 3388 2084 3465 generalis
2110 3399 2230 3442 auc-

335 3489 579 3547 toritate.
609 3491 776 3548 Porro
814 3492 874 3548 in
903 3498 1145 3567 utroque
1178 3511 1311 3550 casu
1338 3498 1636 3567 augeretur
1661 3492 1898 3562 malum,
1933 3506 2044 3545 non
2076 3499 2228 3543 cura-

341 3589 488 3642 etur.
518 3588 653 3647 Nam
677 3591 827 3666 quod
866 3592 1123 3651 Christus
1152 3593 1360 3670 Papam
1390 3592 1720 3651 haereticum
1746 3589 1981 3665 ipsemet
2004 3583 2232 3660 deponat
