2262 3990
228 153 318 202 662
903 149 1197 197 TRACTATUS
1227 150 1293 197 DE
1323 151 1468 200 PAPA.

226 278 342 318 non
363 264 449 316 est
472 256 723 332 primum
749 260 803 312 et
829 255 1179 330 praecipuum
1205 262 1374 332 caput
1398 275 1501 314 sua
1523 256 1732 316 virtute
1752 260 2016 338 influens,
2038 269 2135 327 sed

226 358 389 434 quasi
417 355 856 412 instrumentale
896 361 950 413 et
976 356 1251 413 vicarium
1286 355 1456 439 primi
1494 357 1718 434 capitis,
1753 361 1902 434 quod
1938 371 2135 438 potens

226 461 310 513 est
352 454 635 510 influxum
680 453 1035 528 spiritualem
1090 455 1362 512 membris
1412 454 1664 513 tribuere
1711 459 1797 514 vel
1836 477 1936 535 per
1971 468 2135 538 caput

224 569 468 609 aeneum.
511 551 920 628 Proportionali
954 553 1107 610 enim
1134 553 1354 610 ratione
1385 572 1484 629 per
1522 555 1815 613 haereticos
1850 556 2151 620 interdum*

221 649 486 726 baptizat,
518 649 803 706 interdum
835 649 1004 707 etiam
1043 650 1306 724 absolvit,
1338 657 1402 708 ut
1433 651 1651 709 dictum
1688 659 1769 710 est
1790 675 1817 707 »
1862 655 1950 729 (de
1985 655 2134 732 Fide,

223 749 371 824 disp.
416 769 470 821 x,
504 754 643 807 sect.
680 749 768 824 vl,
813 767 873 806 n.
918 750 998 822 5).
1040 749 1129 806 Sic
1168 751 1335 807 etiam
1362 750 1686 826 responderi
1725 759 1948 828 potest:
1993 755 2133 834 Papa

223 848 526 906 haereticus
553 866 668 905 non
697 853 780 906 est
809 849 1132 906 membrum
1162 855 1218 907 et
1238 855 1408 926 caput
1432 850 1713 923 Ecclesiae,
1741 870 1850 926 quo
1877 852 1945 908 ad
1966 853 2132 913 vitam

223 949 715 1023 supernaturalem
750 967 874 1024 quae
914 967 1016 1025 per
1050 949 1218 1006 fidem
1258 949 1559 1007 inchoatur
1592 957 1646 1007 et
1676 968 1776 1026 per
1812 951 2137 1012 charitatem

223 1047 536 1123 perficitur,
582 1065 683 1124 per
715 1066 886 1122 quam
921 1048 1095 1105 vitam
1143 1050 1631 1124 supernaturalem
1666 1049 1856 1106 omnia
1889 1049 2139 1110 Ecclesiae

225 1147 481 1203 membra
507 1147 567 1202 in
593 1165 777 1204 unum
814 1166 1020 1223 corpus
1046 1148 1556 1223 supernaturaliter
1580 1147 1771 1205 vivens
1798 1149 2136 1222 coalescunt,

226 1247 509 1304 concedo:
548 1266 660 1304 non
692 1254 775 1304 est
806 1249 1130 1305 membrum
1168 1255 1221 1305 et
1259 1254 1428 1323 caput
1465 1248 1650 1322 quoad
1692 1254 2026 1325 potestatem
2058 1267 2140 1307 re-

225 1346 460 1421 giminis
513 1347 743 1404 muneri
794 1367 896 1405 suo
941 1349 1252 1424 propriam,
1303 1367 1465 1422 nego,
1521 1349 1641 1406 Non
1682 1349 1832 1406 enim
1874 1355 2142 1424 repugnat

223 1447 366 1503 velle
401 1446 688 1503 Christum
715 1453 778 1503 ut
815 1448 954 1524 Papa
994 1448 1166 1524 (idem
1201 1449 1290 1506 dic
1321 1449 1389 1506 de
1420 1449 1690 1525 Episcopo
1729 1449 1913 1523 quoad
1952 1449 2144 1506 dioece-

226 1545 384 1619 sim),
419 1546 548 1603 licet
585 1547 655 1604 ob
683 1547 943 1604 haeresim
985 1567 1099 1605 non
1142 1550 1216 1606 sit
1245 1549 1363 1622 jam
1404 1568 1536 1625 pars
1567 1549 1823 1626 corporis
1853 1549 2020 1605 istius
2055 1567 2143 1606 su-

225 1645 664 1718 pernaturaliter
698 1646 959 1716 viventiS‚
1000 1647 1185 1704 adhuc
1215 1654 1409 1704 tamen
1441 1649 1645 1706 habeat
1681 1653 2013 1724 potestatem
2051 1646 2144 1702 Ec·

226 1744 456 1800 clesiam
490 1745 744 1819 regendi,
773 1746 1007 1822 perinde
1033 1766 1096 1803 ac
1123 1747 1171 1803 si
1207 1748 1418 1804 dictam
1456 1749 1631 1806 vitam
1659 1747 2143 1822 supernaturalem

228 1862 341 1899 non
367 1843 673 1902 amisisset.
703 1846 844 1902 Sane
866 1847 1050 1920 quoad
1074 1854 1409 1922 potestatem
1434 1847 1671 1916 ordinis,
1699 1847 1874 1904 voluit
1891 1846 2144 1903 Christus

228 1958 293 1999 ea
337 1961 450 1998 non
486 1944 696 2018 privari
740 1946 1131 2020 presbyterum
1170 1954 1222 2002 et
1266 1947 1603 2022 Episcopum
1651 1947 2003 2017 haereticum,
2044 1944 2144 2002 etsi

228 2060 329 2118 per
368 2043 627 2099 haeresim
663 2044 783 2118 jam
826 2043 1054 2102 desierit
1092 2063 1236 2117 esse,
1286 2045 1345 2101 in
1382 2046 1611 2121 praefato
1654 2065 1848 2126 sensu,
1891 2045 2163 2102 Ecclesiae·

231 2144 575 2198 membrum.
614 2142 736 2200 Non
771 2151 959 2200 autem
990 2146 1170 2219 magis
1201 2151 1482 2220 repugnat
1518 2151 1667 2202 stare
1687 2144 2144 2219 jurisdictionem

226 2239 285 2294 in
301 2239 571 2315 Episcopo
589 2244 643 2296 et
670 2239 731 2296 in
752 2242 922 2317 Papa,
944 2241 1060 2299 sive
1078 2241 1302 2299 interne
1322 2249 1571 2315 tantum,
1596 2242 1709 2300 sive
1731 2243 1899 2300 etiam
1924 2248 2157 2299 externe.

228 2339 512 2396 haeretico,

303 2439 487 2494 TEnTm
530 2457 823 2495 semema,
868 2474 942 2483 ——
974 2441 1180 2516 Papam
1227 2442 1528 2498 haereticum
1572 2444 1835 2516 deponere
1879 2447 2057 2516 potest
2098 2446 2144 2496 et
2184 2465 2188 2468 ²

230 2538 380 2593 debet
420 2539 684 2610 generalis
732 2541 964 2614 synodus
978 2564 996 2607 ;
1033 2559 1140 2597 non
1180 2542 1390 2614 quidem
1417 2542 1840 2615 jurisdictionem
1879 2542 1935 2596 in
1980 2543 2142 2614 ipsam

231 2638 545 2707 exercendo,
581 2639 720 2712 quod
751 2640 1003 2714 possibile
1030 2657 1139 2695 non
1172 2648 1272 2711 est,
1310 2659 1424 2697 cum
1458 2641 1611 2714 Papa
1644 2642 1716 2696 sit
1750 2640 1968 2696 concilio
1999 2655 2143 2712 supe·

230 2739 366 2802 rior,·
412 2738 507 2793 secl
537 2738 848 2812 simpliciter
893 2740 1215 2797 declarando
1258 2760 1377 2798 eum
1420 2759 1534 2797 esse
1562 2742 1880 2807 haereticum
1914 2758 2016 2813 qua
2047 2753 2162 2813 po-'

230 2838 335 2892 sita
362 2837 742 2908 declaratione,
772 2839 922 2913 Papa
946 2842 1128 2895 statim
1154 2859 1186 2896 a
1206 2840 1415 2897 Christo
1442 2842 1555 2913 ipso
1590 2837 2166 2914 deffinitum—Hujus»v

233 2936 522 2992 sententiae
548 2937 867 3014 praecipuus
897 2946 1281 3014 propugnator
1303 2938 1526 3007 Suarez;
1559 2938 1658 3013 qui
1685 2945 1876 2995 tamen
1903 2955 2026 2994 eam
2056 2935 2143 2992 de-

232 3036 412 3093 fendit
438 3037 794 3094 solummodo
826 3039 1175 3114 hypothetice,
1211 3038 1267 3095 id
1297 3045 1401 3110 est,
1435 3039 1495 3095 in
1527 3039 1825 3116 hypothesi
1852 3037 2000 3112 quod
2028 3031 2142 3091 dari

231 3135 408 3211 possit
445 3137 590 3212 Papa
629 3137 954 3206 haereticus3
998 3156 1171 3212 quam
1202 3140 1559 3215 hypothesim
1602 3138 1758 3212 rejici
1797 3138 2000 3194 debere
2038 3131 2158 3209 ipsi,

228 3236 553 3308 probabilius
579 3241 684 3293 est.
721 3236 967 3294 Suaresii
996 3237 1099 3295 hac
1133 3237 1201 3295 de
1234 3256 1296 3294 re
1326 3237 1652 3313 disceptatio
1679 3236 1759 3294 sic
1793 3234 1988 3312 paucis
2018 3245 2158 3289 con-³

232 3334 382 3390 trahi
408 3339 589 3408 potest
613 3355 627 3389 :
2177 3400 2182 3414 ἶ

312 3434 516 3506 Primo,
551 3434 709 3510 ponit
744 3435 1168 3493 conclusionem
1198 3435 1366 3492 istam
1393 3455 1406 3489 :
1444 3433 1551 3491 «Si
1575 3434 1719 3510 Papa
1751 3432 1823 3490 sit
1851 3428 2159 3488 haereticusv

239 3535 295 3586 et
319 3531 745 3608 incorrigibilis,
774 3555 906 3593 cum
939 3536 1188 3612 primum
1219 3554 1320 3612 per
1351 3535 1664 3610 legitimam
1689 3532 1948 3590 Ecclesiae
1977 3526 2142 3603 juris·

239 3629 544 3689 cidtionem
584 3636 862 3694 sententia
890 3636 1258 3694 declaratoria
1283 3635 1541 3693 criminis
1581 3633 1643 3690 in
1680 3650 1810 3690 eum
1837 3628 2156 3708 profertur,v
