2262 3990
833 152 961 200 PARS
989 149 1167 199 TERTIA
1176 182 1187 195 .
1851 148 1933 196 611

73 265 193 329 sine
211 265 375 340 Papa,
404 262 568 319 fidem
606 259 837 318 definire
869 257 1140 325 absolute,
1171 254 1267 312 sed
1299 250 1647 310 solummodo
1668 250 1938 309 conditio·

72 369 196 421 nate
215 368 268 419 et
291 359 630 437 provisorie;
668 357 724 414 id
749 363 854 428 est,
886 358 1060 414 donec
1090 360 1144 411 et
1186 349 1489 409 dummodo
1520 350 1740 407 accedat
1781 350 1940 425 Papae

74 457 419 534 approbatio,
442 474 540 532 per
556 473 723 530 quam
743 453 918 511 solam
941 452 1124 519 firma,
1157 453 1278 505 rata
1305 453 1358 504 et
1385 445 1784 520 irrefragabilis
1817 464 1938 504 eva-

74 555 166 612 dat
187 554 405 611 concilii
423 552 686 611 definitio.
712 544 752 605 '«
778 550 913 607 Nam
938 548 985 606 si
1020 545 1183 604 vellet
1204 545 1634 621 independenter
1661 562 1692 601 a
1715 542 1943 615 Summo

70 649 330 706 Pontifice
347 649 596 723 judicare
620 655 674 705 et
691 646 940 716 definire,
973 645 1077 700 hoc
1107 643 1224 717 ipso
1247 642 1554 715 insurgeret
1582 645 1773 698 contra
1787 639 1943 698 Sum·

70 762 224 800 mum
264 745 605 814 Pontificem,
640 750 693 800 et
733 761 763 799 a
797 740 975 816 capite
1019 738 1332 796 necessario
1383 738 1670 806 deficeret3
1715 739 1862 796 unde
1890 743 1946 796 et

70 841 323 899 deficeret
349 841 618 911 Ecclesia,
655 856 778 913 quae
805 855 905 894 nec
939 836 998 892 in
1035 836 1153 891 solo
1185 835 1414 892 Summo
1437 836 1718 908 Pontifice,
1753 855 1856 894 nec
1885 837 1944 893 in

72 940 186 998 sola
217 940 611 1015 Episcoporum
640 936 982 1008 collectione,
1029 935 1125 991 sed
1152 934 1209 990 in
1238 935 1340 990 hac
1366 935 1688 992 collectione
1716 938 1946 994 Summo

71 1037 318 1095 Pontifici
350 1037 659 1093 adhaerente
694 1040 747 1091 et
771 1033 1039 1107 subjecta,
1069 1031 1121 1089 vi
1153 1030 1545 1106 promissionis
1575 1033 1775 1090 Christi
1803 1041 1854 1092 et
1879 1054 1946 1092 ex

74 1136 251 1211 ipsius
277 1135 646 1204 institutione,
674 1131 927 1191 subsistit
954 1153 981 1185 »
1013 1132 1189 1205 (Pater
1213 1130 1430 1203 Martin‚
1456 1131 1729 1190 Tractatus
1763 1135 1827 1191 cle
1855 1135 1947 1192 Eo-

34 1298 42 1307 ,
75 1233 252 1303 cle-sia,
280 1230 666 1306 autographice
694 1229 900 1299 edituS,
937 1246 1060 1302 pag.
1090 1226 1246 1300 509).
1849 1303 1856 1309 ·

147 1329 394 1385 Scuouou.
421 1359 489 1369 ——
510 1328 585 1384 De
617 1329 920 1400 quaestione,
947 1344 1014 1381 an
1041 1328 1335 1398 continyere
1355 1329 1523 1399 possit
1546 1335 1603 1383 ut
1627 1329 1790 1401 ntajor
1817 1348 1944 1403 pars

78 1425 449 1498 Episcoporum
486 1426 610 1495 (sive
648 1426 703 1479 in
736 1424 949 1479 concilio
982 1424 1087 1478 sive
1124 1430 1273 1478 extra
1311 1424 1606 1498 concilium)
1637 1443 1750 1481 sese
1778 1428 1946 1499 quoad

76 1523 229 1592 fidem
263 1540 293 1576 a
320 1521 471 1594 Papa
503 1522 753 1594 sejunyat.
774 1553 843 1561 —
866 1519 1086 1575 Duabus
1125 1519 1564 1592 praecedentibus
1618 1523 1946 1597 propositio·

72 1618 236 1675 nibus
263 1618 470 1674 dictum
499 1623 579 1674 est
625 1617 941 1689 contingere
977 1635 1089 1673 non
1125 1634 1304 1690 posse,
1334 1624 1395 1674 ut
1426 1625 1535 1673 tota
1575 1620 1661 1674 vel
1700 1623 1813 1693 fere
1838 1631 1948 1677 tota

72 1712 468 1788 Episcoporum
517 1713 767 1769 collectio
810 1713 967 1769 aliter
1018 1731 1184 1786 quam
1210 1714 1352 1787 Papa
1383 1713 1629 1786 definiat,
1665 1717 1750 1772 vel
1778 1718 1945 1773 etiam

69 1818 366 1884 praesumat
404 1812 836 1886 independenter
877 1812 945 1867 ab
992 1811 1114 1885 ipso
1163 1811 1410 1868 definire.
1454 1813 1597 1868 Num
1650 1831 1777 1870 vero
1812 1834 1944 1871 con-

67 1907 277 1980 tingere
316 1908 484 1982 possit
511 1914 571 1963 ut
611 1927 641 1963 a
679 1908 785 1963 fide
815 1907 965 1964 Sedis
991 1908 1303 1982 apostolicae
1333 1907 1585 1964 deficiant
1615 1912 1765 1966 multi
1791 1912 1946 1986 Epis-

64 2002 206 2077 copi,
239 2004 322 2059 vel
354 2003 519 2059 etiam
553 2003 770 2058 dimidia
796 2020 946 2078 parS,
976 2002 1062 2058 vel
1088 2004 1311 2058 tandem
1339 2021 1469 2078 pars
1499 2005 1720 2061 dimidia
1747 2011 1939 2080 major,

65 2117 174 2156 non
199 2099 623 2172 inquisivimus:
647 2100 700 2154 1⁰
721 2101 795 2156 De
821 2106 928 2155 tota
954 2099 1348 2175 Episcoporum
1385 2101 1709 2158 collectione
1740 2103 1942 2177 impos-

61 2195 356 2254 sibibilitas
392 2202 474 2253 est
514 2197 988 2253 manifestissima.
1018 2197 1173 2265 Quia,
1206 2216 1333 2253 cum
1375 2197 1617 2254 Ecclesia
1668 2201 1938 2256 consistat

64 2293 122 2350 in
147 2294 325 2369 capite
348 2293 519 2349 simul
545 2299 599 2349 et
639 2293 748 2367 ipsi
783 2293 1196 2358 adhaerentibus
1237 2294 1526 2365 memhris,
1586 2295 1941 2369 contingente

64 2394 289 2448 omnium
315 2390 690 2446 membrorum
735 2389 1092 2460 abscissione,
1138 2391 1243 2445 hoc
1283 2389 1401 2464 ipso
1436 2391 1644 2464 periret
1676 2392 1935 2449 Ecclesia.

65 2490 274 2546 2⁰Item
319 2507 409 2545 res
449 2494 597 2544 certa
632 2494 712 2544 est
753 2487 819 2543 de
860 2489 973 2559 fere
1014 2495 1122 2542 tota
1161 2486 1558 2563 Episcoporum
1595 2490 1935 2549 collectione.

64 2588 219 2657 Quia,
249 2587 296 2643 si
325 2590 436 2661 sere
476 2604 651 2642 omnes
684 2584 938 2660 Episcopi
973 2586 1033 2641 in
1065 2586 1322 2642 haeresim
1347 2587 1690 2660 laberentur,
1720 2598 1770 2647 et
1797 2611 1935 2666 pau-

65 2685 273 2743 cissimi
335 2688 490 2760 Papae
542 2685 884 2742 adhaerentes
939 2688 1309 2764 remanerent,
1363 2705 1474 2743 non
1521 2689 1939 2748 verificarentur

66 2782 224 2837 verba
260 2783 478 2851 Christi,
517 2783 721 2856 quibus
753 2788 805 2839 et
843 2782 1222 2840 assistentiam
1257 2786 1513 2860 promisit
1552 2794 1604 2843 et
1634 2788 1934 2845 Ecclesiam

66 2894 222 2932 suam
252 2877 395 2954 typis
424 2878 790 2936 adumbravit.
821 2879 956 2936 Dum
988 2899 1187 2958 nempe
1214 2883 1374 2952 dixit,
1400 2883 1504 2955 Eyo
1541 2886 1796 2940 vobiscum
1822 2904 1934 2940 sum

69 2990 243 3047 usque
272 2973 339 3029 ad
357 2976 885 3053 consummationem
905 2979 1110 3049 saeeuli,
1144 2979 1397 3053 promisit
1423 2978 1799 3034 assistentiam
1827 2979 1935 3035 lar·

65 3090 190 3144 gam
218 3076 270 3127 et
299 3089 399 3127 suo
434 3073 621 3128 amore
656 3071 878 3144 dignam
904 3097 914 3140 ;
951 3092 1059 3146 qua
1088 3076 1322 3149 proinde
1359 3075 1651 3148 impediret
1677 3094 1787 3132 non
1815 3082 1934 3133 tan-

0 3204 3 3219 i
66 3174 186 3225 tum
212 3168 462 3224 Ecclesiae
486 3186 599 3224 suae
621 3168 840 3224 ruinam
859 3170 1259 3242 omnimodam,
1282 3173 1378 3228 sed
1396 3173 1654 3228 etiamne
1683 3192 1929 3247 unquam

0 3255 4 3338 ᾖ
66 3266 224 3323 exilis
249 3266 496 3323 evaderet
514 3272 566 3321 et
587 3266 655 3322 ad
681 3285 855 3340 pauca
884 3268 1134 3325 membra
1154 3269 1530 3327 reduceretur.
1556 3271 1691 3327 Item
1709 3274 1928 3344 quando

0 3342 3 3367 ἱ
65 3365 360 3421 Ecclesiam
383 3383 541 3421 suam
569 3363 711 3440 typis
749 3364 927 3437 regni,
953 3365 1111 3421 ovilis
1148 3372 1199 3422 et
1225 3367 1459 3424 civitatis
1495 3386 1658 3442 supra
1682 3375 1925 3427 montem

65 3462 253 3536 positae
300 3461 671 3529 adumbravit,
706 3462 900 3536 procul
931 3462 1097 3520 dubio
1132 3465 1384 3538 praedixit
1408 3466 1711 3524 Ecclesiam
1741 3486 1922 3540 suam,

63 3560 241 3633 quoad
274 3565 485 3634 partem
532 3557 698 3614 etiam
749 3558 1032 3616 docentem
1074 3567 1127 3617 et
1171 3569 1472 3634 regentem,
1506 3564 1558 3620 id
1595 3573 1696 3638 est,
1746 3570 1925 3641 quoad
