2306 4010
346 189 437 236 ‘280
1025 181 1312 231 TRACTATUS
1344 182 1411 229 DE
1441 183 1586 230 PAPA.

347 319 560 358 annum
616 297 750 366 552,
794 293 1042 350 reditum
1084 292 1284 349 Liberii
1332 298 1561 363 narrat,
1597 293 1725 351 silet
1777 294 1845 352 de
1887 295 2074 372 lapsu.
2126 299 2264 358 Item

347 397 580 454 Photius
612 394 692 468 (in
727 391 1092 463 Bibliotheca,
1136 391 1195 447 in
1222 391 1336 449 vita
1370 392 1422 451 S.
1461 393 1780 464 Athanasii,
1821 394 1944 475 c'od.
1989 396 2122 472 258)
2145 403 2270 458 'me-

348 495 513 552 minit
556 493 624 549 de
658 491 825 548 exilio
863 490 1084 565 Liberii,
1120 510 1233 548 non
1260 491 1329 549 de
1363 492 1549 569 lapsu.
1585 494 1860 570 Equidem
1905 495 1965 551 in
2006 496 2266 574 Epitome‚

345 595 447 650 lib.
491 593 574 662 lv,
607 612 664 648 n.
712 593 763 663 5,
807 592 888 648 sic
927 591 1090 649 habet
1124 591 1276 648 idem
1316 593 1583 651 Photius:
1625 594 1950 652 «Eumdem
1988 595 2267 657 Liberium

345 700 398 750 et
446 711 579 749 cum
634 691 732 748 illo
773 691 966 748 Osiuin
1018 692 1354 769 Episcopum
1399 699 1596 752 contra
1646 695 2147 753 consubstantialis
2177 717 2268 756 vo-

343 792 610 848 cabulum
652 798 704 848 et
748 798 940 848 contra
976 792 1341 850 Anathasium
1381 793 1809 870 subscripsisse,
1854 795 1932 852 ait
1972 795 2270 855 Philostor-

343 891 491 965 gius,
519 913 545 945 »
579 890 887 948 Ruinoreni
918 891 986 949 de
1017 891 1179 968 lapsu
1214 892 1416 950 Liberii
1447 899 1771 968 sparserant
1795 894 2007 966 Ariani,
2036 901 2088 953 et
2113 895 2268 970 juxta

346 995 499 1050 hunc
537 1011 828 1050 rumorem
867 993 1097 1069 scripsit
1133 994 1371 1050 Arianus
1409 994 1838 1068 PhilostorgiuS,
1873 995 2022 1069 quod
2058 995 2269 1054 mirum
2298 999 2306 1066 j

347 1112 460 1150 non
500 1100 605 1165 est,
646 1112 748 1150 nec
773 1093 1001 1168 lapsum
1037 1093 1257 1169 probat.
1287 1094 1351 1150 At
1391 1093 1602 1150 mirum
1637 1093 1798 1150 valde
1829 1112 1941 1150 non
1982 1094 2211 1169 allegari
2244 1114 2272 1153 a

344 1192 560 1265 photio,
598 1198 652 1248 et
681 1192 807 1249 aliis
835 1191 1013 1250 sancti
1037 1191 1331 1248 Athanasii
1357 1192 1775 1250 auctoritatem.
1804 1192 1947 1250 Sane
1966 1193 2012 1249 si
2032 1195 2282 1251 Athana-⁴

347 1293 493 1349 siani
541 1293 786 1366 codices,
830 1310 972 1366 quos
1015 1309 1133 1367 prae
1175 1291 1442 1348 manibus
1486 1292 1770 1349 habebant
1812 1293 2044 1350 Photius
2088 1300 2139 1350 et
2178 1294 2274 1351 alii

347 1391 646 1447 memorati
684 1391 964 1460 historici,
1000 1409 1172 1466 supra
1202 1390 1439 1447 citatum
1472 1391 1730 1466 delapsu
1756 1392 1960 1449 Liberii
1991 1399 2271 1450 assertum

344 1491 778 1559 continuissent,
826 1491 894 1548 ad
938 1493 1089 1548 hunc
1126 1470 1294 1549 tantae
1325 1491 1681 1550 auctoritatis
1722 1493 2117 1550 testimonium
2149 1487 2298 1572 pro?

346 1612 544 1650 vocare
570 1612 683 1650 non
712 1592 1066 1650 omisissent.
2287 1583 2292 1586 ⁵

425 1694 480 1749 4⁰
514 1693 628 1749 Duo
664 1702 838 1750 temtus
872 1693 930 1750 S.
975 1693 1306 1767 Hieronymi,
1340 1695 1425 1766 qui
1461 1694 1531 1749 ad
1555 1694 1891 1768 probandum
1932 1694 2124 1751 Liberti
2161 1674 2306 1769 lap-¹:

348 1809 465 1845 snm
493 1789 719 1864 alleyari
756 1794 949 1864 solent,
986 1811 1093 1848 non
1122 1801 1243 1847 sunt
1270 1794 1439 1850 sancti
1469 1792 1798 1865 Hieronymi,
1829 1794 1925 1848 sed
1961 1795 2067 1866 ejus
2097 1793 2276 1868 Operi·

351 1892 446 1946 bns
479 1891 670 1947 additi.
695 1924 764 1932 -—
788 1891 943 1946 Prior
970 1898 1157 1949 textus
1185 1892 1430 1950 occurrit
1458 1892 1516 1947 in
1552 1891 1683 1949 libro
1713 1894 1778 1949 cle
1794 1892 1930 1951 Viris
1959 1893 2272 1965 illustribuS,

347 2010 469 2067 cap.
494 2011 643 2061 xcvn,
673 1991 774 2049 ubi
803 1992 882 2048 sic
909 1993 976 2049 de
1002 1993 1409 2050 Fortunatiano
1440 1994 1789 2068 Aquileiensi
1820 1995 2088 2071 Episcopo
2119 2018 2128 2051 ε
2164 2017 2191 2049 «
2217 1996 2276 2052 Et

352 2091 410 2146 in
451 2093 554 2148 hoc
595 2092 836 2149 habetur
877 2092 1247 2162 detestabilis,
1290 2093 1441 2166 quod
1472 2092 1782 2164 Liberium,
1819 2093 2082 2150 Romanae
2121 2094 2278 2151 urbis

349 2191 715 2267 Episcopum,
758 2211 858 2268 pro
901 2191 1011 2248 fide
1038 2192 1108 2247 ad
1145 2192 1379 2248 exilium
1422 2197 1777 2267 pergentem,
1819 2192 2039 2267 primus
2074 2193 2306 2249 sollici-'

348 2292 482 2347 tavit
509 2310 572 2348 ac
604 2292 790 2367 fregit,
823 2298 876 2348 et
905 2293 974 2348 ad
1003 2292 1482 2368 subscriptionem
1518 2292 1794 2348 haereseos
1826 2292 2123 2367 compulit.
2157 2314 2184 2346 »
2204 2326 2278 2334 —
2298 2302 2306 2318 ⁴·

350 2391 506 2448 Alter
548 2398 765 2468 textus,
801 2411 867 2449 ex
895 2392 1150 2450 Chronico
1199 2392 1255 2449 S.
1286 2392 1631 2468 Hieronymi,
1669 2391 1739 2448 ad
1766 2410 1980 2447 annum
2020 2393 2150 2463 552,
2188 2393 2279 2450 de-

349 2499 677 2568 promptus,
725 2493 805 2550 sic
856 2493 1025 2549 hahet
1065 2514 1075 2546 :
1137 2492 1439 2549 «Liberius
1488 2492 1680 2548 XXXIV
1721 2492 1984 2548 Romana}
2022 2484 2306 2549 Ecclesiae&

350 2593 649 2649 ordinatur
676 2593 1006 2669 Episcopus.
1043 2594 1161 2660 Quo
1193 2594 1250 2650 in
1291 2593 1526 2651 exilium
1566 2593 1634 2649 ob
1673 2593 1839 2650 fidem
1867 2599 2051 2662 truSO,
2090 2574 2306 2676 omnesf

350 2691 537 2747 clerici
558 2692 896 2766 juraverunt
929 2700 987 2749 ut
1030 2693 1257 2749 nullum
1294 2693 1469 2748 alium
1504 2692 1879 2766 susciperent.
1908 2693 2117 2749 Verum
2153 2700 2304 2805 cum}

350 2791 497 2847 Felix
530 2792 599 2847 ab
626 2792 845 2849 Arianis
891 2793 1090 2851 fuisset
1128 2793 1187 2848 in
1218 2793 1596 2850 sacerdotium
1636 2792 2005 2865 substitutus,
2031 2775 2306 2869 'plurimis

348 2891 768 2967 pejeraverunt,
796 2898 849 2949 et
880 2899 1008 2967 post
1039 2911 1255 2949 annum
1292 2911 1421 2948 cuin
1450 2891 1626 2948 Felice
1658 2891 1816 2966 ejecti
1851 2898 2005 2958 sunt;
2040 2891 2170 2965 quia
2198 2858 2306 2972 Li-v}

350 2991 568 3062 berius,
611 2991 778 3049 taedio
807 2991 992 3050 victus
1033 2993 1210 3065 exilii,
1240 3000 1292 3050 et
1329 2992 1389 3047 in
1418 2991 1742 3048 hoereticam
1783 2992 2117 3067 pravitatem
2151 2972 2306 3073 subd}-

351 3093 627 3164 scribens,
669 3093 903 3149 Romam
947 3093 1110 3168 quasi
1143 3093 1320 3150 victor
1349 3093 1678 3150 intraverat.
1707 3114 1734 3146 >›
1772 3126 1843 3134 ——-
1872 3093 2002 3158 Quae
2038 3072 2298 3150 rationes}

350 3193 606 3250 evincant
634 3192 833 3250 citatos
855 3197 1042 3250 textus
1066 3192 1403 3268 Hieronymo
1432 3211 1545 3249 non
1574 3211 1698 3250 esse
1719 3192 2145 3262 adscribend08‚
2167 3199 2293 3247 no11‘0

352 3311 721 3368 exponemus3
759 3293 857 3350 sed
882 3293 1149 3350 lectorem
1177 3293 1525 3351 remittimus
1556 3293 1625 3350 ad
1653 3292 1940 3350 eruditum
1966 3289 2286 3349 Bollandis-³

351 3396 466 3446 tam
493 3392 844 3467 Stiltingum,
883 3393 1003 3467 qui,
1045 3393 1114 3450 iis
1154 3394 1279 3451 fuse
1312 3393 1595 3465 deductis,
1636 3399 1689 3450 et
1722 3398 2024 3468 postquam
2064 3405 2274 3467 praeno-

352 3490 493 3545 tavit.
514 3510 680 3565 opera
718 3494 771 3550 S.
808 3494 1153 3570 Hieronymi,
1179 3513 1293 3570 pree
1316 3493 1556 3568 reliquis
1585 3492 1850 3549 omnibus
1882 3491 2123 3548 maxime
2154 3500 2273 3561 esse

356 3586 710 3665 interpolata,
737 3593 816 3649 sic
842 3594 995 3651 addit
1023 3594 1091 3651 de
1122 3594 1342 3651 duobus
1369 3594 1614 3651 textibus
1644 3613 1653 3645 ε
1691 3614 1717 3645 «
1742 3591 1890 3647 Talia
1920 3597 2108 3646 autom
2142 3575 2270 3644 sunt

357 3683 455 3741 illa
485 3694 722 3762 asserta,
746 3697 807 3748 ut
834 3711 937 3750 nec
958 3711 1088 3751 cum
1114 3693 1243 3767 aliis
1262 3693 1316 3750 S.
1346 3691 1668 3771 Hieronymi
1691 3689 1920 3748 assertis
1938 3688 2265 3762 congruant,
