2306 4010
273 119 332 167 94
932 101 1231 156 TRACTATUS
1263 101 1330 148 DE
1362 102 1510 149 PAPA.

274 241 422 298 malo
451 240 764 296 immunem
791 232 1010 291 stetisse
1037 249 1048 281 z
1075 225 1191 281 vim
1217 223 1418 281 habuit
1436 223 1497 280 in
1522 223 1722 300 primis
1747 225 1803 282 S.
1831 226 2033 301 Ignatii
2056 244 2184 284 con-

273 335 658 396 stitutionibus
714 329 983 388 instillata
1025 321 1384 395 singulorum
1428 321 1636 379 animis
1677 323 1995 380 reverentia
2053 341 2183 398 erga

273 432 635 511 apostolicam
669 428 865 484 Sedem
886 443 904 474 ¹:
931 419 1212 504 continuit
1262 420 1619 477 observantia
1650 439 1781 495 erga
1813 421 2184 497 Praepositum

271 530 612 606 generalem,
643 542 713 580 ne
739 520 874 594 quid
901 525 1198 592 novarent,
1235 538 1406 594 quem
1437 519 1649 576 scirent
1683 521 1838 576 haud
1869 538 2037 577 secus
2061 539 2186 578 sen-

272 647 491 695 surum,
517 644 578 680 ac
604 624 732 678 laeso
773 620 936 677 oculo
963 620 1246 677 societatis
1278 643 1287 675 :
1322 620 1612 695 prohibuit
1656 638 1906 694 quoque,
1936 620 2049 677 nisi
2087 621 2189 677 fal-

271 725 375 791 lor,
399 717 735 778 verecundia
761 718 1054 775 Sociorum
1085 724 1203 776 toto
1246 719 1382 775 orbe
1407 718 1660 792 ejusdem
1695 717 1943 775 instituti
1969 718 2190 792 legibus

270 821 722 894 conjunctorum,
763 823 934 891 atque
966 818 1038 874 ad
1082 817 1480 874 vindicandam
1529 817 1686 874 Sedis
1731 816 2055 892 apostolicae
2089 835 2188 873 au-

270 920 594 977 thoritatem
625 919 798 976 veluti
831 919 1281 993 conjuratorum.

352 1042 379 1073 «
399 1020 692 1076 Facessent
711 1021 829 1076 haec
853 1018 1078 1092 singula
1094 1018 1325 1076 inducto
1348 1036 1490 1075 novo
1522 1017 1882 1091 magistratu.
1908 1017 2190 1074 Constitu-

274 1119 526 1177 tionibus
565 1119 744 1176 sancti
788 1118 987 1192 Ignatii
1033 1118 1331 1194 capitalem
1379 1117 1560 1194 passis
1597 1118 1783 1175 labem
1827 1137 1963 1175 suus
2014 1119 2194 1173 honor

275 1220 636 1294 abrogabitur
668 1242 677 1274 :
711 1219 900 1276 Galliae
927 1219 1233 1295 provinciis
1261 1219 1460 1275 nullus
1506 1219 1612 1274 erit
1649 1217 1988 1293 Praepositus
2027 1234 2195 1290 gene-

274 1317 433 1374 raliS.
493 1317 788 1374 Sociorum
837 1317 971 1374 alibi
1021 1317 1347 1391 degentium
1390 1317 1583 1372 nullus
1630 1314 2195 1390 respectus:quippe

275 1434 388 1473 non
423 1417 541 1491 jam
580 1418 886 1487 sociorum,
922 1417 1145 1472 sublato
1194 1434 1341 1472 nexu
1388 1415 1702 1488 charitatiS,
1759 1421 1815 1471 et
1867 1411 2197 1470 obedientiae

182 1578 198 1592 =
274 1534 404 1572 cum
432 1517 723 1573 communi
747 1517 949 1591 capite.
980 1516 1113 1591 Spes
1147 1534 1216 1572 ne
1259 1521 1342 1571 est
1383 1515 1520 1587 fore,
1555 1520 1614 1570 ut
1642 1519 1799 1569 tanto
1828 1512 1977 1568 malo
1999 1527 2192 1566 occur-

278 1621 361 1671 rat
392 1616 461 1684 is,
500 1617 594 1689 qui
624 1635 834 1673 novum
863 1616 1261 1690 magistratum
1290 1617 1484 1690 geret?
1515 1613 1655 1670 Huic
1679 1631 1830 1683 vem,
1864 1610 1975 1667 nisi
2004 1610 2201 1683 etipse

279 1715 637 1787 magnatibus
676 1716 990 1789 placiturus
1018 1717 1088 1771 ad
1122 1735 1323 1772 novam
1364 1714 1681 1771 doctrinam
1731 1732 1789 1770 se
1817 1710 2198 1779 inclinaverit,

280 1812 469 1868 licebit
517 1812 810 1888 deplorare
855 1813 1079 1870 silentio
1123 1813 1392 1870 doctrinae
1418 1819 1676 1887 peccata;
1705 1811 1970 1868 cohibere
2002 1828 2116 1865 non
2142 1809 2202 1864 li-

283 1910 451 1968 cebitl
1237 1967 1240 1970 ,

362 2032 389 2063 «
411 2010 825 2067 Ominationem
853 2029 1008 2067 novae
1032 2011 1301 2068 doctrinae
1322 2028 1527 2084 augere
1547 2009 1707 2066 nohis
1727 2014 1910 2084 potest
1923 2026 2086 2065 casus
2107 2007 2203 2063 do-

283 2110 551 2166 mesticus
583 2110 827 2166 infelicis
847 2109 1100 2166 historici
1130 2110 1485 2183 Maimburgi.
1514 2109 1819 2165 Nobiscum
1851 2107 2042 2164 vivens
2076 2125 2200 2181 pec-

284 2225 410 2262 care
446 2213 690 2282 coeperat
733 2215 931 2264 contra
977 2207 1343 2280 apostolicam
1387 2207 1586 2263 Sedem
1621 2227 1631 2258 ε
1671 2205 1844 2261 simul
1893 2203 2202 2260 coercendo

281 2305 400 2361 viro
428 2306 684 2361 sedulam
720 2325 924 2362 navare
972 2324 1199 2380 operam
1226 2312 1474 2381 coeperat
1500 2305 1839 2380 Praepositus
1870 2302 2152 2378 generalis
2188 2324 2198 2356 :

282 2404 379 2460 sed
414 2405 582 2480 hujus
623 2405 722 2461 ille
756 2405 1083 2461 authoritati
1128 2404 1472 2475 subductus,
1500 2410 1711 2478 quanto
1736 2403 1992 2478 graviora
2024 2401 2205 2474 desig-

285 2505 469 2561 navit?
500 2505 853 2561 Subductum
889 2505 1039 2561 dices
1075 2505 1250 2561 fuisse
1290 2525 1404 2562 non
1437 2505 1623 2562 solum
1671 2502 2001 2562 authoritati
2048 2518 2208 2576 gene-

285 2604 444 2675 ralis,
475 2605 570 2659 sed
598 2611 651 2660 et
685 2610 1018 2660 caeterorum
1053 2605 1332 2660 societatis
1353 2605 1736 2679 superiorum.
1769 2605 1858 2661 Sic
1880 2610 1997 2661 est:
2027 2602 2123 2659 sed
2149 2601 2207 2656 hi

288 2702 515 2775 quidem
545 2704 615 2759 ad
641 2704 1018 2760 coercendum
1045 2705 1232 2760 virum
1275 2705 1413 2778 quid
1440 2724 1542 2762 suo
1580 2706 1810 2763 nomine
1850 2705 2120 2772 auderent
2143 2721 2207 2759 eo

287 2799 408 2855 loco
436 2819 499 2856 ac
527 2807 798 2875 tempore,
829 2808 998 2874 atque
1026 2808 1087 2857 ut
1124 2821 1212 2859 res
1246 2809 1384 2859 tunc
1414 2807 1607 2860 erant?
1641 2804 1827 2860 Nihilo
1854 2805 1982 2879 plus
2011 2803 2212 2859 audeat

287 2898 371 2955 vel
400 2899 575 2974 possit
592 2918 733 2955 novo
764 2899 1004 2975 insignis
1030 2902 1369 2975 magistratu
1398 2902 1823 2977 provinciarum
1851 2901 2042 2956 Galliae
2071 2918 2210 2974 prae·

291 3014 412 3068 seS,‘
437 2998 734 3073 caeterique
763 3000 899 3055 adeo
935 3001 1277 3074 superiores,
1316 3001 1363 3057 si
1389 3019 1529 3057 usus
1570 3000 1810 3058 venerit.
1839 2999 2041 3055 Omnia
2064 3000 2211 3055 Deus

295 3104 523 3169 avertat,
557 3105 611 3155 et
648 3099 1040 3174 magistratum
1081 3101 1346 3176 ipsum.»

294 3276 369 3328 §5-
390 3300 442 3307 —-
462 3278 593 3327 Quam
607 3280 716 3322 devii
733 3280 893 3323 fuerint
907 3282 1104 3334 primarii
1120 3284 1284 3336 aliquot
1301 3285 1321 3325 J
1326 3285 1471 3326 esuitae
1490 3284 1645 3334 Galliae,
1667 3283 1868 3337 panditur
1885 3295 1935 3325 ex
1950 3283 2213 3325 documentis

446 3358 469 3386 a
491 3349 693 3391 cardinali
715 3350 938 3392 Sfondrato
961 3351 1083 3394 editis
1106 3356 1147 3393 et
1168 3356 1211 3394 in
1234 3353 1416 3395 latinum
1441 3354 1493 3395 ab
1520 3354 1608 3407 ipso
1629 3354 1813 3396 fideliter
1834 3353 2065 3396 translatis.

374 3469 415 3524 Ι.
475 3470 717 3530 EPISTOLA
770 3477 985 3533 Emscom
1031 3478 1327 3534 APAMIENSIS
1359 3499 1423 3534 An
1454 3480 1654 3535 PATREM
1686 3498 1746 3534 DE
1786 3497 1847 3534 LA
1894 3477 2092 3533 Causa.
2141 3508 2213 3518 —

300 3568 743 3630 Praenotandum.
772 3607 839 3618 —
867 3576 1101 3641 Quando
1143 3577 1458 3636 Ludovicus
1500 3579 1607 3636 XIV
1654 3582 1997 3654 praetensum
2041 3594 2211 3632 suum
