2262 3990
770 173 898 220 PARS
929 169 1172 218 SECUNDA.
1629 167 1633 177 ²
1830 163 1912 209 581

42 297 227 364 qmiter
265 306 321 343 se
362 288 639 360 primatum
681 289 875 351 tenere,
917 276 1146 353 perinde
1189 279 1273 331 est
1310 289 1373 328 ac
1414 271 1468 327 si·
1500 270 1777 328 diceretur
1818 271 1920 325 hac

42 385 340 445 insolentia
365 391 416 439 et
456 380 766 453 arrogantia
802 396 967 434 usum
999 394 1119 433 esse
1152 374 1463 429 Romanum
1498 367 1838 426 Pontificem.
1868 366 1918 426 Is

46 502 208 559 porro
231 481 492 555 loquendi
520 479 716 535 modus
740 475 999 552 supponit
1024 472 1292 547 Cypriano
1310 470 1427 544 jam
1454 468 1702 544 apprime
1721 473 1917 523 notum

45 577 308 653 Stephani
346 577 500 649 Papae
531 589 857 648 responsum
889 588 987 626 seu
1014 569 1300 634 decretum
1327 566 1395 631 ab
1419 564 1652 621 Eusebio
1681 562 1919 619 relatum

0 709 1 765 1
52 675 216 747 (lihro
241 672 350 742 Vll,
383 659 677 745 capitem),
714 685 823 739 quo
849 664 1252 739 prohibebatur
1285 678 1354 716 ne
1381 661 1449 716 ab
1481 660 1756 718 haereticis
1792 661 1927 734 bap-

52 769 196 824 tizati
222 768 421 823 iterum
444 763 870 838 baptizarentur.
898 759 1014 814 Non
1040 758 1189 814 enim
1213 765 1586 828 conqueretur
1603 757 1922 831 CyprianuS,

53 864 200 939 quod
235 863 546 936 Stephanus
586 857 879 914 insolenter
910 865 959 911 et
992 864 1307 927 am·oqanter
1335 857 1528 909 dixerit
1560 874 1616 909 se
1648 856 1932 926 primatum

52 968 226 1015 tenere
267 965 315 1011 et
363 955 705 1026 obtemperari
746 953 841 1006 sihi
899 959 1157 1024 oportere,
1207 950 1316 1004 nisi
1355 950 1469 1022 jam
1512 951 1716 1006 certior
1756 952 1933 1005 factus

52 1059 195 1110 esset
221 1069 377 1107 suam
403 1047 730 1105 sententiam
758 1065 787 1101 a
814 1046 1089 1120 Stephano
1107 1045 1279 1100 fuisse
1305 1045 1752 1101 condemnatam.
1778 1047 1931 1102 Unde

51 1156 208 1205 tenor
246 1146 489 1227 epistolae
522 1145 589 1200 ad
620 1144 885 1207 Quintum
916 1145 1142 1200 omnino
1184 1143 1442 1218 supponit
1478 1161 1595 1199 eam
1640 1144 1933 1216 epistolam

54 1243 270 1300 decreto
297 1241 558 1315 Stephani
587 1241 740 1315 Papae
764 1243 1130 1312 posteriorem.

129 1339 363 1395 Aliunde
396 1345 582 1393 autem
612 1340 932 1393 anteriorem
960 1337 1130 1392 fuisse
1158 1342 1393 1392 testatur
1419 1337 1652 1411 epistola
1678 1337 1939 1411 synodica

61 1419 402 1512 Cypriani'ad
429 1435 792 1508 Stephanum,
826 1451 935 1505 qua
962 1440 1149 1489 notam
1188 1434 1294 1508 ipsi
1325 1434 1455 1489 facit
1490 1434 1941 1506 Carthaginensis

66 1535 275 1592 concilii
305 1535 654 1590 decisionem.
692 1534 749 1587 ln
784 1551 842 1588 ea
869 1533 1073 1606 quippe
1100 1532 1362 1607 synodica
1388 1532 1467 1587 sic
1493 1534 1730 1599 hahetur
1757 1554 1767 1585 ε
1799 1532 1939 1604 Bap-

37 1634 260 1690 'tismum
300 1641 472 1687 autem
516 1650 617 1686 non
653 1649 764 1686 esse
803 1649 899 1702 qno
934 1631 1162 1683 haeretici
1200 1638 1437 1702 utuntur,
1488 1630 1756 1701 ctiliyenter
1779 1647 1946 1702 nuper

46 1743 357 1800 -expressum
387 1736 460 1783 est
498 1730 548 1782 in
573 1729 790 1801 epistola
818 1745 932 1799 quae
966 1727 1033 1780 od
1064 1725 1308 1791 Quintum
1346 1727 1592 1797 oolleyam
1619 1734 1854 1780 nostrum
1891 1729 1942 1780 in

67 1823 381 1881 Mauritania
420 1827 750 1879 constitutum
775 1841 932 1895 super
955 1841 1015 1877 ea
1047 1841 1104 1876 re
1137 1825 1326 1895 scripta
1366 1832 1479 1878 est.-
1518 1825 1637 1877 item
1671 1826 1722 1877 in
1753 1825 1943 1878 litteris

69 1938 194 1994 quas
229 1922 434 1994 colleyae
474 1923 633 1976 nostri
665 1923 730 1975 acl
767 1921 1050 1994 Episcopos
1091 1921 1139 1973 in
1168 1919 1412 1974 Numidia
1454 1921 1798 1990 praesz'dentes
1829 1928 1948 1975 ante

70 2016 322 2087 fecerunt,
353 2021 495 2091 cujus
522 2021 788 2090 utriusque
814 2018 1041 2089 epistolae
1064 2019 1295 2088 eaeempIo
1318 2018 1517 2072 subdidi
1550 2019 1717 2091 (apud
1747 2018 1945 2088 Lahhe,

67 2117 216 2167 tomo
256 2114 298 2181 Ι,
349 2114 453 2169 col.
505 2115 635 2184 764,
679 2114 923 2183 Parisiis,
975 2113 1166 2183 1671).
1213 2114 1497 2167 Alisonum
1540 2132 1770 2186 prorsus
1812 2116 1950 2171 foret

74 2208 254 2263 dicere
289 2211 401 2281 jam
444 2227 473 2263 a
514 2209 790 2282 Stephano
826 2211 971 2281 Papa
1011 2210 1223 2263 editum
1267 2211 1439 2265 fuisse
1477 2219 1529 2266 et
1567 2213 1635 2266 ab
1677 2213 1948 2270 Africanis

74 2304 358 2374 cognitum
397 2305 677 2359 decretum
719 2324 829 2375 quo
870 2305 1119 2377 prohibet
1162 2305 1351 2360 iterari
1395 2299 1698 2382 baptismaJ
1733 2312 1951 2380 quando

78 2398 144 2452 ad
169 2399 350 2472 ipsum
374 2399 682 2455 transmisit
704 2400 1004 2474 Cyprianus
1034 2401 1258 2456 citatam
1287 2403 1630 2475 synodicam,
1663 2423 1791 2460 cum
1817 2408 1952 2463 actis

77 2496 516 2568 Carthaginensis
540 2498 782 2552 concilii.
810 2498 946 2552 Nam
979 2506 1111 2554 tunc
1135 2499 1180 2554 si
1213 2517 1300 2555 res
1328 2500 1402 2555 ita
1430 2519 1487 2557 se
1519 2503 1950 2577 haberet,potis-

77 2590 280 2645 simum
321 2598 575 2663 ageretur
610 2592 667 2646 in
695 2594 797 2648 hac
823 2593 1086 2670 synodica
1118 2593 1185 2649 de
1209 2594 1492 2651 Pontificio
1528 2596 1624 2653 illo
1654 2598 1873 2654 decreto
1898 2609 1945 2657 et

78 2686 144 2742 de
181 2686 486 2743 rationibus
515 2689 583 2743 ob
618 2707 756 2761 quas
798 2689 880 2743 illi
911 2689 1127 2746 decreto
1170 2709 1278 2747 non
1315 2693 1809 2767 obtemperandum
1836 2715 1954 2753 esse

80 2783 442 2840 existimasset
474 2786 738 2863 synodus,
768 2787 931 2842 Porro
965 2806 1033 2844 ne
1061 2789 1266 2862 syllaba
1293 2791 1519 2862 quidem
1546 2793 1828 2850 indicatur
1855 2798 1953 2852 ali-

81 2878 224 2950 quod
258 2879 513 2954 Stephani
552 2885 834 2940 decretum
871 2886 939 2941 ad
972 2886 1253 2943 Africanos
1300 2891 1565 2962 praesules
1605 2911 1635 2946 a
1673 2894 1952 2966 Stephano

85 2972 241 3046 prius
282 2974 570 3033 directum.
617 2979 884 3051 Loquitur
924 2981 1183 3054 synodica
1228 2986 1362 3052 hire,
1411 2987 1571 3056 quasi
1617 2983 1795 3058 prima
1839 2989 1954 3045 vice

83 3067 214 3123 dicti
270 3071 532 3141 praesules
576 3075 931 3146 apostolicam
980 3075 1171 3132 Sedem
1222 3080 1437 3134 adirent
1493 3087 1543 3135 et
1599 3084 1952 3141 consulerent

87 3164 153 3219 de
184 3165 482 3235 quaestione
519 3167 904 3241 baptismatis:
946 3172 1048 3227 Sed
1083 3175 1147 3228 de
1179 3193 1262 3245 eo,
1296 3175 1583 3247 inquiunt,
1623 3180 1702 3232 vel
1733 3184 1959 3239 maxime

90 3263 180 3317 tibi
204 3264 523 3318 scribendum
560 3271 610 3319 et
649 3283 760 3320 cum
804 3275 891 3321 tua
919 3271 1175 3339 'qravitote
1209 3288 1267 3325 ac
1294 3275 1556 3349 sapientia
1589 3279 1955 3348 conferendum

88 3362 210 3432 suit,
249 3367 351 3416 etc.
390 3360 525 3434 Ergo
552 3379 736 3417 revera
770 3363 1055 3419 decretum
1085 3365 1343 3440 Stephani
1369 3372 1646 3441 praecessit
1673 3377 1952 3449 synodica,

90 3463 141 3526 et
186 3458 501 3533 synodicam
553 3459 830 3532 praecessit
871 3459 1098 3533 epistola
1138 3462 1203 3516 ad
1252 3463 1540 3538 Quintum,
1583 3469 1852 3544 siquidem
1898 3476 1954 3532 in

92 3552 324 3628 ipsamet
367 3556 624 3633 synodica
670 3556 875 3613 dicitur
904 3557 1072 3613 simul
1113 3562 1434 3619 transmitti.
1467 3566 1698 3626 Proinde
1729 3571 1955 3646 epistola
