2306 4010
796 206 921 254 PARS
954 205 1196 254 SECUNDA.
1851 199 1942 246 235

54 324 231 397 Papae,
258 318 459 376 invicte
497 315 754 391 sequitur
801 313 1120 372 schismatis
1163 309 1512 386 legitimitaS,
1547 306 1658 364 imo
1703 311 1757 363 et
1797 306 1938 363 obli-

53 419 224 496 gatio.
385 414 393 422 ‘

130 515 297 572 'Vlll¹¹¹¹¹
327 514 692 570 Cossa-cummi
715 528 921 566 rusum.
940 507 1290 565 ·—-Doctrina
1316 506 1383 563 de
1410 506 1550 580 Papa
1582 502 1825 573 fallibili,
1859 501 1942 557 in-

58 619 267 670 certam
300 609 483 667 reddit
508 606 942 663 christianorum
978 604 1164 660 fidem.
1197 603 1484 659 Enimvero
1518 607 1643 676 post
1672 599 1878 657 editam
1913 615 1943 654 a

58 712 306 769 Romano
338 704 597 763 Pontifice
629 702 1028 772 definitionem,
1061 718 1190 756 cum
1214 718 1444 756 erronea
1470 718 1590 756 esse
1611 698 1809 774 possit,
1834 715 1944 754 non

57 808 257 863 debent
297 804 488 860 fideles
526 801 714 857 statim
757 799 806 856 ei
847 817 910 854 ex
952 797 1139 853 animo
1180 796 1486 862 adhaererc;
1534 797 1630 854 sed
1661 801 1947 871 expectare

58 903 232 959 donec
257 897 510 975 Episcopi
541 914 640 971 per
669 896 860 951 orbem
887 893 1124 967 dispersi
1152 893 1559 948 consenserint.
1586 893 1793 948 Interea
1817 910 1945 949 vero

53 999 275 1058 debebit
330 997 568 1071 quisque
618 1010 907 1051 assensum
960 990 1301 1066 suspendere
1358 996 1411 1045 et
1457 1007 1657 1062 anceps
1716 991 1941 1047 haerere.

63 1097 295 1155 Aliunde
340 1100 526 1150 autem
570 1098 766 1148 utrum
808 1097 859 1147 et
907 1088 1129 1163 quando
1173 1086 1518 1143 sufficienter
1565 1086 1950 1142 consenserint

61 1195 330 1272 Episcopi,
367 1193 626 1250 fidelibus
668 1196 815 1246 certe
842 1196 1096 1245 constare
1133 1187 1346 1261 nequit.
1384 1184 1637 1259 Exceptis
1678 1184 1849 1257 igitur
1878 1183 1948 1239 iis

0 1290 1 1294 ’
59 1294 335 1362 fidelihus,
377 1292 473 1365 qui
508 1289 746 1363 alicujus
780 1286 1107 1343 oecumenici
1137 1283 1360 1342 concilii
1394 1282 1557 1339 coaevi
1599 1288 1752 1352 sunt,
1792 1286 1947 1337 caete-

59 1405 254 1447 'rorum
291 1389 369 1463 (id
395 1393 476 1444 est
499 1387 611 1443 fere
636 1384 910 1453 omnium,
950 1401 1079 1439 cum
1106 1388 1221 1438 tam
1250 1398 1376 1436 raro
1404 1379 1757 1435 celebrentur
1782 1395 1944 1450 gene-

73 1486 207 1544 rales
237 1486 450 1562 synodi)
482 1485 613 1541 tides
639 1483 850 1539 incerta
878 1497 1168 1539 remanere
1196 1477 1439 1534 debebit.

834 1844 1082 1906 CAPUT
1128 1843 1173 1902 X

367 2084 371 2089 ι
397 2037 479 2071 DE
501 2037 771 2073 Omncwo
796 2033 1352 2071 lxi-*Ammlnlu'rxns
1378 2029 1620 2066 ΒΦΜΑΝΙ

0 2110 1 2139 1
71 2103 430 2156 nstramus,
449 2112 565 2147 SEU
587 2115 669 2148 Al)
692 2112 976 2157 QuisNAM
1001 2109 1320 2145 MA'I'Enns
1341 2104 1790 2142 PRAEROGA'HVA
1819 2102 1955 2137 nAEc

529 2189 684 2223 SESE
708 2187 1038 2223 EerNnA'r
1062 2184 1439 2231 (REMlsslvss
1453 2181 1486 2225 ).

149 2348 349 2403 Eadem
390 2367 620 2423 prorsus
654 2357 738 2406 est
778 2351 1003 2421 quaestio
1042 2350 1145 2403 ista
1177 2349 1243 2403 de
1281 2349 1473 2417 objecto
1516 2343 1954 2411 infallibilitatis,

76 2444 187 2500 sive
213 2451 408 2517 agatur
436 2445 502 2500 de
536 2444 931 2500 infallibilitate
959 2443 1192 2499 Romani
1218 2441 1518 2508 Pontifieis,
1559 2439 1672 2496 sive
1699 2440 1763 2494 de
1794 2440 1957 2495 infal-

75 2540 329 2596 libilitate
365 2541 587 2598 concilii
615 2541 964 2609 oecumenici,
1005 2541 1118 2596 sive
1155 2539 1220 2595 de
1247 2538 1639 2593 infallibilitate
1679 2537 1951 2592 Ecclesiae.

71 2636 205 2692 Cum
250 2629 537 2692 autem'in
579 2644 815 2693 tractatu
852 2638 914 2693 cle
958 2637 1187 2692 Ecclesia
1224 2635 1455 2710 expendi
1495 2635 1665 2689 soleat
1704 2651 1954 2706 quaenam

74 2732 443 2789 infallibiliter
467 2733 683 2790 definiri
710 2734 923 2808 possint
953 2735 1036 2788 vel
1066 2751 1178 2788 non
1209 2731 1423 2806 possint
1454 2750 1484 2786 a
1512 2748 1757 2804 suprema
1785 2731 1959 2786 Eccle-

0 2888 1 2891 ,
76 2831 168 2883 siae
196 2833 525 2901 auctoritate,
556 2831 678 2888 ideo
713 2832 780 2887 ad
819 2833 966 2887 hunc
1005 2823 1697 2886 tractatum'remittimus
1737 2829 1955 2884 Certum

81 2941 276 2997 nempe
311 2945 629 3001 supremam
667 2935 720 2984 et
757 2929 1108 2985 infallibilem
1145 2927 1402 2984 Ecclesiae
1445 2926 1832 2982 auctoritatem
1871 2942 1960 2997 pe-

0 3013 3 3084 f
84 3035 179 3073 nes
199 3018 507 3077 Romanum
539 3024 855 3080 Pontificem
885 3023 1149 3094 residere,
1194 3029 1257 3079 ut
1302 3021 1678 3095 probavimus,
1722 3017 1958 3073 Proinde

80 3114 460 3171 conclusiones
492 3118 559 3174 de
605 3118 813 3192 objecto
851 3139 951 3177 seu
992 3119 1363 3194 competentia
1402 3117 1692 3188 infallibilis
1721 3115 1957 3170 Ecclesiae

82 3213 400 3266 auctoritatis
457 3214 793 3294 applicandae
847 3218 977 3272 sunt
1024 3215 1309 3271 infallibili
1359 3212 1673 3270 auctoritati
1723 3212 1957 3268 Romani

79 3306 378 3363 pontificis.
440 3308 719 3381 Ejusmodi
767 3313 1188 3368 conclusionum
1239 3311 1330 3365 hic
1379 3310 1618 3365 indicem
1666 3309 1954 3366 dumtaxat

80 3404 463 3478 subjiciemus,
494 3406 555 3461 Et
585 3405 787 3463 deinde
815 3402 1511 3480 adnotabimus'nunquam
1545 3405 1828 3463 definienti
1850 3407 1953 3463 Ro-

82 3518 243 3556 mano
267 3502 514 3559 Pontifici
545 3502 790 3574 legitime
823 3503 1080 3577 denegari
1117 3521 1278 3578 posse
1317 3503 1645 3578 obsequium
1683 3503 1787 3560 sub
1817 3521 1953 3579 prae·

81 3602 229 3655 textu
251 3599 397 3672 quod
429 3601 857 3675 competentiam
893 3619 1050 3658 suam
1073 3603 1386 3673 excesserit,
1417 3601 1471 3658 id
1495 3606 1595 3672 est,
1622 3602 1690 3659 de
1715 3603 1948 3660 materia
