2306 4010
789 218 913 264 PARS
945 217 1185 265 SECUNDA.
1844 219 1895 264 51
1910 218 1924 263 1

0 378 1 403 3
59 351 182 393 cere
220 332 584 398 conabantur,
626 338 911 396 nunquam
965 324 1322 396 neglexerunt
1363 341 1455 379 eos
1492 322 1721 392 hortari,
1767 329 1933 395 atque

0 410 1 413 Ἴ
60 423 396 489 obsecrando
420 435 789 489 commonere,
820 423 882 475 ut
908 436 938 475 a
962 421 1116 494 pravi
1143 420 1415 493 dogmatis
1439 419 1697 477 haeretico
1722 436 1929 488 errore,

62 532 258 589 saltem
301 525 523 585 tacendo
552 518 899 587 desisterent,
938 535 1009 574 ne
1038 535 1102 574 ex
1141 520 1244 575 hoe
1282 519 1572 577 exordium
1614 517 1832 575 dissidii
1874 517 1932 573 in

63 611 277 685 unitate
314 621 562 680 Ecclesiae
587 618 846 682 facerent,
895 633 1068 670 unam
1103 617 1444 673 voluntatem
1487 633 1770 690 unamque
1810 631 1935 689 ope-

66 727 334 784 rationem
357 723 589 779 duarum
626 718 955 771 ‘naturarum
994 718 1305 769 asserentes
1335 714 1392 769 in
1418 732 1530 770 uno
1552 713 1780 770 Domino
1812 731 1937 769 nos-

69 835 152 883 tro
172 825 298 881 Jesu
315 818 539 877 Christo.
562 835 590 867 »
614 812 905 885 (Integram
929 809 1098 866 habes
1119 810 1275 865 illam
1292 811 1590 882 Agathonis
1618 812 1932 886 epistolam,

71 924 125 979 in
143 920 287 978 Actis
306 921 461 973 sextae
481 908 667 990 synodi
686 905 1062 977 oecumenicae,
1084 906 1310 963 Actione
1328 913 1549 981 quarta3
1573 907 1721 982 apud
1742 909 1933 978 Mansi,

69 1028 215 1077 tomo
243 1014 324 1084 XI,
351 1010 452 1068 eol.
487 1005 642 1077 254.)

135 1115 442 1170 Docuuauwm
466 1105 589 1162 VIII.
618 1137 686 1146 —
712 1105 1063 1161 Prommtiata
1089 1110 1273 1159 eontra
1307 1103 1593 1159 Hortarium
1614 1122 1646 1158 a
1670 1113 1818 1161 sexto
1856 1123 1939 1176 ye-

61 1208 224 1267 nerali
268 1204 485 1262 concilio
514 1204 871 1259 condemnatio
920 1219 1032 1257 cum
1079 1202 1519 1257 (mathemate.—
1546 1199 1633 1255 Sic
1682 1199 1937 1270 hahetur,

58 1307 274 1364 Aetione
298 1324 401 1377 xm,
435 1304 580 1376 apud
608 1301 844 1357 Concilia
870 1302 1064 1375 Mansi,
1100 1307 1248 1357 tomo
1274 1300 1360 1370 xl,
1388 1299 1493 1355 col.
1528 1300 1637 1355 554
1668 1320 1682 1351 .·
1719 1319 1746 1350 «
1773 1297 1938 1353 Sanc-

60 1410 175 1462 tum
188 1401 480 1459 concilium
501 1401 635 1456 dixit
653 1422 662 1453 :
678 1443 688 1454 .
704 1447 712 1456 .
730 1448 739 1457 .
756 1400 1134 1456 Retractantes
1154 1399 1492 1472 dogmaticas
1510 1397 1793 1473 epistolaS,
1816 1414 1937 1470 quae

63 1520 92 1558 a
113 1500 293 1575 Sergio
317 1499 593 1574 quondam
619 1498 936 1574 patriarcha
965 1498 1129 1572 hujus
1153 1498 1316 1571 regiae
1343 1496 1501 1553 urbis
1536 1496 1753 1570 scriptae
1781 1502 1933 1562 sunl,

66 1605 180 1655 tum
218 1597 283 1654 ad
308 1596 522 1672 Cyrum,
556 1596 652 1670 qui
686 1603 820 1653 tune
849 1596 1032 1677 fuerat
1061 1595 1363 1670 Episcopus
1396 1593 1669 1663 Phasidis,
1707 1598 1827 1647 tum
1868 1592 1935 1647 ad

64 1697 349 1754 Honorium
381 1697 661 1769 quondam
702 1698 903 1770 Papam
934 1695 1174 1769 antiquae
1210 1695 1413 1761 Romae;
1453 1693 1714 1750 similiter
1749 1698 1934 1747 autem

62 1801 113 1852 et
138 1795 415 1870 epistolam
457 1796 524 1852 ab
560 1795 687 1862 iste,
727 1795 783 1850 id
823 1801 928 1865 est,
964 1795 1031 1850 ab
1058 1794 1295 1850 Honorio
1327 1793 1658 1866 rescriptam
1686 1790 1754 1846 ad
1781 1808 1934 1846 eum-

61 1893 179 1949 dem
202 1892 471 1967 Sergium;
503 1896 711 1967 hasque
737 1893 1080 1949 invenientes
1107 1893 1335 1948 omnino
1359 1891 1570 1946 alienas
1604 1891 1841 1946 existere
1865 1890 1933 1944 ab

60 1990 360 2064 apostolicis
397 1990 743 2064 dogmatibus
774 1997 825 2047 et
868 2010 896 2046 a
934 1990 1351 2047 definitionibus
1384 1998 1706 2045 sanctorum
1752 1988 1934 2044 conci-

59 2088 254 2144 liorum
293 2094 345 2144 et
371 2094 701 2144 cunctorum
730 2087 1104 2162 probabilium
1135 2093 1379 2162 patrum,
1423 2087 1578 2160 sequi
1604 2105 1731 2142 vero
1762 2086 1931 2141 falsas

58 2182 324 2240 doctrinas
358 2186 761 2250 haereticorun13
795 2203 886 2240 eas
915 2184 1235 2239 omnimodo
1264 2184 1558 2257 abjicimus
1585 2190 1634 2238 et
1661 2191 1927 2255 tanquam

62 2280 251 2337 animae
274 2283 461 2340 noxias
485 2301 827 2339 execramur.
859 2283 1102 2346 Quorum
1132 2289 1340 2350 autem,
1367 2283 1422 2336 id
1449 2288 1553 2346 est,
1576 2282 1927 2351 eorumdem,

64 2378 226 2452 impia
264 2397 604 2438 exsecramur
645 2382 922 2454 dogmata,
969 2384 1166 2437 horum
1202 2388 1253 2436 et
1283 2381 1510 2435 nomina
1552 2399 1579 2435 a
1614 2387 1801 2436 sancta
1836 2381 1928 2436 Dei

62 2467 291 2531 Ecclesia
322 2479 505 2552 projici
537 2480 932 2554 judicavimus3
966 2479 1022 2534 id
1051 2486 1132 2534 est
1161 2479 1333 2551 Sergii
1362 2478 1638 2551 quondam
1670 2479 1928 2552 praesulis

60 2570 220 2645 hujus
256 2575 413 2647 regiae
454 2578 631 2647 urhis,
682 2579 776 2650 qui
821 2594 1112 2649 aggressus
1157 2583 1235 2631 est
1272 2576 1337 2630 de
1390 2575 1710 2648 hujusmodi
1752 2576 1925 2650 impio

54 2669 296 2742 dogmate
321 2677 686 2746 conscribere,
711 2677 830 2751 Cyri
859 2675 1226 2745 Alexandriae,
1254 2675 1470 2748 Pyrrhi,
1498 2675 1642 2731 Petri
1671 2683 1722 2731 et
1750 2675 1920 2746 Pauli,

52 2769 145 2839 qui
185 2776 236 2825 et
265 2771 369 2845 ipsi
395 2774 692 2845 praesulatu
732 2775 907 2831 functi
946 2780 1074 2830 sunt
1113 2774 1170 2828 in
1210 2773 1346 2828 Sede
1380 2773 1546 2846 hujus
1577 2773 1835 2840 civitatiS,
1872 2781 1922 2829 et

53 2865 252 2919 similia
271 2867 348 2922 eis
370 2876 679 2936 senserunt;
706 2874 774 2927 ad
795 2874 909 2928 haec
934 2878 988 2927 et
1003 2871 1294 2926 Theodori.
1310 2916 1344 2925 ..
1376 2871 1502 2926 Cum
1528 2872 1606 2925 his
1631 2889 1752 2926 vero
1770 2871 1928 2925 simul

53 2958 231 3028 projici
255 2978 286 3013 a
310 2971 485 3016 sancta
525 2964 615 3018 Dei
649 2968 895 3022 calholica
924 2967 1175 3036 Ecclesia,
1205 2968 1460 3038 simulque
1488 2967 1926 3020 anathematizari

52 3055 381 3126 praevidimus
415 3066 460 3112 et
497 3058 798 3131 Honorium,
831 3065 915 3134 qui
953 3065 1127 3135 fuerat
1170 3063 1315 3135 Papa
1355 3066 1583 3133 antiquae
1632 3062 1829 3128 Romae,
1866 3079 1924 3115 eo

56 3150 193 3220 qnod
218 3152 504 3206 invenimus
534 3172 628 3224 per
659 3159 871 3229 scripta,
910 3177 1018 3229 quae
1052 3161 1112 3213 ab
1152 3177 1210 3214 eo
1248 3162 1390 3230 faeta
1420 3169 1536 3213 sunt
1569 3159 1636 3212 ml
1666 3158 1922 3229 Sergium,

55 3248 177 3316 qnia
218 3249 269 3300 in
318 3248 548 3302 omnibus
588 3252 695 3322 ejus
736 3262 958 3309 mentem
1002 3263 1208 3310 secutus
1245 3263 1341 3322 est,
1388 3264 1435 3310 et
1478 3257 1639 3326 impia.
1680 3255 1923 3327 doqmata

55 3343 389 3411 confirmavit.
416 3363 442 3393 »

124 3437 416 3508 Postquam
443 3437 580 3494 lecta
617 3438 722 3495 suit
760 3441 999 3498 secunda
1033 3443 1254 3497 Honorii
1284 3443 1350 3499 ad
1378 3444 1628 3517 Sergium
1662 3447 1917 3522 epistola,

53 3540 102 3590 et
133 3535 237 3590 alia
265 3535 499 3591 aliorum
532 3537 757 3611 scripta,
786 3539 851 3594 de
883 3539 968 3594 his
993 3540 1251 3597 omnibus
1281 3541 1355 3598 ita
1379 3544 1797 3616 pronuntiatum
1832 3555 1910 3604 est

57 3649 82 3685 a
112 3634 328 3689 concilii
359 3635 612 3691 Patribus
642 3657 652 3688 :
