2262 3990
251 185 338 232 602
919 170 1220 221 TRACTATUS
1249 169 1315 219 DE
1345 169 1495 220 PAPA.

250 304 428 344 manae
468 281 774 358 judicium.
817 278 983 343 Addit
1029 277 1260 354 quidem
1297 283 1520 355 postea,
1564 287 1854 356 repertum
1895 301 1927 340 a
1966 302 2026 344 se
2057 289 2157 349 hoe,
2245 292 2249 326 ;

240 384 519 459 judicium
570 397 890 438 consonans
938 381 1168 436 Patrum
1225 378 1526 447 doctrinae3
1575 379 1674 437 sed
1721 381 1806 453 jd,
1843 381 1912 441 ad
1939 383 2156 449 facilius
2244 384 2245 388 ’

242 479 592 538 reducendos
634 478 823 536 devios
865 479 1144 551 additum,
1197 477 1526 535 nullatenus
1571 479 1905 538 contradicit
1938 492 2165 554 asserta

241 581 401 658 prius
429 588 481 640 et
519 587 647 639 ante
684 578 875 639 omnia
905 583 1213 638 necessitati
1250 579 1523 656 sequendi
1549 579 1817 638 traditam
1847 600 1879 638 a
1908 582 2153 647 Romano

238 682 499 740 pontifice
528 682 658 740 fidei
682 682 958 756 regulam.
990 681 1147 739 Videt
1172 680 1363 755 lector,
1394 681 1674 755 quomodo
1696 680 1926 738 Bossuet
1945 683 2154 747 Tarasii

238 782 666 858 responsionem
717 782 1086 854 truncaverit,
1137 786 1190 838 et
1228 798 1348 838 eam
1380 786 1618 856 partem,
1646 799 1769 854 quae
1793 781 1852 837 in
1882 781 2153 856 ejusmodi*
2183 834 2189 839 .

237 882 549 956 quaestione
575 882 858 960 praecipua
894 889 1037 953 erat,
1087 900 1326 957 quaeque
1363 881 1541 958 ipsius
1586 899 1883 939 erroneum
1917 890 2150 959 systema

235 982 587 1058 explodebat,
629 988 810 1041 astute
866 981 1092 1039 silentio
1135 981 1581 1059 praetermiserit.
1618 982 1909 1057 Ejusmodi
1933 984 2148 1045 technis
2186 984 2192 995 ‘

235 1089 464 1140 assutus
493 1083 836 1158 Defensionis
874 1081 1039 1138 liber.

311 1184 363 1239 4⁰
392 1183 529 1240 Citat
557 1183 790 1258 iusuper
818 1181 1050 1238 Bossuet
1084 1180 1311 1237 Patruin
1339 1181 1506 1238 verba
1535 1180 1745 1256 quihus
1775 1181 2149 1251 conciliariter

230 1283 675 1359 pronuntiaturi,
691 1282 749 1338 in
769 1286 1123 1338 antecessum
1141 1286 1458 1361 memorant
1472 1272 1906 1356 promissionem
1925 1282 2141 1358 Christi,

232 1385 491 1439 vobiscum·
513 1402 625 1439 sum
645 1384 885 1438 omnibus
914 1383 1119 1454 diebus,
1144 1388 1196 1438 et
1213 1381 1410 1438 dicunt
1428 1371 2023 1456 promissionem'hanc
2040 1383 2145 1442 fac-

228 1488 338 1538 tam
378 1481 574 1553 fuisse,
607 1501 718 1539 non
748 1481 882 1539 solis
918 1482 1212 1558 apostoliS,
1247 1482 1343 1539 sed
1371 1481 1541 1538 etiam
1570 1481 1677 1538 sibi
1703 1483 1929 1558 (Labbe,
1958 1490 2001 1540 t.
2038 1483 2141 1557 vll,

224 1583 330 1640 col.
363 1582 496 1654 551,
524 1581 660 1639 edit.
691 1582 942 1651 Parisiis,
977 1582 1170 1655 1671).
1198 1581 1352 1653 Quis,
1379 1600 1589 1655 quaeSO,
1625 1589 1790 1657 negat
1819 1583 2143 1659 promissio·-

226 1701 351 1738 nem
388 1682 543 1738 illam
596 1689 848 1758 spectare
892 1682 1199 1739 concilium
1236 1682 1676 1752 oecumenicum,
1712 1681 1767 1737 id
1796 1688 1901 1752 est,
1946 1682 2141 1760 Papam

226 1781 397 1836 simul
441 1799 570 1837 cum
607 1781 781 1838 totius
818 1781 971 1838 orbis
1006 1781 1294 1857 Episcopis
1345 1781 1756 1838 definientem?
1800 1781 2011 1847 Quidve
2043 1783 2144 1842 hoc

223 1883 290 1937 ad
317 1883 711 1956 quaestionem,
747 1902 813 1939 an
841 1883 1101 1940 Patribus
1143 1885 1362 1941 liberum
1400 1884 1472 1940 sit
1509 1902 1537 1939 a
1584 1883 2006 1941 definitionibus
2039 1882 2142 1942 Ro-

223 1981 375 2036 mani
404 1981 689 2045 Pontificis
714 1983 1038 2038 dissentire?
1069 2017 1135 2024 —-
1158 1984 1402 2039 Tandem
1446 1984 1581 2041 citat
1613 1984 1842 2041 Bossuet
1887 1985 2001 2040 heec
2035 1983 2142 2041 alia

219 2080 449 2138 Patrum
477 2082 679 2138 verba:
706 2081 916 2138 Deus..
963 2100 1059 2139 nos
1098 2085 1382 2154 sacerdotii
1402 2068 1668 2157 principes
1705 2084 1933 2157 undique
1966 2101 2144 2139 convo-

220 2184 375 2253 cavit,
407 2190 662 2255 qnatenus
696 2183 883 2254 deifica
926 2185 1199 2239 catholicae
1235 2184 1486 2240 Ecclesiae
1521 2186 1738 2241 traditio
1769 2186 2029 2241 communi
2052 2185 2141 2240 cle-

214 2288 354 2336 creto
388 2283 611 2355 recipiat
646 2282 951 2353 firmitatem
1002 2282 1229 2357 (Labbe‚
1273 2288 1424 2338 tomo
1471 2282 1663 2353 citatO,
1712 2276 1817 2339 col.
1862 2283 2019 2357 554).
2075 2284 2135 2342 Et
2189 2287 2193 2292 ’

212 2379 503 2454 subjungit
528 2380 760 2436 Bossuet
789 2399 800 2433 ε
829 2403 854 2433 «
887 2380 1014 2445 Quae
1045 2381 1205 2438 verba
1239 2382 1388 2438 clare
1416 2380 1615 2438 docent
1638 2382 1696 2437 in
1719 2382 1826 2439 isto
1856 2400 2134 2440 consensu

213 2478 323 2534 vim
353 2478 717 2535 ecclesiastici
756 2479 959 2553 judicii
1003 2498 1125 2537 esse
1160 2480 1399 2556 positam
1428 2504 1452 2533 »
1497 2482 1803 2555 (Defensic),
1838 2481 1956 2538 loco
1984 2480 2126 2555 cit.).

217 2580 382 2635 Verba
415 2580 517 2635 ista
568 2580 768 2636 docent
801 2581 1220 2637 solummmodo
1252 2582 1490 2638 Romani
1532 2581 1817 2639 Pontificis
1854 2580 2130 2638 definitio-

212 2697 361 2746 nem,
419 2680 547 2736 licet
585 2699 685 2755 per
729 2699 786 2737 se
828 2682 1053 2756 plenam
1093 2682 1206 2738 vim
1240 2683 1303 2739 de
1341 2684 1465 2757 jure
1498 2683 1721 2752 habeat,
1769 2681 2021 2759 recipere
2052 2689 2129 2739 ta·-
2191 2717 2194 2719 Δ

211 2798 342 2836 men
377 2782 602 2854 desasto
629 2799 696 2836 ex
736 2782 960 2839 decreto
992 2782 1283 2839 conciliari
1317 2782 1564 2856 aliquam
1604 2782 1951 2840 firmitatem.
1995 2782 2128 2848 Quia

206 2898 411 2955 nempe
448 2880 585 2935 devii
626 2885 674 2935 et
725 2880 962 2956 decepti,
1011 2882 1109 2955 qui
1142 2890 1266 2957 post
1321 2882 1499 2939 solam
1542 2884 1699 2959 Papae
1743 2882 2126 2940 definitionem
2183 2951 2187 2954 μ

207 2979 549 3053 quandoque
581 2981 944 3055 pertinaciter
975 2981 1032 3037 in
1081 2999 1274 3039 errore
1310 2977 1645 3058 persistunt,
1693 2982 1830 3047 dum
1864 2982 2055 3039 vident
2097 2995 2126 3037 a

207 3081 378 3136 totius
410 3081 607 3137 mundi
638 3063 926 3158 Episcopis
955 3082 1317 3157 quaestionem
1347 3083 1574 3150 discuti,
1605 3089 1658 3140 et
1685 3083 1831 3140 sicut
1857 3084 1999 3159 Papa
2037 3081 2125 3139 de·-

206 3180 458 3237 finiverat
484 3181 728 3255 definiri,
769 3201 888 3239 sese
914 3183 1138 3239 tandem
1176 3184 1487 3259 subjiciunt
1533 3190 1588 3240 et
1625 3185 1693 3241 ad
1735 3184 2011 3240 unitatem
2038 3199 2133 3239 re·
2178 3164 2184 3210 3

207 3281 399 3339 deunt.
431 3282 550 3339 Non
580 3290 770 3340 autem
817 3284 1015 3341 docent
1062 3285 1232 3342 citata
1264 3285 1430 3342 verba
1477 3284 1822 3360 pontificiam
1849 3282 2121 3339 definitio-

207 3399 334 3437 nem
360 3389 489 3439 ante
519 3384 918 3459 superveniens
955 3384 1293 3460 synodicum
1324 3384 1613 3441 decretum
1649 3387 1752 3440 vim
1772 3402 1877 3439 non
1909 3384 2117 3439 habere.
2156 3383 2162 3388 ’
2247 3382 2251 3428 ‘l

207 3478 263 3531 ld
290 3480 476 3538 Patres
515 3483 741 3539 concilii
774 3502 888 3540 non
916 3484 1208 3542 dixerunt.
1241 3484 1398 3543 Clare
1430 3483 1682 3559 ipsorum
1707 3483 1873 3539 verba
1898 3485 2118 3554 torquet

204 3573 549 3650 BossuetiuS,
574 3589 636 3639 ut
661 3602 963 3642 erroneum
989 3586 1143 3640 hunc
1163 3603 1392 3642 sensum
1415 3603 1613 3641 eorum
1637 3583 1819 3640 verbis
1839 3582 2112 3638 adnectat.

208 3701 276 3712 --
299 3671 567 3733 Praeterea
595 3686 819 3739 notetur
854 3684 1007 3741 istud
1042 3702 1312 3740 commune
1350 3685 1616 3740 decretum
1643 3681 1712 3736 de
1732 3698 1843 3753 quo
1870 3678 2118 3751 loquitur
