2262 3990
869 199 996 247 PARS
1022 197 1222 246 TERTIA.
1890 196 1977 242 629

187 303 505 364 6⁰‘Sanctus
527 307 780 365 Nicolaus
814 307 857 379 Ι,
890 307 988 380 qui
1020 310 1238 364 creatus
1263 311 1344 363 est
1375 302 1619 361 Pontifex
1659 320 1801 360 anno
1825 301 1931 358 858
1958 322 1970 356 :

117 426 144 459 «
165 405 296 461 Cum
326 405 629 463 secundum
656 423 912 476 canones,
950 404 1047 461 ubi
1076 410 1157 462 est
1180 404 1354 477 major
1385 401 1680 459 auctoritas
1700 400 1975 475 judicium

114 502 434 560 inferiorum
458 502 527 559 sit
553 502 1007 572 deserendum...‚
1028 507 1176 578 patet
1201 500 1442 578 profecto
1466 499 1622 556 Sedis
1643 498 1974 574 apostolicae,
2004 495 2006 497 ’

114 600 257 671 cujus
282 602 587 655 auctoritate
611 601 775 672 major
797 608 1017 671 nonest,
1037 598 1311 673 judicium
1336 615 1366 654 a
1390 596 1613 653 nemine
1634 595 1752 651 fore
1777 600 1978 651 retrac-

114 695 369 766 tandum,
405 714 582 768 neque
617 696 879 769 cuiquam
906 695 974 751 de
1006 696 1125 768 ejus
1164 695 1327 750 liceat
1348 693 1600 767 judicare
1632 691 1861 764 judicio.
1895 690 1975 745 Si-

111 791 332 863 quidem
360 794 427 849 ad
468 793 618 848 illam
643 792 710 849 de
735 791 977 865 qualibet
1009 790 1207 846 mundi
1241 795 1396 864 parte
1435 806 1674 844 canones
1711 787 1977 862 appellari

110 888 423 956 voluerunt3
443 889 509 945 ab
527 889 621 944 illa
637 894 819 945 autem
836 905 996 943 nemo
1010 886 1080 942 sit
1095 885 1371 960 appellare
1389 885 1694 959 permissus
1709 905 1734 936 »
1754 884 1975 958 (Labbe,

110 989 150 1037 t.
177 984 306 1052 vm,
331 984 436 1039 001.
469 983 597 1052 519,
623 969 756 1040 edit.
793 983 983 1052 1671).

181 1080 232 1134 Si
259 1080 460 1135 nullibi
501 1080 796 1136 auctoritas
822 1081 1041 1142 existat,
1083 1078 1315 1135 Romani
1344 1078 1623 1135 Pontificis
1654 1078 1980 1135 auctoritate

107 1177 302 1250 major,
316 1195 426 1232 non
450 1178 645 1252 poterit
665 1178 842 1234 ullum
866 1178 1161 1234 concilium
1179 1195 1375 1252 papam
1401 1177 1456 1231 in
1470 1176 1744 1250 judicium
1759 1193 1975 1244 vocare,

107 1274 330 1330 illumve
356 1274 644 1348 deponere.
678 1276 870 1331 Nullus
896 1277 1166 1349 siquidem
1188 1274 1631 1348 jurisdictionem
1657 1273 1859 1328 habere
1885 1291 1980 1347 po-

109 1377 210 1426 test
237 1371 291 1425 in
319 1372 657 1445 superiorem
685 1373 766 1427 vel
802 1373 854 1427 in
892 1374 1179 1445 aequalem.

184 1468 235 1522 7⁰
252 1467 530 1524 Ennodius
553 1469 836 1538 diaconus,
862 1470 1214 1544 postmodum
1247 1461 1553 1524 Ticineiisis
1571 1469 1897 1543 EpiscopuS‚
1920 1469 1974 1522 in

106 1564 348 1636 apologia
381 1583 478 1639 pro
514 1566 839 1639 Symmacho
866 1568 1025 1641 Papa,
1067 1585 1233 1639 quam
1267 1566 1782 1640 synodus‘Romana
1818 1583 1974 1620 suam

103 1659 229 1715 sccit
264 1668 314 1716 et
340 1662 473 1717 actis
499 1662 612 1718 suis
650 1663 814 1718 inseri
839 1664 1004 1736 jussit
1030 1686 1039 1717 :
1070 1664 1302 1719 Aliorum
1332 1667 1470 1736 sorte
1496 1665 1755 1718 hominum
1788 1682 1975 1719 causas

100 1756 239 1811 Deus
282 1761 500 1814 voluer-it
537 1778 636 1831 per
678 1762 904 1838 'tornines
950 1764 1228 1816 terminare
1261 1783 1276 1813 .·
1323 1763 1461 1815 sedis
1506 1764 1656 1816 istius
1698 1763 1973 1834 prae-sulem

96 1869 187 1905 suo
240 1855 352 1908 sine
393 1859 668 1926 quaestione
710 1860 992 1912 reservavit
1030 1859 1268 1911 arbitrie.
1324 1857 1377 1910 Si
1420 1857 1648 1911 Romani
1693 1857 1973 1911 Pontificis

97 1963 259 2002 causa
291 1949 578 2004 terminari
604 1959 838 2023 nequeat
871 1970 969 2023 per
999 1953 1249 2023 homines,
1280 1967 1409 2023 ergo
1444 1965 1638 2024 neque·
1662 1970 1759 2025 per
1792 1952 1971 2007 ullum

95 2044 414 2100 concilium.
462 2046 519 2100 Et
562 2052 785 2102 notetur
823 2048 1161 2122 principium
1203 2048 1375 2116 istud,
1414 2049 1560 2120 quod
1594 2067 1793 2123 nempe
1829 2050 1972 2122 Papa

97 2147 332 2213 nequeat
361 2142 604 2215 judicari
641 2163 738 2215 per
770 2146 1018 2216 homineS,
1066 2146 1303 2201 invocari
1334 2147 1400 2200 ab
1424 2146 1668 2201 Ennodio
1702 2153 1968 2217 tanquam

98 2244 310 2293 certum
345 2245 506 2312 atquc
533 2242 679 2314 apud
706 2243 1005 2297 catholicos
1028 2261 1218 2309 omncs
1255 2243 1658 2312 indubitatum,
1687 2250 1853 2317 prout
1885 2262 1973 2298 ex-

98 2334 343 2407 primunt
371 2353 527 2391 voces
560 2337 690 2407 illae,
718 2341 827 2392 sine
857 2342 1156 2410 quaestione.

175 2432 227 2484 8⁰
273 2431 500 2487 Sanctus
541 2434 731 2489 Avitus
764 2434 1086 2497 Viennensis
1128 2437 1193 2491 dc
1235 2437 1423 2492 eadem
1466 2438 1780 2511 Symmachi
1818 2439 1972 2511 Papa*

97 2543 263 2582 causa
294 2529 540 2585 scribens
569 2530 635 2584 ad
669 2538 950 2587 senatores
984 2533 1278 2603 Romanos,
1318 2553 1428 2590 non
1472 2554 1570 2598 suo
1604 2541 1843 2604 tantum,
1878 2537 1973 2591 sed

97 2629 150 2678 et
193 2625 443 2681 omnium
489 2628 896 2695 Gallicanorum
939 2617 1241 2704 praesulum
1286 2633 1552 2688 nomine:
1617 2634 1724 2689 «Si
1775 2634 1970 2690 saeculo

100 2719 342 2791 primum
372 2723 549 2780 suerat
579 2732 895 2798 accusatus,
938 2729 1394 2785 consacerdotum
1434 2749 1667 2786 suorum
1712 2731 1970 2786 solatium

102 2815 284 2886 potius
306 2819 596 2886 adciscere,
628 2842 791 2896 quam
819 2826 1063 2900 recipere
1084 2827 1362 2884 debuisset
1384 2828 1731 2900 judicium...
1751 2829 1867 2883 Non
1899 2831 1975 2883 sa-

101 2907 202 2962 cile
243 2909 404 2966 datur
436 2913 667 2988 intelligi
707 2937 814 2990 qua
852 2921 938 2975 vel
976 2922 1189 2978 ratione
1227 2925 1312 2977 vel
1351 2924 1466 2994 lege
1506 2922 1572 2978 ab
1614 2923 1973 2978 inferioribus

105 3005 434 3063 eminentior
461 3010 790 3081 judicetur»
835 3017 1017 3091 (epist.
1057 3022 1216 3090 xxxi).
1254 3020 1519 3092 Equidem
1549 3020 1797 3093 Episcopi
1825 3038 1853 3074 a
1880 3039 1976 3094 po-

108 3106 303 3156 testate
331 3102 467 3158 laica
496 3105 722 3162 Romam
756 3112 931 3166 vocati
967 3112 1034 3166 ad
1059 3114 1423 3186 judicandum
1451 3116 1846 3188 Symmachum
1878 3116 1974 3170 Pa-

110 3214 256 3268 pam,
293 3215 404 3252 non
435 3202 842 3259 constituebant
871 3209 1182 3277 generalem
1210 3211 1507 3286 synodum,
1542 3211 1635 3265 sed
1677 3212 1975 3284 particula-

110 3306 247 3343 rem.
276 3290 424 3346 Unde
444 3293 570 3349 licet
592 3304 813 3351 sanctus
834 3299 1022 3355 Avitus
1049 3301 1193 3357 dicat
1213 3304 1501 3376 Papamab
1527 3305 1595 3360 iis
1624 3307 1972 3379 praesulibUS,

109 3392 299 3459 utpote
318 3391 644 3460 interioribus
663 3410 772 3449 non
792 3396 1034 3468 potuisse
1055 3398 1299 3471 legitime
1314 3401 1576 3475 judicari,
1597 3421 1706 3458 non
1725 3404 1976 3477 sequitur
1998 3428 2002 3431 ·

110 3483 354 3555 rigorose
392 3488 531 3544 hanc
567 3491 685 3563 ejus
723 3494 1048 3550 sententiam
1084 3499 1324 3568 generali
1360 3499 1526 3556 etiam
1561 3501 1763 3575 synodo
1800 3502 1974 3575 appli-

111 3581 338 3637 candam
374 3601 510 3639 csse.
547 3585 604 3640 ld
639 3593 823 3645 tamen
862 3590 993 3646 satis
1031 3600 1215 3666 aperte
1255 3596 1508 3668 sequitur
1536 3615 1600 3652 ex
1629 3597 1878 3653 adductis
1912 3599 1978 3652 ab
