2306 4010
312 175 401 222 216
991 160 1284 212 TRAGTATUS
1313 160 1381 208 DE
1410 161 1558 208 PAPA.

310 281 495 355 gativa
523 274 822 335 tribuenda
841 276 946 327 est.
965 267 1208 324 Proinde
1232 265 1467 341 utrique
1482 264 1781 324 definienti
1805 268 2116 343 obsequen
2191 299 2216 324 ..-

312 386 419 451 est,
446 378 616 434 etiam
650 377 781 429 ante
804 365 1300 444 supervenientem
1328 365 1565 424 alterius
1595 383 1915 425 assensum.
2200 427 2218 434 Α

387 477 448 533 Si
468 473 760 547 posterius,
789 467 848 524 id
884 472 991 536 est,
1017 465 1065 522 si
1088 465 1419 540 contingere
1447 464 1630 541 possit
1659 471 1724 524 ut
1755 471 1903 524 erret
1930 465 2047 523 sive
2067 466 2227 544 Pap

311 574 425 631 sive
449 585 656 643 corpus
681 564 1115 641 Episcoporum,
1152 563 1234 621 510
1268 563 1510 620 seorsim
1546 563 1846 634 definienS,
1867 563 1985 638 jam
2016 563 2193 622 001111
2221 546 2225 547 ⁷

310 689 440 746 gere
463 666 693 744 poterit,
716 674 780 723 ut
806 665 965 722 nulla
988 663 1191 723 existat
1210 664 1270 720 in
1292 663 1543 722 Ecclesia
1559 665 1873 724 auctoritas
1893 663 2201 722 infallibili

310 786 409 824 seu
442 766 617 842 (quod
645 766 795 822 idem
826 767 933 837 est)
962 771 1026 822 ut
1059 765 1424 822 subvertatur
1448 763 1658 848 Christi
1685 764 1954 834 Ecclesia,
1982 769 2036 821 et
2064 769 2238 840 port

312 866 479 923 inferi
505 872 704 923 contra
729 883 855 922 eam
881 862 1241 940 praevaleant.
1270 863 1411 921 Nam
1435 869 1573 922 tunc
1602 864 1934 939 contingere
1957 862 2159 939 poterit
2180 882 2246 920 u

312 968 455 1042 Papa
494 965 726 1022 definiat
763 971 816 1023 et
848 965 1198 1023 credendum
1236 965 1499 1040 injungat
1537 965 1788 1039 aliquem
1821 963 2153 1035 articulum,
2190 968 2253 1022 et*

315 1086 522 1144 corpus
565 1066 972 1143 Episcoporum
1009 1066 1319 1124 articulum
1363 1066 1537 1123 istum
1568 1065 1787 1142 rejiciat
1812 1071 1866 1123 et
1896 1063 2247 1122 contrarium

316 1164 628 1221 tenendum
654 1163 942 1221 decernat.
977 1163 1113 1220 Cum
1147 1181 1353 1239 nempe
1370 1163 1643 1237 utrinque
1678 1169 2036 1239 supponatur
2053 1161 2255 1219 fallibi·⁴

318 1262 469 1334 litas,
493 1260 732 1318 minime
754 1242 1036 1336 repugnat
1056 1260 1252 1334 negari
1271 1260 1341 1316 ab
1364 1279 1480 1317 uno
1496 1259 1647 1335 quod
1671 1259 1942 1317 definitur
1963 1260 2032 1316 ab
2053 1259 2247 1317 altero.

320 1359 490 1417 Porro
531 1367 692 1431 tunc,
727 1360 887 1435 juxta
928 1359 1249 1435 expositum
1291 1358 1562 1415 Gallicani
1612 1359 1933 1439 systematis
1995 1376 2272 1430 sensum,-

321 1462 478 1518 nulla
522 1460 804 1536 supererit
839 1460 1150 1518 auctoritas
1193 1460 1285 1518 cui
1324 1459 1518 1517 fideles
1543 1464 1663 1516 tuto
1711 1459 1952 1533 obsequi
2006 1459 2248 1534 possint,

324 1570 376 1618 01
401 1581 431 1619 a
458 1581 570 1635 qua
597 1562 820 1619 valeant
841 1567 994 1619 certo
1030 1561 1253 1619 edoceri
1275 1579 1472 1618 veram
1492 1559 1698 1617 Christi
1725 1559 1916 1616 fidem.
1946 1558 2085 1617 Nam
2098 1559 2256 1633 juxta

329 1661 546 1717 dictum
583 1667 852 1738 systema,
886 1680 1027 1717 verae
1054 1662 1313 1718 doctrinae
1351 1661 1669 1735 depositum,
1698 1677 1813 1716 non
1863 1657 2044 1734 repeti
2076 1660 2258 1733 potest

279 1758 287 1766 ’
330 1780 359 1816 a
393 1761 507 1816 solo
546 1761 783 1817 Romano
825 1762 1103 1836 Pontifice,
1134 1758 1320 1836 neque
1371 1779 1401 1817 a
1437 1761 1551 1818 solo
1585 1778 1806 1835 corpore
1853 1759 2257 1834 Episcoporum,

330 1859 428 1916 sed
460 1861 769 1933 conjunctim
807 1862 868 1915 ab
896 1869 1140 1934 utroque.
1181 1884 1208 1914 «
1241 1861 1311 1917 Le
1337 1860 1680 1933 Saint-Siege
1713 1858 2184 1934 principalement
2209 1861 2262 1914 et

332 1958 383 2013 10
420 1975 585 2033 corps
615 1958 681 2013 de
708 1957 1058 2034 l'cpiscopat,
1088 1959 1218 2015 c'est
1246 1961 1318 2015 ou
1362 1959 1404 2013 il
1433 1958 1553 2015 faut
1578 1964 1808 2014 trouver
1833 1956 1886 2013 le
1917 1955 2084 2031 depot
2116 1952 2261 2010 dela

338 2053 597 2110 doctrine
616 2054 1117 2128 ecclesiastique...
1147 2055 1285 2112 c’cst
1314 2060 1346 2111 ὰ
1373 2062 1506 2111 cette
1526 2057 1677 2111 unite'
1698 2054 1837 2128 qu’il
1869 2071 1899 2110 a
1932 2055 2020 2109 cte
2055 2051 2209 2108 dit...
2237 2071 2264 2104 11
2288 2102 2293 2122 2

336 2154 518 2227 Igitur
550 2154 791 2229 reperiri
817 2160 974 2211 certo
1002 2156 1200 2229 nequit
1232 2173 1363 2212 vera
1389 2155 1596 2212 Christi
1621 2153 1902 2223 doctrina,
1933 2152 2045 2210 nisi
2080 2152 2139 2206 in
2164 2152 2267 2208 hac

338 2255 564 2323 unitate,
591 2252 648 2307 id
684 2260 790 2322 est,
831 2256 1150 2327 conjunctim
1176 2255 1235 2310 in
1262 2256 1421 2330 Papae
1444 2261 1498 2312 et
1528 2255 1780 2330 corporis
1816 2249 2153 2327 episcopalis
2173 2249 2268 2324 ju-

341 2352 507 2409 dicio.
533 2352 771 2409 Proinde
802 2353 1028 2426 quando
1053 2354 1147 2411 isti
1171 2355 1283 2412 duo
1312 2355 1440 2412 fidei
1453 2354 1676 2430 judices
1706 2371 1819 2411 non
1848 2350 2246 2410 concordabun

346 2451 519 2526 (quod
550 2451 877 2525 contingere
895 2471 1061 2528 posse
1087 2460 1415 2531 supponunt
1441 2452 1770 2526 adversarii)
1803 2450 2010 2508 nullibi
2038 2448 2259 2506 0111111111

345 2551 587 2607 exstabit
617 2552 904 2610 sufficiens
930 2555 1239 2613 auctoritas
1263 2556 1333 2612 ad
1350 2562 1502 2613 certo
1524 2553 1863 2612 tradendam
1891 2551 2155 2609 fidelibus
2185 2565 2250 2606 ve

348 2665 469 2702 ram
505 2646 708 2702 Christi
749 2648 1090 2707 doctrinam.
1123 2651 1484 2709 Metuendum
1518 2651 1730 2726 quippe
1758 2650 2047 2705 habebunt
2076 2647 2241 2704 fidele
2269 2687 2271 2689 -

346 2761 420 2798 nc
447 2743 507 2798 in
533 2744 795 2800 haeresim
823 2747 1146 2822 impingant
1181 2750 1230 2806 si
1258 2755 1410 2806 stent
1449 2767 1579 2806 cum
1617 2750 1786 2825 Papa,
1822 2766 1953 2804 cum
1983 2747 2032 2804 is
2063 2764 2178 2804 non
2204 2745 2251 2802 si
2268 2757 2276 2810 ³(

350 2839 671 2897 infallibilis
723 2842 834 2900 nisi
875 2847 1217 2904 assentiente
1261 2865 1498 2923 corpore
1532 2846 1968 2923 Episcoporum,
2021 2850 2076 2902 et
2127 2843 2275 2901 111011

355 2940 725 2996 metuendum
762 2943 1052 3002 habebunt
1096 2946 1141 3003 si
1183 2953 1331 3004 stent
1373 2966 1503 3005 cum
1553 2965 1789 3023 corpore
1839 2945 2247 3021 Episcoporum

354 3043 550 3112 utpote
584 3039 797 3115 pariter
824 3042 1051 3101 fallibili
1083 3045 1193 3102 nisi
1227 3046 1497 3103 assentiat
1535 3046 1703 3122 Papa.
1749 3044 1893 3119 Ergo
1922 3043 2045 3101 dari
2072 3039 2254 3119 poter'

354 3152 519 3192 casus
546 3157 658 3212 quo
685 3139 905 3198 desinat
930 3142 986 3198 in
1012 3143 1255 3202 Ecclesia
1278 3145 1516 3203 existere
1541 3143 1833 3202 sufficiens
1858 3140 2191 3211 auctoritas,
2230 3177 2237 3189 ·

358 3237 603 3311 proinde
633 3260 749 3316 quo
789 3243 1009 3303 desinat
1039 3264 1171 3303 vera
1219 3264 1343 3305 esse
1381 3245 1593 3303 Christi
1629 3243 1937 3322 promissio
1969 3262 1980 3295 ε
2011 3241 2144 3298 Ecce
2192 3257 2251 3296 er

359 3337 619 3395 vobiscum
664 3360 782 3399 311111
817 3362 983 3418 usque
1011 3346 1082 3403 acl
1118 3347 1619 3404 consummationem
1655 3344 1850 3402 saeouli.
1890 3341 2069 3399 Portae
2114 3337 2215 3411 inf
2254 3406 2259 3412 ,
2292 3349 2301 3418 f

359 3449 467 3488 11011
512 3441 874 3509 ptaevalebunt
913 3444 1168 3502 adversus
1210 3423 2265 3523 011111.-4

441 3530 683 3605 Obyicies.
715 3573 786 3584 —-
809 3542 931 3601 Non
965 3545 1196 3604 durabit
1225 3545 1504 3604 dissensio
1531 3546 1651 3603 haec
1676 3544 1881 3620 Papam
1914 3539 2061 3596 inter
2082 3539 2136 3594 et
2162 3548 2225 3590 eo

361 3644 470 3703 Pus
515 3629 921 3713 Episcoporum
947 3669 957 3713 ;
994 3645 1094 3702 sed
1125 3645 1180 3702 vi
1209 3645 1655 3722 promissionum
1683 3639 1888 3701 Christi
1908 3635 2067 3696 brevi
2092 3626 2306 3708 1111101ξῇ·

894 3731 942 3740 ...ν
