2262 3990
244 161 332 209 646
683 123 690 130 ⁴
917 155 1221 203 TRACTATUS‘
1246 155 1314 202 nr.
1347 157 1494 204 PAPA.

247 279 572 342 supremam
610 258 1072 334 jurisdictionem
1103 259 1312 317 retinet
1345 260 1406 316 in
1442 266 1621 318 totam
1648 262 1975 335 Ecclesiam,
2003 271 2168 340 atque

244 365 305 420 in
343 378 538 420 omnes
568 364 800 416 caeteros
837 359 1141 434 Episcopos
1179 360 1348 416 etiam
1386 360 1673 418 collective
1712 368 1992 438 sumptoS.
2028 364 2183 441 Ergo

245 467 328 517 est
362 457 622 533 superior
663 457 896 514 relative
927 457 997 514 ad
1034 458 1313 534 synodum
1345 459 1690 533 generalem3
1723 466 1775 516 et
1808 462 2052 535 synodus
2081 481 2170 537 ge·-

244 558 454 615 neralis
493 558 724 615 relative
754 558 824 614 ad
855 558 1047 634 ipsum
1084 565 1169 616 est
1199 559 1453 617 inferior.
1496 561 1667 617 Porro
1708 561 2060 636 impossibile
2089 564 2172 623 est

242 666 306 716 ut
333 659 568 716 inferior
597 659 1026 734 juridictionem
1062 661 1268 717 habeat
1303 659 1361 716 in
1390 661 1741 736 superiorem
1771 680 1962 718 suum.
1999 661 2171 723 Immo
2220 679 2229 686 ’

243 758 301 814 id
329 764 543 834 pugnat
570 758 626 813 in
655 759 935 826 terminis3
976 759 1259 834 siquidem
1288 760 1496 816 habere
1518 759 1996 834 jurisdictionem,
2027 760 2187 821 idem‘

241 864 326 914 est
355 876 418 914 ac
444 876 566 915 esse
599 858 880 933 superior.
910 858 1064 915 Unde
1096 877 1199 915 nec
1223 859 1368 916 Deus
1395 859 1516 936 ipse
1542 860 1726 916 facere
1757 865 1962 934 potest,
1991 866 2054 916 ut
2080 862 2172 935 qui
2232 860 2235 862 ’

244 958 336 1014 hic
357 964 410 1015 et
433 977 586 1014 nunc
613 959 875 1033 superior
908 964 1014 1030 est,
1046 959 1231 1016 subsit
1257 959 1514 1016 inferiori
1547 979 1673 1016 suo.
1697 959 1969 1033 Equidem
1998 967 2172 1035 potest

242 1058 407 1128 DeUS,
447 1058 801 1134 superiorem
837 1059 1219 1133 destituendO,
1259 1078 1389 1115 eum
1432 1060 1764 1117 inferiorem
1805 1060 2166 1129 constituere,

244 1163 415 1230 atque
455 1157 590 1213 item
619 1175 751 1213 eum
794 1157 892 1230 qui
928 1158 1087 1232 prius
1129 1166 1249 1215 erat
1287 1159 1521 1216 inferior
1547 1159 1899 1235 superiorem
1937 1159 2171 1218 efficere.

241 1255 308 1309 At
333 1256 469 1311 dum
497 1263 551 1313 et
585 1255 842 1329 quandiu
870 1255 1013 1330 Papa
1042 1263 1297 1312 remanet
1330 1257 1500 1332 Papa,
1527 1276 1590 1313 ac
1625 1258 1863 1333 proinde
1900 1257 2172 1332 superior,

244 1354 441 1428 nequit
473 1356 617 1411 Deus
644 1354 748 1410 ulli
787 1355 1045 1411 inferiori
1083 1355 1540 1429 jurisdictionem
1576 1357 1634 1412 in
1667 1357 1873 1431 Papam
1902 1357 2175 1414 conferre.

244 1451 421 1524 Igitur
462 1452 521 1508 in
564 1472 928 1528 quacumque
972 1456 1271 1534 hypothesi
1318 1456 1690 1532 impossibilis
1739 1463 1821 1513 est
1859 1456 2176 1530 jurisdictio

245 1553 470 1608 concilii
495 1553 554 1608 in
581 1555 787 1628 Papam
813 1555 881 1612 ob
907 1574 1108 1631 pravos
1137 1556 1258 1630 ejus
1290 1574 1499 1614 moreS.

322 1652 609 1708 Pnoposmo
647 1655 730 1710 11³.
772 1689 848 1695 -—
879 1655 1098 1712 Etiamsi
1140 1657 1449 1728 jurisdictio
1499 1658 1703 1712 concilii
1752 1659 1807 1712 in
1843 1657 2046 1730 Papam
2083 1675 2180 1713 non

248 1762 387 1808 esset
432 1753 792 1827 impossibilis,
843 1755 1012 1810 adhuc
1057 1756 1197 1828 salsa
1252 1763 1300 1811 et
1339 1756 1625 1829 rejicienda
1668 1757 1804 1827 soret
1850 1757 2024 1828 opinio
2071 1774 2182 1828 quae

251 1859 414 1921 tenet,
462 1855 722 1925 ejusmodi
766 1854 1195 1925 jurisdictionem
1249 1874 1280 1910 (ι
1321 1855 1529 1912 Christo
1578 1862 1839 1911 statutam
1891 1857 2055 1928 fuisse
2090 1873 2181 1930 pro

249 1952 482 2006 remedio
520 1954 572 2007 in
616 1970 740 2007 casu
782 1953 949 2026 Papae
990 1957 1178 2027 pravis
1221 1957 1453 2010 moribus
1493 1958 1660 2011 nooeii.
1701 1989 1770 1996 —
1797 1955 1932 2010 Nam
1979 1956 2033 2011 «1⁰
2076 1954 2184 2011 tale

247 2049 567 2105 remedium
594 2054 740 2106 esset
774 2050 1035 2106 inefficax
1077 2058 1132 2107 et
1170 2070 1405 2126 prorsus
1442 2052 1664 2122 inutile,
1702 2059 1868 2127 prout
1907 2054 2011 2108 sub
2043 2071 2184 2126 prae-
2251 2126 2254 2127 .

248 2149 468 2205 cedenti
498 2149 905 2223 propositione,
935 2167 1174 2205 numero
1217 2150 1301 2221 IV,
1333 2151 1633 2224 probatum
1676 2159 1780 2208 est.
1812 2187 1880 2194 -
1911 2153 1965 2207 2⁰
1994 2152 2186 2209 Finem
2229 2186 2235 2192 -

250 2248 605 2304 subverteret
646 2249 716 2304 ob
761 2267 931 2322 quem
978 2249 1235 2306 Christus
1278 2257 1547 2324 papatum
1593 2251 1866 2323 instituit,
1915 2270 1978 2306 ex
2020 2251 2184 2308 dictis

251 2348 485 2405 ibidem.
510 2381 581 2388 —
619 2349 674 2404 5⁰
721 2348 979 2406 Schisma
1020 2349 1335 2407 induceret.
1380 2349 1520 2405 Nam
1559 2350 1657 2423 qui
1693 2355 1978 2407 tentarent
2023 2368 2186 2426 syno-

250 2449 388 2505 dum
428 2468 772 2524 congregare
798 2449 867 2506 ad
898 2450 1275 2524 judicandum
1306 2455 1358 2506 et
1387 2449 1784 2525 deponendum
1819 2452 2042 2527 Papam,
2083 2452 2185 2507 hoc

252 2549 373 2623 ipso
413 2549 503 2606 hic
549 2556 601 2605 et
644 2569 796 2606 nunc
839 2568 962 2607 sese
1003 2551 1071 2606 ab
1113 2549 1431 2606 obedientia
1463 2550 1624 2624 Papae
1667 2550 2082 2622 subtraherent,
2126 2565 2186 2606 ac

254 2648 490 2721 proinde
520 2649 736 2724 seipsos
763 2649 886 2724 ipso
915 2649 1062 2706 sacto
1091 2648 1485 2706 schismaticos
1525 2650 1959 2707 constituerent.
1999 2671 2026 2702 «
2053 2650 2183 2714 Cum
2235 2715 2238 2717 ,

255 2746 427 2816 enim,
463 2747 541 2803 ait
571 2747 938 2821 Ballerinius,
980 2750 1048 2806 de
1090 2754 1241 2805 certo
1279 2749 1650 2822 legitimoque
1677 2768 1900 2806 summo
1931 2749 2185 2806 Pontifice

257 2846 432 2902 totius
463 2846 724 2903 Ecclesiae
749 2847 932 2921 capite
952 2866 1137 2904 sermo
1167 2854 1274 2919 est,
1304 2849 1420 2904 haec
1444 2849 1555 2904 duo
1588 2855 1721 2904 sunt
1753 2849 1967 2924 pariter
1999 2854 2144 2905 certa
2171 2866 2182 2902 :

255 2946 442 3021 primo
470 2965 585 3004 non
612 2947 783 3004 licere
817 2947 1092 3004 membris
1119 2966 1178 3004 se
1206 2968 1235 3003 a
1266 2966 1370 3004 suo
1393 2948 1578 3022 capite
1605 2967 1888 3024 separare,
1919 2967 2049 3006 cum
2082 2963 2187 3021 quo
2225 3028 2234 3033 ἰ

256 3047 446 3104 unitas
473 3047 791 3104 necessaria
821 3053 940 3104 est:
970 3048 1219 3105 secundo
1245 3047 1656 3124 separationem
1690 3049 1965 3122 ejusmodi
1991 3069 2022 3107 a
2046 3052 2188 3104 certo
2228 3063 2239 3103 J.

258 3166 320 3204 ac
357 3148 613 3223 legitimo
641 3148 826 3224 capite
859 3148 1126 3206 inducere
1161 3151 1357 3205 crimen
1397 3151 1569 3223 aperti
1603 3150 1928 3221 schismatiS,
1975 3149 2121 3224 quod
2157 3154 2237 3230 a4

257 3248 487 3306 nemine
536 3250 987 3306 contrahendum
1030 3256 1139 3320 est,
1193 3257 1258 3308 ut
1297 3250 1539 3324 alicujus
1583 3249 1890 3325 cujuslibet
1930 3242 2236 3307 scandala&

257 3354 355 3404 aut
395 3347 639 3406 crimina
663 3332 913 3423 corrigat
950 3349 1035 3405 vel
1062 3349 1355 3424 impediat3
1383 3349 1542 3424 juxta
1572 3349 1715 3404 illud
1749 3348 1984 3424 apostoli
2012 3368 2025 3401 ε
2069 3345 2187 3404 Non·

253 3456 375 3502 sunt
405 3447 654 3520 facienda
677 3448 822 3504 mala
846 3456 907 3504 ut
942 3451 1190 3506 eveniant
1219 3450 1406 3506 bona»
1451 3450 1542 3523 (de
1577 3449 1855 3506 Potestate
1895 3445 2183 3504 Ecclesias-
2224 3448 2227 3451 '

258 3545 383 3613 tica,
428 3564 552 3621 cap.
589 3567 658 3621 lx,
696 3566 754 3603 n.
798 3549 880 3618 6).
913 3582 991 3590 ——
1019 3549 1074 3605 4⁰
1121 3548 1320 3625 Opinio
1354 3549 1476 3621 illa,
1514 3548 1667 3622 quod
1706 3566 1908 3622 nempe
1938 3547 2080 3621 Papa
2111 3543 2186 3605 oh(
2212 3548 2262 3603 ἰ’ἶ·

193 3680 195 3682 -
250 3658 449 3715 pravos
466 3662 652 3702 mores
670 3665 806 3705 suos
825 3648 1005 3722 possit
1027 3666 1059 3705 a
1085 3648 1327 3706 concilio
1350 3647 1594 3723 judicari
1615 3665 1680 3703 ac
1705 3646 1930 3721 deponi,
1952 3661 2077 3718 quae
2094 3645 2169 3700 tot
2205 3647 2230 3706 μ’·
