2262 3990
751 228 757 231 μ
839 172 966 220 PARS
996 171 1236 219 SECUNDA.
1893 172 1984 219 595

103 281 233 341 dicit
263 281 547 339 neminem
578 280 789 336 salvum
832 278 951 334 fieri
993 277 1102 335 nisi
1137 294 1235 352 per
1270 276 1609 351 baptismum
1652 277 1706 332 in
1743 275 1979 332 Ecclesia

104 383 412 452 receptum,
442 377 586 433 sicut
622 383 868 450 tempore
899 373 1091 431 diluvii
1125 390 1290 430 nemo
1327 364 1565 430 salutem
1594 372 1838 430 obtinuit
1869 372 1979 429 nisi

104 475 163 531 in
188 476 347 531 Arca.
380 477 611 549 Insuper
637 474 760 546 fidei
784 474 1083 547 proditores
1117 478 1272 529 vocat
1307 490 1399 530 eos
1440 471 1536 545 qui
1569 470 1820 528 validum
1859 489 1982 546 pro-

106 577 355 645 pugnant
378 570 715 644 baptismum
741 569 810 625 ab
838 568 1112 625 haereticis
1138 569 1427 626 collatum.
1456 567 1605 625 Unde
1630 585 1815 624 revera
1841 567 1982 642 epis·

108 670 218 725 tola
250 670 363 724 haec
391 668 672 724 decretum
696 666 959 740 Stephani
987 667 1140 740 Papae
1166 665 1417 722 confutat
1441 672 1494 722 et
1520 665 1699 739 rejicit
1716 672 1984 739 tanquam

109 783 335 821 emerem
359 767 412 819 in
440 765 568 835 fide.
590 762 765 818 Simul
789 767 976 816 autem
1006 761 1146 816 illud
1170 761 1350 834 rejicit
1384 767 1652 834 tanquam
1676 780 1905 837 pravum
1933 767 1987 818 et

105 860 356 917 Ecclesiae
373 859 650 939 nocivum,
677 864 740 914 ut
763 874 828 912 ex
850 857 1034 913 citatis
1067 857 1207 912 locis
1233 857 1584 931 apertissime
1615 864 1783 934 patet.
1812 859 1988 916 Sentit

106 957 336 1031 proinde
352 975 415 1012 ac
438 956 596 1011 docet
613 960 807 1011 auctor
826 954 984 1011 illius
1006 954 1276 1028 epistolae,
1300 955 1444 1010 nulli
1469 956 1740 1030 Episcopo
1765 959 1847 1014 fas
1866 975 1988 1015 esse

104 1050 360 1124 Stephani
386 1050 719 1106 sententiam
745 1050 923 1123 sequi,
954 1049 1008 1104 id
1031 1055 1136 1120 est,
1160 1051 1440 1108 venientes
1466 1070 1531 1108 ex
1557 1053 1755 1108 haeresi
1773 1055 1987 1128 absque

103 1163 240 1202 novo
264 1146 538 1219 baptismo
567 1146 832 1221 recipere.

175 1243 412 1299 Aliunde
454 1250 641 1300 tamen
683 1246 958 1302 contraria
1002 1263 1229 1320 prorsus
1274 1246 1523 1304 doctrina
1568 1246 1838 1321 Cypriano
1887 1248 1987 1303 tri-

104 1339 315 1395 buitur.
349 1341 553 1397 Nemini
587 1345 1002 1415 praescribentes,
1047 1343 1248 1415 inquit,
1281 1352 1370 1399 aut
1394 1345 1830 1417 praejuclicantes,
1867 1362 1988 1415 quo·

103 1438 269 1492 minus
301 1441 647 1510 unusquisque
686 1440 1059 1513 Episcoporum
1088 1442 1225 1512 quod
1260 1449 1415 1513 putat
1455 1440 1637 1510 saciat,
1680 1442 1872 1496 habens
1902 1459 1988 1495 ar-

104 1533 242 1587 bitriiv
281 1537 360 1588 sui
401 1535 615 1590 liberam
655 1545 966 1609 potestatem
1014 1536 1263 1610 (epistola
1298 1537 1365 1593 ad
1405 1536 1771 1607 Jubaianum,
1818 1554 1988 1611 supra

108 1629 295 1698 citata,
326 1632 427 1686 sub
455 1650 690 1688 numero
719 1635 797 1705 4).
826 1635 1075 1706 Pugnant
1104 1653 1234 1691 sane
1255 1635 1492 1691 invicem
1520 1636 1635 1690 haec
1661 1634 1770 1688 duo
1797 1655 1812 1685 .-
1839 1633 1989 1704 quod

107 1725 342 1781 liberum
374 1728 444 1782 sit
468 1729 771 1802 unicuique
796 1730 1062 1805 Episcopo
1087 1732 1372 1787 venientes
1403 1749 1469 1786 ex
1498 1729 1693 1786 haeresi
1715 1745 1822 1783 non
1852 1729 1988 1801 bap-

107 1821 294 1892 tizare,
336 1831 387 1879 et
427 1825 574 1896 quod
609 1826 686 1880 sic
717 1826 935 1881 sentire·
963 1833 1016 1881 et
1049 1845 1208 1899 agere
1246 1828 1315 1883 sit
1354 1845 1502 1882 error
1545 1829 1597 1880 in
1629 1826 1750 1897 sicle,
1799 1841 1991 1898 pecca-

107 1925 337 1992 tumque
371 1925 731 1994 pravissimum
768 1930 820 1979 et
851 1923 1102 1979 Ecclesiae
1139 1942 1359 1980 summe
1389 1924 1669 1979 nocivum.
1708 1921 1841 1987 Quis
1875 1939 1987 1977 non

110 2015 307 2087 videat,
349 2019 526 2075 velex
559 2021 674 2075 sola
714 2021 810 2076 illa
850 2022 1310 2093 contradictione,
1353 2041 1382 2077 a
1414 2006 1712 2078 Donatistis
1751 2019 1982 2076 conficta

115 2111 281 2169 fuisse
308 2117 485 2172 haecce
514 2104 844 2173 documenta
871 2119 1135 2195 Cypriano
1163 2120 1478 2192 adscripta?

193 2211 435 2264 &Aliud
471 2214 789 2285 impostulae
827 2214 1049 2284 signum
1096 2215 1446 2287 suppeditant
1485 2215 1650 2269 verba
1694 2215 1811 2270 haee
1837 2213 1984 2286 epis-

119 2276 277 2358 tolae:
307 2304 496 2359 Beatus
537 2308 794 2379 apostolus
827 2308 1022 2363 Paulus
1055 2310 1121 2363 acl
1158 2309 1473 2364 Timotheum
1506 2327 1590 2364 801
1595 2311 1685 2364 abac
1725 2317 1775 2364 et
1817 2316 1991 2363 monet

118 2398 425 2472 Episcopum
453 2420 556 2456 non
592 2403 888 2476 Iitiyiosum,
927 2422 1019 2460 nec
1046 2408 1436 2476 contentiosum,
1475 2408 1568 2461 sed
1602 2409 1776 2461 mitem
1816 2413 1866 2460 et
1899 2406 1992 2460 do-

119 2495 315 2551 cibilem
362 2516 474 2552 esse
524 2500 722 2554 debere.
781 2500 1055 2556 Nimirum
1101 2501 1424 2578 CyprianuS,
1469 2508 1762 2576 postquam
1811 2500 1992 2575 plenis

116 2593 351 2665 paginis,
369 2581 643 2668 'abreptus
674 2597 777 2666 ira,
815 2616 913 2654 nec
939 2600 1031 2655 sui·
1057 2618 1301 2675 compOS,
1335 2601 1392 2655 in
1419 2601 1755 2674 Stephanum
1786 2600 1989 2673 Papam

116 2687 306 2760 prima>
342 2688 497 2744 Sedis
528 2691 853 2765 antistitem,
896 2694 1030 2765 quid
1064 2696 1364 2752 tenendum
1399 2696 1538 2751 foret
1574 2696 1896 2751 edocentem
1932 2713 1994 2750 ac

120 2781 522 2855 decernentem,
566 2793 644 2843 tot
687 2789 928 2844 convicia
967 2793 1252 2861 contorsit,
1295 2793 1519 2865 litigans
1570 2800 1733 2865 atque
1775 2791 1998 2846 obedire

118 2895 402 2951 recusans,
438 2885 623 2940 statim
658 2886 772 2959 ipse
796 2890 1154 2947 memorasset
1186 2891 1522 2965 Episcopum
1552 2893 1757 2955 mitem,
1801 2890 1996 2943 docibi-

120 2978 220 3031 lem
262 2983 310 3031 et
354 2995 462 3032 non
511 2980 784 3052 litiyiosum
827 3002 947 3041 esse
985 2986 1213 3054 debere3
1265 3006 1363 3043 nec
1411 2987 1636 3041 vidisset
1681 3003 1789 3039 non
1838 3002 1997 3056 posse

123 3070 267 3124 hane
291 3073 518 3144 apostoli
554 3076 911 3134 monitionem
940 3082 1115 3154 magis
1147 3090 1334 3156 aperte
1375 3101 1541 3154 quam
1579 3083 1678 3135 hac
1721 3097 1820 3134 sua
1848 3079 1993 3152 epis-

124 3166 233 3221 tola
268 3167 480 3222 violari.
507 3169 622 3224 Non
656 3171 730 3226 ita
769 3191 901 3228 sane
942 3177 1108 3232 hebes
1140 3178 1245 3233 fuit
1271 3178 1595 3254 Cyprianus,
1630 3182 1691 3230 ut
1724 3193 1834 3230 non
1868 3193 1996 3250 per-

124 3265 364 3337 spexerit
393 3265 497 3338 ipsi
524 3267 874 3339 potissimum
902 3272 1033 3326 talia
1057 3279 1247 3328 contra
1271 3274 1605 3346 Stephanum
1633 3273 1830 3347 Papam
1862 3273 1997 3328 seri-

123 3358 271 3414 benti
313 3361 577 3433 applicari
618 3380 776 3435 posse
817 3364 978 3420 citata
1027 3367 1201 3421 sancti
1250 3368 1402 3423 Pauli
1447 3369 1628 3423 verba.
1672 3369 1994 3443 Repugnant

126 3455 240 3511 haec
270 3457 577 3514 clarissimo
614 3476 767 3530 aeque
803 3478 867 3516 ac
896 3462 1269 3532 sanctissimo,
1312 3471 1363 3520 et
1391 3467 1746 3523 candidissimi
1765 3470 1993 3540 pectoris

125 3551 240 3607 viro
268 3553 551 3627 Cypriane.
