2306 4010
324 193 414 240 154
994 179 1289 231 TRACTATUS
1319 178 1387 225 DE
1415 178 1563 226 PAPA.

324 301 569 359 formula
611 304 695 356 est
737 290 1035 353 declaratio
1078 291 1324 362 quatuor
1360 286 1735 345 articulorum
1769 288 1901 345 anni
1933 287 2101 355 1682;
2134 305 2236 346 nec

325 400 563 456 dubium
590 395 727 468 quin
751 394 816 449 de
843 389 964 446 istis
990 391 1238 460 quatuor
1261 379 1519 444 articulis
1549 386 1921 462 intelligenda
1951 387 2082 460 sint,
2111 391 2235 444 tum

323 489 794 567 Montepessulani
835 484 1113 561 Episcopi,
1164 491 1291 542 tum
1338 485 1520 542 citatae
1565 485 1923 543 allocutionis
1969 486 2238 543 consisto-

322 590 476 646 rialis
509 587 676 643 dicta.
705 584 856 639 Hanc
898 601 1064 658 porro
1107 582 1425 640 doctrinam
1454 582 1585 640 Pius
1624 583 1692 640 IX
1723 602 1855 641 cum
1888 585 2121 641 horrore
2153 602 2238 640 re·
2303 600 2306 609 ¹

314 688 457 761 jicit‚
491 702 553 740 30
580 682 815 758 proinde
849 683 1136 758 reprobat.
2294 646 2306 742 i

392 783 682 837 Pnoposmo
725 780 855 836 XIP.
884 814 955 822 —
987 781 1329 856 Infallibilem
1368 781 1663 838 Romanum
1704 781 2018 854 Pontificem
2052 782 2240 838 solem-

314 884 455 937 niter
468 881 831 953 pronuntiavit
853 879 982 935 Pius
1000 879 1077 937 IX
1101 882 1159 936 in
1180 883 1372 937 litteris
1395 881 1670 954 encyclicis
1693 881 1725 937 9
1751 881 2047 936 novembris
2065 880 2092 936 1
2105 879 2233 948 846;

318 997 377 1035 ac
404 979 498 1033 hoc
530 981 645 1051 ipso
682 980 1002 1034 contrariom
1045 979 1342 1035 doctrinam
1371 980 1695 1052 reprobavit.
1732 1011 1807 1020 -
1839 978 2072 1051 «Atque
2107 976 2240 1033 hinc

317 1078 482 1151 plane
525 1080 779 1152 apparet,
828 1077 885 1132 in
933 1083 1145 1150 quanto
1193 1095 1384 1134 errore
1427 1077 1510 1133 illi
1557 1078 1729 1134 etiam
1778 1082 2095 1147 versentur,
2142 1075 2240 1150 qui

318 1178 535 1233 ratione
573 1177 894 1249 abutenteS,
940 1195 1003 1234 ac
1032 1178 1127 1234 Dei
1165 1178 1392 1251 eloquia
1432 1184 1704 1252 tanquam
1746 1177 2063 1232 humanum
2095 1193 2239 1250 opus

318 1278 731 1349 existimanteS,
773 1278 1000 1354 proprio
1027 1277 1263 1335 arbitrio
1286 1278 1382 1334 illa
1420 1278 1723 1353 explicare,
1756 1277 2115 1352 interpretari
2158 1282 2239 1333 te-

318 1396 470 1435 mere
514 1378 743 1447 audent,
792 1397 921 1434 cum
965 1378 1105 1434 Deus
1143 1378 1265 1451 ipsc
1309 1377 1486 1433 vivam
1530 1376 1889 1434 constituerit
1938 1376 2241 1432 auctorita-

315 1483 452 1547 tem,
483 1495 607 1550 quae
631 1495 826 1533 verum
854 1476 1291 1549 legitimumque
1318 1470 1709 1532 coelestissuae
1735 1475 2091 1532 revelationis
2116 1492 2241 1530 sen-

320 1594 449 1632 sum
477 1577 724 1646 doceret,
759 1577 1170 1646 constabiliret,
1205 1593 1514 1648 omnesque
1539 1574 1950 1631 controversias
1976 1574 2034 1629 in
2066 1574 2241 1630 rebus

322 1674 453 1729 {idei
481 1681 533 1729 et
557 1694 780 1731 morum
808 1676 1082 1748 infallibili
1102 1675 1317 1749 judicio
1346 1674 1661 1745 dirimeret,
1685 1691 1755 1729 ne
1781 1672 1973 1729 fideles
1998 1672 2243 1728 circum-

321 1773 572 1828 ferantur
606 1774 761 1828 omni
802 1781 966 1829 vento
999 1774 1263 1829 doctrinae
1307 1774 1366 1827 in
1403 1772 1656 1845 nequitia
1678 1773 1994 1828 ‘hominum
2030 1771 2099 1826 ad
2134 1770 2244 1826 cir-

324 1871 782 1927 cumventionem
819 1872 1047 1928 erroris.
1082 1873 1212 1937 Quae
1238 1871 1465 1946 quidem
1496 1872 1613 1928 viva
1650 1877 1702 1926 et
1731 1871 2026 1943 infallibilis
2062 1875 2252 1929 aucto-

322 1970 462 2025 ritas
497 1970 555 2024 in
582 1988 644 2025 03
678 1979 879 2026 tantum
902 1972 1049 2043 viget
1075 1971 1343 2042 Ecclesia,
1377 1989 1500 2043 quae
1524 1990 1553 2026 a
1578 1970 1794 2026 Christo
1815 1971 2051 2027 Domino
2077 1988 2247 2046 supra

242 2081 244 2083 ’
318 2071 570 2140 Petrum,
599 2071 774 2127 totius
801 2071 1058 2127 Ecclesiae
1080 2078 1274 2146 caput,
1305 2072 1622 2147 principem
1656 2078 1707 2128 et
1744 2078 2051 2146 pastorem,
2081 2073 2247 2146 cujus

318 2167 485 2222 fidem
524 2185 821 2241 nunquam
863 2167 1210 2223 defecturam
1244 2167 1526 2242 promisit,
1561 2168 1853 2238 aedificata,
1891 2186 2024 2224 suos
2063 2169 2248 2242 legiti-

317 2284 439 2321 mos
468 2284 689 2341 semper
715 2265 881 2321 habet
908 2265 1227 2338 PontificeS,
1252 2267 1374 2322 sine
1396 2267 1820 2322 intermissione
1843 2263 1911 2322 ab
1939 2267 2061 2341 ipso
2084 2267 2245 2323 Petro
2303 2266 2306 2269 ’

317 2345 582 2421 ducentes
627 2364 928 2437 originem,
968 2365 1026 2419 in
1065 2366 1187 2439 ejus
1234 2366 1502 2423 cathedra
1540 2367 1860 2435 collocatOS,
1902 2372 1955 2422 et
1990 2366 2243 2440 ejusdem

317 2466 487 2521 ctiam
524 2465 813 2534 doctrinae,
856 2464 1168 2538 dignitatis,
1211 2467 1445 2522 honoris
1489 2485 1551 2523 ac
1591 2465 1884 2541 potcstatis
1916 2465 2165 2523 haeredes
2191 2473 2245 2523 et

317 2566 589 2620 vindices
628 2565 691 2620 Et
729 2566 998 2637 quoniam
1029 2567 1128 2622 ubi
1168 2567 1366 2623 Petrus
1410 2567 1486 2623 ihi
1518 2567 1763 2624 Ecclesia
1805 2567 1879 2639 (S.
1915 2566 2242 2622 Ambrosius

319 2663 378 2716 in
426 2662 567 2735 psal.
619 2663 728 2733 XL),
775 2681 837 2717 30
879 2663 1075 2718 Petrus
1120 2682 1220 2738 per
1256 2665 1573 2722 Romanum
1618 2664 1942 2722 Pontificem
1989 2664 2242 2737 loquitur

326 2761 507 2833 (Cone.
537 2761 819 2829 Chalced.,
843 2768 949 2816 act.
978 2761 1069 2833 ΙΙ),
1097 2768 1151 2818 ct
1180 2780 1403 2837 semper
1430 2764 1488 2819 in
1517 2766 1636 2821 suis
1660 2763 2080 2821 successoribus
2106 2763 2240 2821 vivit

319 2864 371 2914 et
391 2858 669 2932 judicium
690 2867 903 2916 exercet
933 2860 1082 2935 (Syn.
1108 2861 1336 2936 EpheS.,
1369 2869 1476 2918 act.
1503 2863 1615 2935 ΙΙΙ),
1645 2883 1709 2919 30
1728 2870 1956 2938 praestat
1982 2836 2238 2936 quaer'en-

317 2959 471 3015 tibus
499 2958 624 3015 fidei
651 2960 944 3016 veritatem
986 2959 1060 3034 (S.
1102 2960 1298 3016 Petrus
1331 2960 1606 3040 Chrysol.,
1652 2962 1827 3036 Epist.
1865 2962 1934 3017 ad
1966 2958 2253 3036 Eutich.)‚'

318 3057 523 3114 idcirco
560 3058 749 3115 divina
778 3059 1003 3132 eloquia
1031 3077 1094 3115 eo
1121 3059 1288 3134 plane
1315 3078 1485 3116 sensu
1516 3067 1648 3118 sunt
1687 3060 2033 3134 accipienda,
2067 3078 2238 3134 quem

317 3158 501 3215 tenuit
534 3177 598 3214 30
636 3163 787 3215 tenet
832 3161 948 3215 haec
972 3159 1220 3216 Romana
1253 3160 1570 3216 beatissimi
1606 3161 1750 3218 Petri
1790 3160 2078 3232 cathedra,
2115 3180 2240 3235 quae

319 3257 573 3312 omnium
593 3257 995 3328 Ecclesiarum,
1017 3263 1198 3314 mater
1221 3264 1274 3314 et
1296 3258 1566 3331 magistra
1589 3258 1768 3328 (Conc.
1787 3258 1968 3329 Trid.,
1990 3277 2130 3316 sess,
2150 3280 2236 3331 vn,
2290 3250 2292 3253 ’

321 3353 388 3408 de
413 3355 744 3429 Baptismo),
773 3355 940 3412 fidem
968 3375 997 3412 a
1025 3356 1240 3413 Christo
1274 3357 1541 3414 traditam
1571 3357 1851 3430 integram
1887 3356 2237 3413 inviolatam·
2289 3411 2291 3413 .

322 3469 432 3522 que
478 3470 695 3527 semper
737 3455 998 3528 servavit,
1040 3473 1277 3529 eamque
1315 3456 1508 3513 fideles
1546 3456 1820 3513 edocuit»
1871 3454 2014 3528 (vide
2050 3456 2236 3529 quoad

320 3546 476 3603 illam
502 3549 872 3623 Encyclicam,
919 3553 1096 3610 Revue
1138 3555 1457 3628 catholique,
1499 3561 1541 3611 t.
1582 3555 1672 3625 IV,
1713 3573 1770 3627 p.
1815 3551 1949 3624 604,
1993 3558 2048 3609 et
2087 3559 2130 3609 t.
2166 3553 2230 3624 V,

319 3666 374 3722 p.
407 3647 523 3721 17).
