2306 4010
351 153 442 202 254
973 109 976 113 ⁴
1024 130 1322 190 TRAGTATUS
1352 138 1420 186 ne
1447 138 1595 188 rm.

353 280 416 318 ex
436 258 700 317 formulis
721 245 930 328 quibus
953 247 1194 324 exprimi
1216 247 1380 320 solet,
1409 246 1678 303 damnata
1699 249 1786 302 est
1804 249 2078 320 tanquam
2102 241 2306 311 haerff*

354 361 486 417 tica.
502 359 670 412 Porro
693 350 824 408 talis
842 355 926 405 est
949 346 1141 430 opinio
1158 346 1228 404 de
1250 364 1360 429 qua
1384 327 1696 420 loquimur.
1713 343 1850 400 Eam
1877 345 1948 402 ab
1973 349 2289 421 aposteliea¹

353 456 492 513 Sede
537 452 895 527 reprobatam
931 448 1114 506 fuisse
1147 465 1323 523 supra
1359 445 1736 504 ostendimus.
1763 444 1905 502 Item
1937 446 2087 519 quod
2128 440 2297 507 com4>

350 549 601 608 muniter
627 555 896 622 tanquam
922 564 1080 603 error
1114 566 1143 601 a
1177 543 1505 603 doctoribus
1531 542 1824 601 catholicis
1850 543 2157 615 habita-sit,
2185 565 2287 621 pa*

347 651 461 706 lam
486 647 617 704 fecit
643 646 816 704 sectio
841 645 1051 722 prima,
1076 645 1344 702 historice
1370 643 1629 719 pandens
1655 642 1792 716 quid
1814 643 1884 699 ab
1909 642 2073 700 initio
2099 663 2291 719 usquz

350 747 419 803 ad
448 745 718 802 hodierna
743 750 1000 820 tempora
1022 749 1296 819 perpetuo
1333 741 1616 799 creditum
1645 740 1739 799 sit.
1773 741 1838 798 Et
1863 741 2095 798 tandem
2122 741 2293 807 illam

351 848 532 923 ipsam
570 846 916 922 opiniomem
956 861 1325 921 propugnans
1353 842 1550 899 Petrus
1578 840 1646 897 de
1679 839 1866 913 osma,
1901 841 2007 898 sub
2050 841 2138 898 his
2174 846 2275 899 ter

352 947 547 1018 minis,
582 946 819 1003 Ecclesia
855 946 996 1001 urbis
1026 944 1209 1000 Romae
1237 960 1422 998 errare
1442 946 1635 1016 potest,
1666 939 1854 1014 quoad
1884 939 1941 996 id
1976 939 2249 1017 damnatu
2276 968 2278 972 ·

351 1053 437 1103 est
466 1064 596 1103 cum
622 1050 753 1101 nota
775 1046 1071 1100 haereseos⁸
1112 1042 1254 1115 Ergo
1287 1046 1584 1116 peccatum
1624 1043 1710 1096 est
1742 1039 1916 1095 talem
1957 1037 2289 1114 opinione..

270 1155 273 1158 ’
353 1145 574 1214 docere,
614 1141 905 1218 amplecti,
939 1157 1321 1216 propugnare.

428 1244 492 1299 II.
529 1243 680 1299 Idem
717 1241 977 1315 sequitur
1023 1258 1091 1295 ex
1128 1257 1193 1295 eo
1231 1238 1382 1312 quod
1419 1237 1577 1312 rejici
1617 1243 1867 1312 nequeat
1904 1236 2065 1311 Papae
2098 1254 2164 1292 ex
2192 1253 2257 1293 ca
2288 1271 2290 1274 -

352 1341 550 1399 thedra
589 1331 911 1396 definientis
942 1337 1352 1409 infallibilitaS,
1387 1336 1527 1410 quin
1559 1335 1735 1393 simul
1771 1334 2102 1410 rejiciantur
2129 1333 2288 1409 prin-

352 1441 524 1516 cipia,
564 1457 681 1512 quae
714 1441 827 1494 sine
851 1445 1070 1510 peceato
1114 1437 1262 1509 rejici
1298 1443 1588 1508 nequeunt.
1618 1434 1940 1505 Enimvero,
1984 1433 2134 1508 quod
2175 1435 2265 1489 obe

350 1540 604 1596 diemlum
640 1540 709 1594 sit
744 1538 927 1612 Papae,
962 1554 1092 1591 cum
1137 1533 1351 1608 aliquid
1396 1532 1743 1590 credendum
1778 1532 1867 1588 vel
1901 1531 2228 1587 damnandu
2262 1555 2269 1582 ι

348 1638 632 1696 definitae
671 1636 950 1712 praecipit,
988 1641 1040 1691 et
1081 1634 1313 1709 quidem
1348 1635 1553 1690 sincero
1585 1634 1713 1706 fidei
1746 1651 1967 1689 assensu
1995 1643 2044 1689 et
2079 1635 2234 1701 interi
2265 1656 2270 1673 -·

355 1736 537 1790 mentis
573 1736 840 1806 obsequio,
880 1740 933 1789 et
980 1734 1151 1790 etiam
1196 1738 1504 1805 antequam
1543 1731 1840 1788 accesserit
1872 1730 2128 1788 Ecclesiae
2170 1731 2227 1788 di
2267 1778 2271 1780 .

353 1850 531 1907 persa}
575 1848 674 1887 seu
706 1831 958 1905 corporis
993 1830 1403 1905 Episcoporum
1435 1848 1768 1901 consensuS,
1808 1836 1892 1887 est
1935 1829 2219 1905 principiu
2256 1856 2283 1887 u

358 1929 504 2004 apud
538 1929 692 2004 ipsos
730 1928 902 1985 etiam
938 1928 1253 1985 Gallicanos
1281 1928 1511 1984 omnino
1543 1935 1761 1985 certum
1792 1934 1843 1986 et
1875 1934 2034 1985 extra
2061 1935 2270 1988 contre.

353 2027 595 2083 versiam
630 2027 901 2102 positum.
935 2026 1161 2083 Certum
1191 2043 1396 2100 nempe
1430 2044 1660 2100 peccare
1691 2045 1785 2083 cos
1825 2027 1921 2101 qui
1947 2027 2120 2084 talem
2152 2028 2280 2084 obe-

329 2109 331 2111 ’
353 2127 626 2183 dientiam
651 2132 935 2183 recusant..
963 2126 1103 2182 Hinc
1133 2127 1360 2200 quando
1384 2127 1603 2181 Summi
1622 2126 1915 2183 Pontifices
1939 2127 2258 2184 damnarun
2281 2147 2283 2149 ·

351 2236 625 2302 tanquam
655 2228 947 2284 haereticas
979 2228 1011 2284 5
1041 2227 1289 2283 Jansenii
1323 2226 1760 2301 propositioneS,
1791 2227 1966 2283 simul
1989 2227 2275 2299 jusserun

345 2346 445 2403 pro
488 2326 768 2383 haereticis
808 2325 1004 2382 haberi
1047 2332 1102 2382 et
1151 2332 1437 2399 quatenus
1484 2326 1627 2382 tales
1666 2326 1835 2401 plecti
1873 2344 1968 2383 eos
2012 2327 2111 2400 qui
2151 2327 2267 2383 hui

347 2426 666 2483 definitioni
695 2445 807 2482 non
834 2426 1301 2499 obsequerentur3
1340 2431 1390 2482 et
1422 2425 1684 2500 Episcopi
1720 2425 1934 2497 Galliae,
1977 2432 2223 2500 antequa
2264 2422 2267 2429 ’

348 2526 519 2582 etiam
563 2526 630 2581 de
657 2525 919 2582 Ecclesiae
953 2525 1225 2600 dispersae
1258 2543 1540 2581 consensu
1568 2531 1824 2581 constare
1859 2508 2157 2600 potuisset,
2197 2525 2256 2582 d

350 2621 672 2678 finitionem
726 2622 884 2678 illam
929 2630 1202 2696 tanquam
1251 2623 1620 2696 obligatoriam
1662 2629 2030 2697 receperunt;
2090 2623 2167 2679 ita
2253 2652 2258 2673 ι

348 2719 521 2775 etiam
572 2718 631 2772 in
674 2718 1032 2775 refractarios
1080 2725 1355 2792 tanquam
1400 2721 1455 2774 in
1499 2721 1790 2790 haeretieos‚
1844 2726 2009 2793 prout
2051 2720 2265 2794 jubeb

350 2818 624 2875 Summus
647 2817 924 2889 Pontifex,
954 2818 1402 2876 animadvertere
1428 2819 1722 2894 coeperint.
1761 2819 1883 2876 Jam
1913 2838 2042 2878 vero
2072 2821 2202 2897 prin
2253 2864 2256 2866 -

347 2917 509 2992 pium
548 2917 702 2973 istud
737 2917 960 2987 (debitae
988 2917 1203 2974 scilicet
1237 2918 1543 2975 Pontificiis
1582 2919 2012 2978 definitionibus
2053 2921 2206 2977 since
2300 2967 2301 2970 ι

352 3033 415 3070 ae
453 3014 692 3070 internae
731 3014 1091 3086 obedientiae,
1127 3016 1346 3074 etiamsi
1374 3016 1630 3073 nondum
1672 3018 1740 3074 de
1766 3018 2061 3076 accedente
2097 2998 2257 3089 Eccllf
2290 3039 2291 3042 ¹

351 3113 446 3169 siae
475 3131 758 3170 consensu
791 3114 1034 3183 constet)
1066 3117 1217 3189 quod
1260 3117 1381 3173 sine
1414 3124 1644 3193 peccato
1670 3117 1825 3192 rejici
1853 3118 2071 3192 nequit,
2104 3134 2240 3174 nece
2300 3134 2301 3138 ¹

350 3216 496 3270 sario
538 3214 723 3289 rejicit
753 3215 852 3288 qui
891 3216 1086 3272 renuit
1125 3216 1488 3274 infallibilem
1522 3218 1582 3275 in
1618 3218 1688 3274 iis
1715 3217 2140 3274 definitionibus
2171 3215 2293 3274 Ru·

354 3333 587 3371 manum
628 3315 954 3373 Pontificem
1001 3316 1276 3374 confiteri.
1319 3318 1656 3390 Necessarie,
1708 3318 1966 3393 inquam;
2006 3336 2138 3374 nam
2274 3312 2294 3323 ’

354 3414 507 3465 tenet
534 3411 742 3487 Papam
770 3431 962 3470 errare
989 3413 1266 3489 potuisse,
1296 3415 1400 3472 hoc
1439 3416 1559 3492 ipso
1592 3415 1978 3474 definitionem
2017 3415 2137 3490 ejus
2163 3430 2222 3470 ιι
2254 3418 2262 3478 ζ,
2280 3423 2285 3446 ·’

355 3497 526 3564 habet
567 3517 630 3566 ut
675 3521 814 3570 certo
845 3532 1024 3571 veram
1045 3535 1060 3566 :
1090 3520 1144 3571 et
1172 3515 1278 3571 hoe
1314 3515 1436 3591 ipso
1480 3516 1630 3591 quod
1664 3515 1822 3572 illam
1849 3533 1962 3572 non
1988 3515 2190 3572 haheat
2211 3500 2281 3587 ιζ

357 3608 508 3659 certo
534 3624 747 3681 veram,
777 3611 843 3668 de
871 3612 969 3669 illa
993 3612 1218 3671 dubitat
1245 3636 1257 3670 ι
1288 3618 1342 3671 et
1372 3615 1479 3672 hoc
1500 3615 1624 3691 ipso
1651 3614 1802 3689 quod
1821 3614 1890 3671 de
1910 3613 2007 3670 illa
2035 3594 2275 3680 dubita&
2304 3625 2306 3683 ς
