2306 4010
883 250 939 294 m
947 249 1009 293 Rs
1040 247 1259 295 SECUNDA
1269 282 1280 295 .
1938 243 2025 287 5²25

145 354 312 410 tionis
337 355 799 429 praedicationem.
826 356 1087 411 Caeterum
1127 374 1197 410 an
1222 371 1407 411 vocem
1439 352 1594 408 illam
1625 352 1816 407 sentire
1845 349 2022 406 Hono-

144 451 263 507 rius
296 451 632 521 adhibuerit,
654 470 884 527 prorsus
910 453 1217 526 ignoratur.
1242 452 1406 508 Periit
1431 457 1614 507 textus
1635 447 1857 505 Latinus
1885 447 2021 512 dua-

142 565 267 614 rum
293 547 514 604 Honorii
541 548 923 623 epistolarum;
956 567 1056 606 nec
1087 542 1357 606 habemus
1389 548 1498 605 nisi
1525 548 1765 603 Graecam
1799 562 2020 602 earum-

143 645 266 701 dem
289 645 615 701 versionem.
638 645 955 719 Suspicarer
981 664 1078 718 ego
1100 646 1157 700 in
1180 652 1333 701 textu
1351 645 1540 702 Latino
1558 643 1807 719 positum
1823 642 2015 712 fuisse,

138 742 328 795 sentire
354 740 692 811 promendum
720 757 853 807 esse,
889 740 972 795 vel
991 740 1125 813 quid
1157 741 1358 807 simile3
1387 759 1499 796 non
1529 747 1716 796 autem
1742 743 1938 797 sentire
1970 749 2016 796 et

138 851 392 910 promere.
437 834 545 888 Sed·
582 833 855 906 quidquid
894 833 964 888 sit
1006 835 1072 888 de
1115 832 1392 907 primitivo
1432 843 1606 908 textu,
1661 836 1901 891 dicimus
1941 835 2017 890 ibi

145 946 324 987 vocem
354 929 542 983 sentire
574 927 919 983 referendam
963 945 1103 996 esse,
1124 945 1234 983 uon
1268 929 1336 983 ad
1382 929 1607 984 unicam
1631 930 1716 985 vel
1737 929 2011 1004 duplicem

147 1024 534 1103 operationem,
576 1024 670 1079 sed
706 1023 773 1079 ad
808 1024 987 1079 unicae
1016 1024 1098 1079 vel
1133 1023 1373 1098 duplicis
1401 1025 1739 1098 operationis
1762 1028 2017 1098 praediea-

144 1128 342 1182 tionem.
381 1124 436 1178 ld
463 1123 673 1179 scilicet
703 1142 930 1196 prorsus
956 1124 1205 1198 ineptum
1231 1124 1509 1180 existimat
1541 1124 1838 1195 HonoriUS,
1867 1127 2015 1198 quod

133 1221 437 1295 praedicetur
478 1226 530 1274 et
550 1221 944 1294 praedicandum
980 1223 1326 1290 existimetur,
1366 1221 1477 1277 sive
1503 1221 1670 1276 unius
1697 1221 1807 1277 sive
1832 1221 2015 1295 dupli-

133 1319 208 1376 cis
243 1320 576 1394 operationis
621 1338 824 1376 novum
863 1320 1183 1375 vocabulum.
1219 1311 1288 1377 Et‘
1319 1321 1441 1376 ideo
1485 1339 1717 1395 prorsus
1759 1321 2010 1394 ineptum

133 1414 186 1470 id
214 1421 445 1489 reputat,
489 1415 618 1487 quia
650 1415 778 1470 inde
803 1433 911 1470 non
944 1415 1095 1471 aliud
1122 1415 1399 1471 oriturum
1427 1435 1594 1489 quam
1634 1415 2011 1472 dissensiones

133 1520 180 1570 et
214 1514 506 1570 schismata
539 1532 866 1588 persuasum
907 1515 1089 1570 habet.
1118 1515 1267 1571 Unde
1292 1516 1393 1570 hoc
1427 1515 1600 1589 ipsius
1621 1514 1894 1587 judicium
1927 1520 2008 1569 est

132 1613 526 1667 oeconomicum
569 1630 666 1667 seu
700 1612 766 1667 de
801 1613 1048 1685 agendis,
1090 1630 1198 1668 non
1240 1612 1614 1684 dogmaticum
1659 1630 1754 1667 seu
1797 1612 1863 1667 de
1899 1612 2006 1667 fide

129 1708 374 1764 tenenda.
404 1708 464 1763 Et
493 1708 571 1762 sic
597 1708 663 1762 ad
690 1708 962 1780 objectum
991 1709 1162 1763 istum
1191 1708 1410 1763 llonorii
1431 1713 1639 1763 textum
1667 1707 2002 1780 respondent

126 1802 475 1875 BalleriniuS,
521 1807 773 1877 l’errone,
801 1813 851 1862 et
877 1808 969 1862 alii
998 1808 1181 1864 multi.
1206 1808 1332 1870 Quae
1363 1807 1589 1879 quidem
1620 1806 1906 1880 responsio
1938 1806 2003 1860 ad

127 1901 431 1958 elidendam
470 1921 690 1958 omnem
717 1904 1038 1977 objectionis
1078 1905 1188 1959 vim
1227 1905 1390 1978 plane
1420 1903 1642 1959 sufficit.
1667 1903 1785 1958 Alia
1815 1910 1999 1958 tamen

127 1999 317 2074 subjici
354 2006 553 2075 potest,
591 2020 712 2075 quae
750 2002 886 2056 mihi
924 2003 1119 2058 melior
1151 2002 1390 2071 videtur,
1435 2007 1627 2075 utpote
1670 2018 1837 2072 quam
1883 2001 2000 2074 ipse

124 2103 399 2155 contextus
446 2099 636 2174 prohat
689 2099 860 2155 fuisse
914 2100 1260 2175 ipsissimam
1296 2099 1518 2155 Honorii
1571 2106 1834 2155 mentem.
1893 2100 1996 2154 lta-

127 2207 265 2263 que:
1222 2260 1226 2264 ι

203 2287 492 2362 Respomleo
520 2295 736 2350 secundo
763 2317 778 2347 .·
819 2294 1032 2368 Duplici
1073 2311 1241 2349 sensu
1285 2294 1458 2367 accipi
1500 2300 1632 2348 tunc
1670 2300 1903 2367 poterat,
1945 2300 1994 2349 et

133 2380 292 2437 etiam
328 2402 473 2441 nunc
502 2394 696 2461 potest,
726 2409 828 2446 vox
868 2390 1421 2464 &*›e„0-se'22(ope1²atio);
1461 2390 1734 2458 videlicet,
1768 2396 1887 2445 tum
1929 2391 1996 2446 ad

131 2479 533 2552 exprimendam
560 2489 854 2559 facultatem
878 2489 1165 2563 operandi,
1196 2496 1314 2544 tum
1344 2488 1412 2543 ad
1440 2488 1868 2561 significandum
1893 2491 1993 2544 liu-

118 2573 210 2644 jus
231 2576 502 2636 facultatis
527 2592 708 2642 actum.
741 2587 994 2643 Facultas
1019 2586 1284 2659 operandi
1314 2587 1368 2641 in
1395 2586 1610 2641 Christo
1649 2585 1854 2660 duplex
1884 2594 1987 2655 cst,

121 2668 296 2728 divina
336 2682 386 2731 et
414 2678 673 2737 humana.
713 2685 863 2739 Unde
901 2685 947 2738 si
973 2701 1070 2758 per
1102 2702 1289 2739 vocem
1330 2684 1578 2758 operatio
1621 2686 1878 2758 (ἐνεργέια)
1912 2685 1992 2740 in-

119 2766 393 2841 telligatur
436 2779 698 2849 operandi
738 2782 982 2852 facultati,
1030 2781 1233 2855 duplex
1282 2783 1339 2837 in
1385 2783 1595 2838 Christo
1638 2783 1870 2838 dicenda
1911 2789 1995 2839 est

120 2867 381 2935 operatiO,
413 2877 462 2924 et
500 2873 658 2928 aliter
691 2878 893 2933 sentire
918 2897 979 2935 ac
1010 2897 1264 2953 promere
1286 2898 1515 2953 prorsus
1557 2898 1853 2935 erroneum
1881 2887 1985 2936 est.

118 2956 179 3009 At
210 2974 334 3011 vero
362 2962 407 3015 si
444 2963 586 3020 dicta
619 2986 717 3022 vox
754 2977 984 3043 operatio
1019 2975 1362 3047 intelligatur
1400 2977 1465 3031 de
1506 2977 1725 3041 actibuS,
1761 2993 1993 3047 prorsus

122 3049 367 3123 ineptum
398 3073 582 3113 revera
621 3069 703 3116 est
737 3065 917 3122 dicere
950 3069 1062 3125 sive
1099 3089 1293 3138 unam,
1330 3072 1443 3126 sive
1476 3070 1757 3143 duplicem
1787 3070 1986 3125 Christi

117 3148 508 3219 operationem3
545 3157 672 3225 quia
696 3176 804 3214 non
835 3181 1009 3218 unum
1045 3174 1138 3221 aut
1172 3167 1311 3222 duos
1340 3169 1625 3222 dumtaxat
1666 3174 1822 3222 actus
1859 3185 1985 3241 ope-

118 3249 269 3298 ratus
293 3253 372 3300 est
393 3245 661 3318 ChristuS,
689 3255 782 3308 sed
813 3255 1136 3315 innumeros
1167 3270 1219 3316 et
1246 3263 1575 3335 multiplicis
1607 3263 1829 3336 speciei.
1863 3264 1984 3319 Jam

115 3358 259 3409 vero,
310 3342 403 3396 uhi
446 3343 714 3402 Honorius
756 3349 1002 3424 ineptum
1050 3358 1367 3427 pronuntiat
1416 3361 1612 3413 sentire
1653 3378 1712 3414 ac
1742 3379 1981 3434 promere

113 3440 263 3494 unius
288 3444 603 3513 operationis
631 3454 721 3500 aut
747 3447 964 3502 duarum
985 3450 1243 3505 Christum
1273 3471 1406 3524 esse,
1432 3454 1485 3509 id
1506 3455 1641 3511 dixit
1665 3457 1888 3516 relative
1912 3461 1981 3516 ad

114 3534 467 3604 posteriorem
503 3538 647 3594 vocis
691 3545 1010 3614 operationis
1044 3561 1292 3617 sensum,
1328 3548 1382 3603 id
1423 3557 1526 3621 est,
1567 3560 1839 3626 quatenus
1865 3576 1978 3613 *vox

113 3625 202 3682 illa
237 3631 516 3704 exprimit,
563 3653 669 3690 non
708 3640 969 3711 operandi
1011 3641 1332 3715 facultatem,
1360 3647 1450 3702 sed
1479 3649 1659 3706 varios
1697 3652 1861 3726 hujus
1900 3655 1979 3710 fa-
