2262 3990
829 152 960 200 PARS
989 149 1182 199 TERTIA.
1828 152 1830 154 ’
1855 143 1943 192 605

71 259 239 318 dubio
263 258 378 316 veri
405 264 457 316 et
490 258 709 334 proprie
737 257 869 316 dicti
901 257 1138 333 judices.
1166 256 1284 314 Non
1308 261 1495 313 tamen
1529 270 1695 331 penes
1720 270 1813 310 eos
1835 250 1943 309 fuit

70 357 139 415 ab
175 357 330 415 illius
370 356 698 415 oecumenici
745 355 964 415 concilii
1003 354 1426 414 definitionibus
1467 350 1835 412 dissentiendi
1874 350 1942 407 li-

70 456 275 514 bertas.

142 554 200 610 5⁰
232 554 291 610 In
329 553 702 628 apostolorum
746 551 999 624 concilio,
1046 550 1435 627 Hierosolymis
1480 549 1691 618 habito,
1723 546 1940 624 primus

67 650 499 708 controversiam
550 649 793 707 definivit
851 655 1072 706 sanctus
1124 650 1338 719 PetruS,
1382 655 1435 706 et
1480 665 1672 706 omnes
1718 646 1776 701 in
1826 644 1945 719 ejus

67 745 398 801 sententiam
426 746 783 802 transierunt.
807 745 946 801 Sane
961 744 1177 818 judices
1206 746 1434 802 suerunt
1461 744 1628 801 etiam
1666 742 1781 801 alii.
1810 741 1942 807 Quis

67 847 250 898 tamen
291 842 491 900 dixerit
536 842 614 899 eis
649 841 888 898 liberum
934 840 1108 898 fuisse
1152 860 1181 898 a
1222 842 1494 899 sententia
1538 840 1682 899 Petri
1731 840 1942 898 dissen-

72 937 175 994 tire
198 941 222 995 ‘2

139 1037 193 1092 4⁹
218 1036 369 1093 Haud
391 1053 594 1112 paucas
625 1033 882 1107 haereseS,
910 1036 1027 1111 jam
1048 1041 1208 1093 antea
1232 1035 1542 1106 damnataS,
1572 1043 1624 1094 et
1654 1055 1684 1094 a
1713 1035 1934 1094 Lutheri

64 1133 391 1206 sequacibus
434 1138 742 1198 renovataS‚
795 1132 1101 1190 Tridentini
1134 1133 1319 1189 Patres
1362 1132 1833 1189 condemnarunt.
1875 1134 1934 1188 In

62 1248 171 1302 qua
209 1248 340 1287 sanc
386 1229 798 1305 pronuntianda
829 1229 1289 1287 condemnatione
1312 1229 1536 1286 fuerunt
1562 1247 1689 1286 vere
1722 1249 1784 1286 ac
1812 1247 1937 1305 pro-

64 1328 430 1402 priejudices,
460 1329 578 1385 Non
608 1334 791 1384 tamen
822 1327 956 1402 ipsis
983 1330 1220 1386 liberum
1252 1328 1356 1385 suit
1387 1329 1454 1385 de
1486 1328 1598 1385 illis
1634 1330 1938 1386 haeresibus

64 1423 223 1479 aliter
277 1425 480 1480 sentire
521 1443 581 1480 ac
623 1424 1007 1498 pronuntiare,
1042 1443 1208 1501 quam
1248 1425 1631 1499 judicaverant
1659 1425 1936 1482 anteriora

63 1520 294 1576 concilia
325 1521 682 1578 oecumenica.

134 1618 207 1675 Ex
235 1619 322 1674 his
359 1626 409 1675 et
444 1619 717 1675 similibus
754 1620 911 1675 sactis
945 1619 1223 1677 historicis
1262 1626 1494 1692 constat,
1528 1621 1594 1677 ad
1632 1622 1930 1678 essentiam

0 1719 2 1802 4
60 1714 277 1787 proprie
301 1715 433 1771 dicti
463 1715 662 1788 judicii
687 1716 754 1771 dc
796 1716 1046 1789 dogmate
1070 1717 1186 1790 jam
1226 1724 1386 1773 antea
1426 1717 1676 1788 definito,
1697 1718 1932 1774 minime

58 1811 263 1883 requiri
295 1831 324 1869 a
348 1813 678 1887 praecedenti
713 1813 1032 1869 definitione
1063 1815 1401 1869 dissentiendi
1428 1815 1737 1870 libertatem.

128 1910 455 1966 Ancumexrrii
480 1911 540 1966 11.
576 1943 642 1952 —
668 1910 747 1966 Ex
777 1913 1036 1983 requisitis
1067 1912 1135 1966 acl
1171 1913 1448 1967 essentiam
1474 1914 1691 1985 proprie
1710 1913 1929 1986 dictiju-

53 2007 191 2062 dicii.
211 2008 567 2063 —Judicium
600 2024 796 2081 nempe
814 2007 1035 2082 proprie
1056 2007 1267 2064 dictum
1288 2013 1420 2065 tunc
1441 2008 1620 2066 fertur
1644 2029 1771 2067 cum
1799 2012 1925 2084 quis

50 2122 114 2159 ex
137 2123 306 2160 causae
350 2107 633 2177 coytiitione
663 2106 969 2160 sententiam
997 2108 1324 2178 pronuntiat.
1369 2107 1533 2162 Porro
1575 2107 1702 2163 licet
1738 2109 1924 2165 Patres

49 2201 107 2258 in
130 2203 362 2259 concilio
388 2203 726 2277 oecumenico
752 2210 1083 2276 cognoscant
1098 2203 1330 2259 Romani
1360 2205 1635 2262 Pontificis
1652 2207 1739 2262 vel
1765 2226 1926 2279 gene-

48 2299 179 2354 ralis
212 2299 497 2354 anterioris
523 2299 716 2376 synodi
760 2299 1059 2372 judicium,
1085 2306 1136 2356 et
1175 2318 1503 2374 persuasum
1543 2302 1782 2359 habeant
1820 2305 1926 2361 sibi

50 2397 204 2454 nefas
234 2414 352 2452 esse
378 2397 444 2452 ab
474 2415 535 2452 eo
561 2397 767 2470 judicio
793 2397 1110 2466 dissentire,
1155 2405 1385 2472 possunt
1412 2399 1781 2458 nihilominus
1808 2421 1924 2459 sen-

48 2496 262 2549 tentiam
302 2495 443 2565 serre
475 2511 538 2549 ex
574 2496 865 2566 cognitione
894 2512 1081 2549 causae.
1112 2494 1348 2551 Possunt
1375 2514 1571 2571 nempe
1596 2516 1926 2571 cognoscere

47 2594 280 2646 rationes
301 2609 396 2647 seu
435 2599 691 2647 momenta
719 2607 747 2646 c
780 2590 984 2664 quibus
1024 2593 1379 2663 concludant,
1410 2612 1601 2650 verum
1629 2613 1748 2652 esse
1775 2597 1923 2671 judi-

48 2688 196 2745 cium
226 2707 255 2744 a
302 2689 526 2744 Summo
569 2688 846 2758 Pontifice‚
887 2689 971 2744 vel
1011 2707 1039 2743 a
1084 2690 1414 2763 praecedenti
1453 2691 1638 2766 aliqua
1679 2696 1922 2767 generali

49 2785 252 2858 synodo
281 2787 576 2859 prolatum.
612 2787 747 2859 Ergo
773 2793 1001 2860 possunt
1027 2804 1145 2848 esse
1170 2805 1295 2844 vere
1343 2807 1405 2844 ac
1437 2791 1661 2865 proprie
1682 2791 1921 2864 judiceS‚

51 2877 175 2933 licet
200 2879 445 2950 judicent
477 2880 716 2954 idipsum
767 2882 914 2953 quod
960 2881 1117 2956 prius
1151 2881 1417 2955 judicavit
1450 2885 1615 2959 Papa,
1660 2892 1711 2942 et
1747 2888 1925 2943 sciant

51 2990 486 3046 persuasumque
527 2976 762 3032 habeant
799 2976 881 3032 sas
913 2977 1018 3033 sibi
1051 2995 1161 3033 non
1198 2997 1316 3036 esse
1341 2996 1370 3034 a
1403 2980 1687 3037 Pontificio
1712 2981 1922 3054 judicio

50 3069 363 3125 dissentire.

122 3166 237 3220 Jam
278 3166 323 3220 si
361 3166 486 3238 quis
536 3167 776 3241 postulet
819 3185 1072 3239 quaenam
1126 3169 1365 3227 sufficiat
1403 3190 1569 3228 causae
1609 3178 1834 3247 coquitio
1862 3183 1924 3233 ut

50 3262 347 3336 Episcopus
393 3262 451 3317 in
486 3263 716 3319 concilio
753 3264 972 3338 proprie
992 3264 1203 3321 dictum
1225 3266 1502 3339 judicium
1524 3271 1773 3330 emisisse
1797 3292 1922 3331 cen-

50 3361 255 3416 sendus
283 3360 375 3430 sit,
414 3362 713 3434 respondeo
739 3362 1165 3433 primotSufficit
1190 3363 1427 3435 quaelibet
1468 3370 1606 3424 ratio
1649 3370 1717 3426 ad
1752 3389 1915 3446 quam

51 3478 206 3516 mens
227 3459 346 3532 ejus
375 3459 694 3529 attenderit,
722 3466 774 3515 et
800 3476 863 3515 ex
890 3477 996 3532 qua
1017 3460 1286 3534 putaverit
1309 3463 1508 3521 merito
1533 3465 1728 3526 inferri
1754 3489 1914 3544 posse

49 3557 382 3615 definitionis
415 3557 703 3632 pontificiae
728 3557 1036 3614 veritatem.
1062 3558 1195 3615 Nam
1230 3559 1324 3634 qui
1347 3564 1676 3623 sententiam
1702 3567 1912 3627 dicitob
