2262 3990
143 187 232 236 ’κο
607 183 761 230 maiix
791 181 953 230 JUXTA
983 154 1328 231 airammum
1357 182 1601 231 onumen.

246 292 475 339 Duacensis
504 289 700 334 Facultas
734 301 782 333 ac
804 290 880 332 alii
905 290 1034 333 multi
1057 290 1228 334 fortiter
1255 291 1296 334 ei
1330 290 1589 342 obstiterint,
1611 281 1760 336 revera
1775 296 1922 336 tamen

248 359 471 414 aliquando
493 357 721 412 praevaluit
730 389 1920 407 .......................
1979 363 2058 406 110

245 431 270 483 g
286 429 326 469 1.
348 450 403 459 —
422 426 688 470 Lovaniensis
717 425 907 469 Facultas
932 426 1110 468 Romani
1129 427 1347 471 Pontificis
1368 428 1733 479 infallibilitatem,
1763 441 1930 472 necnon

299 497 392 551 eJ'us
411 508 542 550 supra
562 494 788 538 concilium
803 501 848 538 et
869 508 998 550 supra
1023 508 1206 540 canones
1226 497 1536 550 auctoritatem,
1556 502 1758 552 tanquam
1774 498 1929 553 dogma

298 565 586 608 certissimum
599 568 726 617 atque
741 563 915 606 omnino
930 564 1163 607 tenendum
1180 569 1386 620 perpetuo
1399 566 1550 609 habuit
1563 579 1612 609 ac
1627 567 1929 622 propugnavit.
1983 567 2057 610 111

246 633 327 687 52.
349 657 401 665 —
418 633 649 676 Duacensis
676 633 869 676 Facultas
892 633 1136 676 doctrinam
1168 640 1354 688 quatuor
1383 635 1665 679 articulorum
1691 637 1790 679 anni
1809 635 1931 687 1682,

299 702 390 744 suis
405 703 458 743 ad
476 701 737 744 Ludovicum
756 702 838 743 xlv
853 701 1026 751 litteris,
1057 703 1321 756 reprobavit,
1348 707 1392 745 et
1410 708 1609 746 constans
1625 704 1670 746 in
1693 716 1744 746 ea
1761 707 1933 747 senten-

298 772 359 814 tia
378 784 458 826 per
472 771 526 812 85
548 783 685 814 annos
714 772 998 826 perseveravit
1007 803 1922 818 ..................
1982 773 2062 815 120

246 842 270 895 g
289 843 330 883 5,
346 864 402 872 —-
424 841 728 883 condemnatio
751 845 935 895 quatuor
955 840 1251 892 articulorum,
1270 854 1293 884 a
1311 842 1502 886 Primate
1519 847 1562 885 et
1583 842 1680 885 aliis
1699 843 1929 896 Hungariae

297 910 554 964 praesulibus
577 910 867 964 pronuntiata,
887 922 999 952 anno
1019 910 1129 952 1686
1135 940 1924 956 ................
1982 909 2057 952 127

246 981 271 1034 g
297 979 338 1021 4.
364 1003 418 1010 —
437 979 737 1021 Condemnatio
761 984 949 1034 quatuor
969 979 1251 1022 articulorum
1278 980 1585 1034 gallicanorum
1610 981 1662 1022 ab
1680 980 1929 1023 universita—

298 1048 414 1090 tibus
429 1053 470 1090 et
493 1047 816 1101 inquisitoribus
837 1048 1057 1102 Hispaniae
1065 1078 1921 1096 .................
1985 1047 2062 1090 128

243 1118 269 1171 5
293 1116 334 1159 5.
360 1140 414 1149 —
443 1117 644 1159 Censores
675 1117 864 1167 Romani,
895 1117 942 1159 in
969 1119 1301 1172 congregatione
1318 1119 1618 1170 cardinalium,
1643 1119 1696 1160 ab
1721 1119 1931 1160 Innocen-

295 1186 356 1228 tio
377 1186 432 1227 XI
460 1186 701 1239 specialiter
730 1186 944 1240 deputata,
977 1187 1233 1241 judicarunt
1264 1192 1449 1240 quatuor
1475 1188 1704 1240 gallicanos
1731 1187 1933 1228 articulos

296 1255 397 1298 anni
415 1255 535 1305 1682,
568 1268 654 1298 non
685 1269 806 1310 posse
837 1257 985 1299 mitius
1010 1257 1220 1310 proscribi
1234 1269 1362 1310 quam
1377 1257 1630 1299 abstinendo
1647 1257 1699 1297 ad
1715 1268 1932 1298 summum

302 1337 324 1365 a
342 1328 441 1366 nota
459 1325 692 1374 ltaereseos,·
709 1324 885 1367 omnino
907 1325 1071 1368 scilicet
1088 1325 1140 1367 iis
1155 1326 1385 1368 inurendas
1401 1338 1492 1368 esse
1513 1330 1690 1368 caeteras
1706 1324 1931 1366 inferiores

300 1398 422 1435 notas
429 1425 1926 1440 .............................
1986 1391 2064 1433 150

247 1463 271 1516 g
293 1463 333 1503 6.
360 1485 414 1493 -
436 1462 484 1502 In
503 1462 660 1513 Galliis,
694 1463 774 1504 etsi
801 1463 853 1504 ab
875 1474 987 1504 anno
1011 1461 1134 1514 1682,
1159 1462 1466 1516 quamplurimi
1482 1466 1689 1516 perpetuo
1713 1461 1935 1503 extiterint

300 1530 618 1572 infallibilitatis
641 1532 872 1574 Pontificiae
892 1537 1243 1586 propugnatores,
1274 1531 1481 1585 paulatim
1507 1530 1730 1583 praevaluit
1758 1535 1935 1572 contra-

302 1600 395 1642 rius
411 1612 548 1650 error,
569 1613 698 1654 quem
715 1605 960 1643 constanter
977 1600 1314 1644 seminariorum
1334 1597 1520 1642 alumnis
1537 1597 1696 1640 infudit
1715 1608 1763 1638 ac
1780 1596 1933 1638 etiam-

303 1682 408 1711 num
429 1670 621 1712 infundit
646 1672 923 1725 congregatio
945 1672 1077 1713 sancti
1099 1670 1273 1724 Sulpitii
1287 1699 1930 1716 .............
1991 1665 2068 1706 150

197 1740 286 1780 Cir.
309 1740 482 1781 x111.—
499 1739 750 1792 Opinionem
766 1741 818 1782 de
841 1741 1017 1782 Romani
1034 1740 1241 1782 Pontificis
1259 1738 1519 1780 fallibilitate
1539 1736 1757 1778 multoties
1782 1747 1934 1789 repro-

250 1809 363 1850 bavit
393 1809 519 1851 Sedes
546 1810 787 1863 apostolica.
805 1811 854 1852 Et
881 1822 934 1851 an
963 1810 1222 1862 generaliter
1237 1820 1388 1850 verum
1406 1807 1462 1849 sit
1479 1806 1619 1860 quoad
1640 1816 1788 1847 omnes
1811 1803 1934 1846 dictae

252 1878 464 1930 opinionis
486 1878 705 1931 formulas,
728 1880 892 1921 nullam
919 1879 979 1920 eis
1004 1879 1191 1920 inustam
1214 1877 1345 1919 fuisse
1370 1882 1515 1918 notam
1532 1874 1843 1926 theologicam?
1860 1905 1870 1914 .
1912 1902 1924 1914 .
1986 1869 2064 1913 142

253 1946 277 1999 ἓ
309 1946 345 1987 1.
371 1970 423 1976 -
445 1947 566 1989 Dicta
593 1949 735 2000 opinio
765 1960 912 1989 revera
941 1949 1157 1990 multoties
1183 1961 1206 1988 a
1231 1947 1336 1988 Sede
1357 1946 1584 1999 apostolica
1608 1944 1831 1997 reprobata
1854 1947 1929 1986 est.
1986 1941 2065 1983 143

300 2015 431 2067 Prop.
461 2013 514 2055 1⁵.
541 2037 596 2045 —
615 2014 853 2067 Reprobata
878 2019 941 2055 est
969 2027 1081 2055 anno
1104 2015 1205 2054 1551
1216 2041 1925 2058 ..............
1989 2008 2067 2050 145

303 2085 432 2137 Prop.
461 2084 534 2125 II2.
565 2106 619 2114 —
636 2082 756 2124 Anno
788 2083 909 2134 1418,
937 2083 1143 2124 Martinus
1171 2083 1199 2123 V
1225 2089 1372 2135 aperte
1401 2081 1556 2122 dictam
1596 2081 1838 2134 opinionem
1855 2092 1933 2121 re-

357 2152 571 2207 probavit,
597 2152 700 2194 dum
719 2163 790 2194 eos
822 2151 1044 2193 damnavit
1072 2150 1148 2204 qui
1177 2162 1202 2191 a
1227 2150 1405 2192 Romani
1434 2149 1653 2190 Pofitilicis
1675 2149 1836 2202 judicio
1861 2161 1938 2202 ap-

361 2222 522 2274 pellare
562 2221 1497 2266 audent...............·
1543 2246 1932 2261 ........
1992 2213 2071 2255 145

306 2292 434 2347 Prop.
465 2291 558 2333 111².
586 2312 637 2321 -
660 2292 778 2333 Anno
803 2289 926 2341 1479,
956 2289 1204 2342 opinionem
1235 2289 1288 2330 de
1323 2286 1579 2330 sallibilitate
1609 2285 1725 2338 Papae
1761 2284 1936 2325 damna-

361 2362 423 2402 vit
444 2361 583 2402 Sixtus
617 2359 667 2402 lv
672 2386 1930 2404 ........................
1992 2349 2068 2391 144

309 2431 437 2484 Prop.
465 2430 549 2474 1V2.
578 2452 632 2460 —
662 2429 745 2470 Per
774 2428 936 2471 bullam
977 2429 1095 2470 Inter
1128 2425 1388 2480 multiplices
1427 2424 1645 2466 Alexandri
1667 2421 1774 2471 VIII,
1804 2421 1829 2462 4
1858 2432 1939 2462 au-

363 2498 480 2552 gusti
502 2497 625 2549 1690,
651 2497 871 2551 reprobati
903 2501 1004 2539 sunt
1025 2501 1213 2549 quatuor
1236 2493 1412 2536 articuli
1430 2493 1626 2535 Gallicani
1643 2489 1882 2532 anni1682.
1922 2524 1933 2534 .
1993 2486 2070 2528 144

308 2570 439 2622 Prop.
472 2568 530 2611 V2.
554 2591 606 2599 -
628 2567 816 2615 Quatuor
839 2566 1042 2608 articulos
1076 2564 1319 2617 reprobavit
1343 2563 1472 2606 Sedes
1504 2561 1745 2615 apostolica,
1774 2564 1940 2602 retrac-

363 2638 567 2679 tationem
592 2636 800 2689 exigendo
827 2637 879 2677 ab
903 2635 958 2676 iis
981 2634 1058 2688 qui
1084 2634 1424 2687 subscripserant
1447 2630 1657 2685 ejusmodi
1683 2628 1875 2671 articulis
1893 2633 1936 2670 et

363 2707 634 2760 postmodum
666 2706 718 2746 ad
743 2704 871 2746 Sedes
899 2702 1160 2756 episcopales
1177 2714 1199 2742 a
1224 2713 1328 2754 rege
1354 2699 1563 2742 nominati
1589 2701 1774 2740 fuerant.
1814 2731 1823 2741 .
1866 2731 1877 2741 .
1920 2729 1929 2738 .
1991 2695 2066 2738 147

311 2778 444 2831 Prop.
474 2776 553 2818 VI².
573 2798 628 2805 —
650 2774 700 2814 In
722 2773 978 2815 allocutione
1006 2770 1286 2814 consistoriali
1311 2769 1500 2812 asseruit
1517 2768 1790 2811 Innocentius
1818 2767 1893 2809 XII
1912 2779 1936 2808 a

366 2845 470 2887 Sede
485 2843 712 2898 apostolica
731 2842 956 2896 reprobata
980 2841 1117 2882 fuisse
1140 2845 1264 2893 gesta
1287 2844 1520 2882 conventus
1539 2838 1640 2879 anni
1667 2835 1789 2879 1682.
1817 2868 1826 2880 .
1869 2868 1881 2879 .
1923 2869 1934 2878 .
1996 2833 2070 2876 147

314 2917 445 2969 Prop.
478 2915 580 2958 VII·.
608 2937 662 2944 —
687 2912 820 2955 Breve
846 2910 1163 2954 Gratulationes
1192 2909 1419 2951 Clementis
1437 2908 1506 2957 XI,
1531 2908 1583 2950 15
1605 2906 1793 2961 januarii
1819 2904 1942 2955 1706,

366 2983 538 3027 crimini
559 2983 765 3026 vertendo
785 2980 1005 3034 gallicanis
1022 2978 1234 3031 Episcopis
1258 2978 1371 3031 quod
1389 2990 1508 3019 suam
1529 2976 1813 3030 dogmaticam
1833 2986 1943 3018 con-

367 3055 640 3096 stitutionem
675 3053 984 3094 examinassent
1029 3054 1259 3102 antequam
1298 3051 1580 3100 acceptarent,
1611 3046 1865 3089 Gallicanam
1893 3043 1946 3085 de

368 3123 624 3166 fallibilitate
648 3123 768 3176 Papae
791 3121 1036 3175 opinionem
1059 3118 1304 3172 reprobavit
1309 3145 1936 3163 .............
1997 3108 2072 3152 147

315 3198 447 3250 Prop.
490 3196 612 3239 V1112.
639 3217 694 3226 —
718 3192 974 3246 Opinionem
1006 3191 1058 3232 de
1101 3190 1218 3242 Papae
1255 3187 1512 3230 sallibilitate
1542 3185 1787 3240 reprobavit
1821 3183 1947 3225 Sedes

369 3266 612 3320 apostolica,
650 3263 856 3316 exigendo
882 3267 933 3304 ut
972 3260 1152 3302 decretis
1187 3259 1289 3310 suis,
1331 3257 1490 3311 quibus
1524 3255 1717 3308 quinque
1754 3253 1775 3293 J
1781 3250 1941 3293 ansenii

368 3332 679 3388 propositiones
710 3331 1080 3380 condemnaverat,
1107 3331 1396 3381 praestaretur,
1426 3336 1512 3367 non
1529 3328 1697 3366 tantum
1718 3319 1942 3364 silentium

371 3404 686 3457 obsequiosum,
715 3401 790 3444 sed
817 3400 949 3443 etiam
979 3401 1202 3442 internum
1230 3396 1387 3438 mentis
1406 3395 1659 3447 obsequium
1665 3422 1935 3436 ......
1995 3382 2067 3427 151
2148 3402 2152 3411 st

318 3475 447 3529 Prop.
472 3475 565 3516 IX2.
583 3495 638 3504 —
658 3471 910 3524 Opinionem
937 3469 989 3510 de
1014 3467 1265 3509 fallibilitate
1291 3467 1411 3519 Papae
1436 3464 1563 3506 toties
1596 3459 1841 3513 reprohavit
1865 3459 1943 3501 Se-

374 3544 448 3585 des
481 3542 726 3596 apostolica,
761 3539 927 3593 quoties
961 3537 1145 3591 aliquem
1187 3535 1288 3577 fidei
1323 3533 1555 3576 articulum
1581 3531 1810 3572 tenendum
1834 3540 1943 3582 prae-

376 3611 569 3663 scripsit;
588 3611 633 3652 id
658 3614 724 3652 est
742 3606 910 3662 quoties
927 3606 1087 3660 aliquid
1117 3604 1232 3647 circa
1255 3605 1384 3646 fidem
1411 3604 1493 3645 aut‘
1509 3613 1648 3644 mores
1673 3598 1876 3650 definivit,
1899 3596 1942 3637 id

380 3682 459 3731 est,
487 3678 635 3720 forsan
650 3677 808 3720 centies
814 3695 1931 3720 ......................
1993 3661 2069 3704 151
2146 3675 2151 3726 s
