2262 3990
853 177 976 224 mas
1003 174 1203 224 marn.
1798 221 1817 241 κ
1874 168 1962 217 545

87 283 276 341 cilium
307 282 410 338 suit
450 281 675 356 quidem
707 281 1110 339 oecumenicum
1148 286 1200 337 et
1232 279 1345 336 vim
1373 277 1596 335 concilii
1631 274 1959 335 oecumenici

85 380 279 437 habuit
304 381 486 455 quoad
514 387 733 451 eaetera,
766 398 878 437 non
908 386 1094 437 autem
1134 378 1313 454 quoad
1341 379 1629 436 decretum
1662 375 1836 447 istud,
1868 375 1960 432 cui

84 493 372 536 assensum
398 497 565 536 suum
589 477 751 535 Sedes
782 478 1030 535 Romana
1053 478 1441 551 denegaverat.

158 576 234 631 Ex
259 594 368 649 quo
401 577 548 633 facto
582 575 660 632 sie
693 574 1072 649 argumentari
1113 574 1276 632 lieet:
1325 575 1372 631 si
1407 573 1654 631 valerent
1694 571 1964 648 generalis

83 673 302 730 concilii
343 675 558 732 decreta
599 674 804 748 quibus
852 674 1133 731 Romanus
1180 674 1424 731 Pontifex
1465 692 1634 731 suum
1673 691 1962 731 assensum

84 769 338 845 denegat,
375 771 618 828 validum
664 771 858 827 suisset
900 771 1193 846 praefatum
1234 771 1698 828 Chalcedonensis
1738 770 1962 828 concilii

84 867 388 936 decretum3
420 868 574 942 atqui
611 868 918 924 invalidum
958 867 1063 923 fuit
1105 867 1174 923 ob
1208 867 1542 941 denegatum
1580 868 1771 926 Leonis
1806 868 1962 944 Papae

84 981 433 1031 consensum3
468 982 595 1038 ergo
628 963 781 1019 nulla
813 971 866 1020 et
893 963 1048 1018 irrita
1076 969 1206 1019 sunt
1226 963 1591 1019 conciliorum
1614 966 1958 1038 generalium

85 1062 315 1134 decreta,
354 1062 431 1119 eis
471 1060 831 1118 dissentiente
870 1060 1111 1116 Romano
1146 1059 1424 1118 Pontifice.
1458 1061 1706 1119 Dicimus
1742 1065 1960 1121 irritam

84 1161 256 1218 fuisse
300 1159 799 1216 Chalcedonensem
850 1157 1273 1233 dispositionem
1326 1159 1384 1215 ob
1425 1160 1735 1232 deneqatum
1783 1161 1961 1218 sancti

84 1259 273 1316 Leonis
306 1276 626 1327 consensum,
655 1265 707 1314 et
735 1275 846 1313 non
878 1256 986 1312 alia
1022 1256 1089 1313 de
1113 1273 1297 1312 causa.
1330 1256 1447 1313 Non
1479 1256 1627 1313 enirn
1663 1260 1836 1333 repeti
1866 1279 1962 1334 po-

85 1362 190 1412 test
215 1356 524 1412 invaliditas
566 1374 630 1411 ex
668 1374 729 1411 eo
763 1355 910 1428 quod
951 1355 1239 1428 praefatum
1278 1355 1560 1410 decretum
1599 1355 1832 1413 Nicaenis
1874 1376 1962 1414 ca—

87 1454 325 1510 nonibus
352 1455 750 1510 adversaretur.
780 1452 1048 1525 Equidem
1075 1452 1491 1523 adversabatur,
1520 1455 1613 1510 sed
1640 1453 1697 1510 in
1730 1455 1961 1511 materia

93 1550 458 1625 disciplinari.
494 1551 646 1616 Quod
686 1568 884 1625 nempe
922 1550 1085 1606 Sedes
1122 1550 1487 1608 Alexandrina
1530 1553 1838 1610 secundum
1881 1555 1960 1611 lo-

86 1665 213 1703 cum
252 1647 574 1719 obtinuerit,
618 1653 668 1703 et
693 1647 1030 1703 Antiochena
1052 1648 1304 1718 tertium,
1335 1666 1445 1704 non
1490 1649 1672 1723 adjus
1709 1651 1959 1708 divinum

84 1744 341 1816 pertinet,
369 1745 464 1800 sed
494 1744 599 1799 fuit
632 1744 915 1818 dispositio
949 1744 1095 1816 juris
1136 1761 1288 1801 mere
1324 1746 1703 1802 ecclesiastici.
1745 1748 1823 1803 Ita
1855 1749 1960 1805 sci-

82 1838 206 1894 licet
251 1858 280 1894 a
321 1839 455 1895 Sede
489 1838 753 1909 Romana,
796 1845 924 1895 ante
968 1840 1205 1913 primam
1245 1842 1647 1899 oecumenicam
1679 1845 1956 1921 synodum

78 1934 351 1991 Nicaenam
382 1943 651 1992 statutum
693 1937 893 1992 fuerat.
934 1937 995 1992 Et
1020 1937 1325 2010 generatim
1357 1939 1505 2012 quod
1540 1941 1726 2013 aliqua
1768 1941 1955 2005 Sedes,

78 2039 273 2108 praeter
298 2033 624 2102 Romanam,
652 2051 819 2108 super
849 2033 986 2090 alias
1011 2035 1437 2109 praecedentiam
1467 2044 1518 2094 et
1547 2039 1958 2112 auctoritatem,

75 2130 184 2187 sive
218 2132 661 2200 patriarchalem,
689 2133 800 2188 sive
827 2132 1387 2208 Archiepiscopalem,
1419 2137 1700 2207 habuerit,
1734 2156 1847 2195 non
1877 2158 1961 2196 re-

76 2229 187 2303 peti
223 2235 400 2303 potest
446 2248 475 2284 a
516 2230 721 2297 divino,
768 2230 865 2284 sed
907 2230 1088 2286 solum
1130 2232 1197 2287 ab
1243 2232 1617 2289 ecclesiastico
1653 2234 1802 2310 jure.
1843 2237 1959 2292 Jam

77 2343 202 2382 vero
235 2344 356 2400 quae
393 2327 460 2381 ad
491 2327 840 2401 disciplinam
872 2326 1152 2400 pertinent
1186 2333 1239 2383 et
1272 2335 1403 2384 sunt
1432 2329 1576 2402 juris
1609 2350 1760 2388 mere
1786 2333 1958 2390 eccle·

78 2425 284 2482 siastici
324 2431 558 2500 possunt
582 2424 760 2481 valide
802 2443 831 2481 a
858 2442 1118 2499 suprema
1158 2426 1411 2483 Ecclesiae
1441 2434 1729 2502 potestate,
1768 2431 1823 2487 id
1854 2439 1956 2502 est,

78 2541 107 2578 a
132 2522 270 2597 Papa
301 2531 354 2579 et
393 2542 422 2579 a
446 2521 680 2579 concilio
707 2522 1050 2578 oecumenico
1080 2525 1308 2580 mutari.
1337 2525 1510 2598 Igitur
1532 2529 1776 2601 synodus
1803 2530 1959 2587 Chal·

75 2619 420 2692 cedonensis,
456 2627 647 2696 utpote
683 2620 1045 2691 oecumenica,
1077 2628 1403 2697 potestatem
1446 2626 1638 2682 habuit
1668 2625 1977 2703 praefatam'

78 2719 518 2794 dispositionem,
543 2719 674 2775 licet
704 2737 733 2775 a
759 2718 992 2775 Nicaenis
1025 2720 1277 2794 patribus
1308 2722 1714 2795 confirmatam,
1746 2726 1952 2787 immu-

80 2815 260 2886 tandi,
311 2822 364 2872 et
413 2817 720 2873 secundum
765 2816 1050 2891 dignitatis
1101 2816 1285 2876 locum
1337 2820 1954 2900 Constantinopolitanae

77 2909 202 2966 Sedi
242 2910 542 2982 tribuendi,
569 2913 989 2970 Alexandrinam
1033 2914 1340 2988 dejiciendo
1371 2918 1438 2973 ad
1472 2920 1701 2976 tertium
1737 2921 1946 2984 locum.

80 3007 216 3079 Ergo
242 3007 388 3079 quod
418 3008 535 3079 ejus
567 3007 850 3064 decretum
889 3010 1197 3067 invalidum
1231 3013 1418 3083 fuerit,
1458 3033 1568 3071 non
1607 3019 1860 3090 provenit
1890 3038 1953 3076 ex

82 3120 143 3159 eo
169 3101 313 3176 quod
339 3103 680 3159 Nicaenorum
703 3105 925 3161 Pati-um
950 3124 1187 3164 canones
1219 3127 1331 3165 non
1362 3112 1602 3184 potuerit
1622 3112 1949 3183 immutare;

81 3219 209 3274 ergo
236 3201 482 3275 provenit
524 3200 810 3257 dumtaxat
852 3220 913 3257 ex
954 3219 1016 3257 eo
1054 3205 1200 3275 quod
1233 3205 1375 3279 Papa
1419 3208 1548 3263 huic
1584 3209 1803 3268 decreto
1843 3231 1956 3270 non

80 3295 444 3353 consenserit.

153 3396 519 3451 Conlirinatur
563 3392 845 3450 conclusio
892 3410 958 3448 ex
1001 3393 1122 3468 ipsa
1170 3395 1693 3461 Chalcedonensium
1733 3405 1952 3467 Patrum

78 3492 271 3581 agendi
312 3491 547 3547 ratione.
598 3490 824 3555 Quando
867 3508 1064 3566 nempe
1103 3491 1284 3567 Legati
1325 3496 1480 3556 Sedis
1521 3505 1831 3578 apostolicae
1861 3528 1954 3585 op-

79 3590 405 3663 positionem
451 3607 611 3646 suam
654 3589 1142 3663 interposuerunt,
1205 3592 1252 3650 si
1313 3595 1716 3660 existimassent
1766 3604 1952 3664 Patres
