2262 3990
797 180 924 228 PARS
954 179 1193 227 SECUNDA.
1269 220 1273 222 .
1849 176 1936 223 429

62 302 315 356 sanctum
359 284 915 366 blasphemaverunt,
962 286 1215 342 Montano
1262 290 1317 340 et
1358 281 1620 339 Priscillae
1668 282 1936 339 Paracleti

62 389 486 468 appellationem
537 383 747 440 nefarie
806 379 1268 456 impudenterque
1321 377 1760 434 attribuentes..
1822 377 1939 442 Qua

62 488 235 561 igitur
266 484 475 541 ratione
499 497 694 537 eorum
720 476 995 551 baptisma
1019 474 1370 543 admittatur,
1409 490 1537 528 cum
1567 472 1626 528 in
1646 473 1860 559 Patrem
1887 477 1943 530 et

62 585 263 640 Filium
299 588 352 638 et
390 580 709 636 Montanum
747 580 844 631 aut
881 572 1191 646 Priscillam
1226 569 1598 645 baptizent?...
1628 569 1807 634 Quare
1836 569 1942 626 etsi

65 683 170 737 hoc
193 676 509 751 Dionysium
539 688 799 745 magnum
831 668 1017 740 latuit,
1054 666 1321 724 servanda
1356 666 1518 722 nobis
1553 683 1664 721 non
1697 672 1779 722 est
1815 666 1942 722 imi-

61 774 197 831 tatio
229 770 502 829 erroris...
537 764 755 823 Cathari
795 767 924 820 sunt
960 767 1014 818 et
1055 762 1165 836 ipsi
1206 779 1271 817 ex
1309 761 1378 817 iis
1422 763 1518 835 qui
1549 769 1681 818 sunt
1718 762 1936 820 abcissi.

60 870 323 927 Caeterum
354 862 593 937 antiquis
618 860 799 917 visum
834 864 938 927 est,
971 856 1244 930 Cypriano
1269 856 1391 912 dico
1429 864 1482 912 et
1521 865 1711 914 nostro
1746 859 1781 913 F
1786 859 1942 914 irmi-

58 966 228 1034 liano,
269 965 366 1019 hos
401 975 590 1016 omnes
631 955 746 1016 uni,
771 953 983 1010 calculo
1023 952 1318 1025 subjicere,
1363 955 1617 1010 catharos
1664 962 1716 1011 et
1748 974 1938 1013 encra-

57 1060 185 1117 titas
217 1063 268 1115 et
305 1056 783 1133 hydroparastatas
822 1053 966 1124 (πλὴν
1012 1050 1268 1115 αλλ’ἕδεξε
1292 1060 1393 1115 τοῖς
1428 1057 1661 1124 ἀρχαίαις,
1702 1065 1803 1118 τοῖς
1833 1059 1940 1127 περὶ

54 1161 307 1228 Κυπρίανον
327 1159 460 1223 λέγω
477 1157 555 1207 καὶ
579 1156 887 1223 Φιρμιλιάνεν
910 1154 987 1205 τὸν
1010 1155 1262 1221 ἡμέτερον,
1291 1154 1478 1213 τούτους
1498 1156 1674 1214 πάντας
1701 1152 1782 1218 {m}
1802 1160 1939 1222 ψήφῳ

50 1250 416 1321 ὑποὲαλειν...);
449 1254 736 1322 propterea
768 1245 1276 1319 quodsprincipium
1307 1245 1534 1317 quidem
1572 1246 1939 1320 separationis

51 1366 150 1424 per
177 1348 418 1404 schisma
450 1346 659 1401 sactum
691 1344 904 1400 fuerat:
943 1343 1039 1415 qui
1077 1348 1261 1398 autem
1306 1342 1373 1398 ab
1414 1343 1654 1398 Ecclesia
1688 1361 1746 1399 se
1783 1361 1939 1418 sepa-

51 1451 326 1515 raverant,
347 1462 456 1500 non
484 1442 758 1499 habebant
783 1441 1026 1516 amplius
1053 1441 1111 1496 in
1137 1459 1193 1497 se
1218 1441 1453 1514 gratiam
1479 1441 1719 1515 Spiritus
1738 1442 1932 1498 sancti.

50 1542 326 1598 Defecerat
373 1541 521 1596 enim
576 1539 1029 1606 communicatiO,
1086 1538 1398 1617 interrupta
1448 1539 1935 1596 continuatione...

53 1639 235 1705 Quare
263 1656 354 1693 eos
387 1637 480 1711 qui
507 1638 575 1692 ab
601 1636 850 1711 ipsorum
878 1635 1133 1710 partibus
1158 1636 1401 1703 stabant,
1431 1642 1697 1707 tanquam
1728 1654 1756 1690 a
1783 1636 1941 1691 laicis

52 1735 354 1808 baptizatos
382 1734 670 1807 jusserunt
711 1751 838 1789 vero
870 1731 1125 1788 Ecclesiae
1165 1732 1500 1806 baptismate
1533 1733 1601 1787 ad
1642 1733 1938 1788 Ecclesiam

0 1876 3 1887 ,
50 1832 330 1888 venientes
356 1831 671 1906 expurgari.
692 1830 794 1886 Sed
821 1832 1085 1903 quoniam
1111 1830 1400 1885 nonnullis
1427 1829 1684 1885 Asiaticis
1711 1831 1940 1887 omnino

50 1927 228 1983 visum
261 1934 340 1982 est
379 1943 572 1982 eorum
605 1926 901 1999 baptisma,
937 1925 1192 1998 pluribus
1227 1925 1554 1980 consulendi
1587 1944 1778 1997 causa,
1819 1945 1941 1983 sus-

54 2003 372 2097 cipiendum
429 2040 566 2094 esse,
618 2021 974 2097 suscipiatur.
1022 2021 1427 2078 Encratitarum
1471 2028 1665 2091 ,autem
1719 2024 1939 2081 facinus

57 2124 267 2190 oportet
299 2136 400 2174 nos
431 2118 764 2190 intelligere.
801 2118 1096 2186 Nimirum,
1139 2124 1202 2172 ut
1238 2118 1482 2173 reditum
1520 2118 1628 2173 sibi
1662 2119 1719 2173 in
1756 2120 1938 2176 Eccle-

60 2213 198 2267 siam
241 2214 635 2280 intercludant,
685 2214 929 2285 aggressi
972 2220 1103 2268 sunt
1153 2214 1412 2287 deinceps
1453 2217 1677 2290 proprio
1728 2218 1939 2291 baptis·

63 2314 207 2363 mate
244 2295 695 2381 praeoccupare..ss
724 2308 990 2363 Existimo
1022 2308 1228 2380 itaque,
1262 2310 1524 2382 quoniam
1554 2312 1697 2366 nihil
1734 2313 1800 2368 de
1827 2314 1938 2370 illis

63 2407 247 2476 aperte
272 2402 480 2458 dictum
507 2409 609 2471 est,
638 2420 829 2458 eorum
855 2401 1130 2476 baptisma
1159 2420 1188 2457 a
1213 2404 1373 2459 nohis
1399 2395 1767 2478 rejiciendum
1794 2426 1933 2475 esse;

63 2515 124 2554 ac
150 2498 194 2554 si
228 2499 352 2570 quis
378 2500 445 2555 ab
474 2499 552 2554 eis
584 2498 873 2572 acceperit,
924 2500 1271 2557 accedentem
1317 2501 1384 2556 ad
1423 2503 1726 2560 Ecclesiam
1759 2506 1938 2580 bapti-

59 2595 365 2652 zandum...
423 2596 544 2652 Scio
585 2603 770 2652 autem
812 2596 1010 2653 fratres
1051 2598 1295 2652 lzoinum
1335 2606 1388 2654 et
1411 2599 1800 2673 Saturninum,
1840 2605 1936 2675 qui

59 2696 213 2746 erant
241 2709 306 2747 ex
336 2692 560 2747 illorum
602 2692 817 2761 ordine,
848 2692 905 2747 in
929 2693 1326 2766 Episcoporum
1360 2696 1679 2752 cathedram
1714 2717 1743 2754 a
1778 2699 1939 2756 nobis

63 2804 181 2844 esse
205 2797 500 2864 susceptos,
534 2792 710 2855 Quare
744 2808 834 2846 eos
869 2792 965 2864 qui
1002 2792 1227 2848 illorum
1261 2793 1444 2849 ordini
1473 2796 1753 2868 conjuncti
1783 2805 1934 2866 sunt,

64 2900 174 2939 non
210 2902 503 2957 possumus
546 2887 787 2961 amplius
832 2888 899 2943 ab
942 2888 1183 2945 Ecclesia
1224 2908 1483 2964 separare
1525 2913 1534 2943 z
1586 2894 1681 2962 qui
1727 2893 1940 2948 scilicet

65 2980 471 3037 communionis
518 2999 646 3037 cum
691 2983 826 3056 ipsis
866 2985 1024 3056 quasi
1077 3003 1375 3055 canonem,
1422 2987 1721 3060 Episcopos
1766 2988 1940 3044 susci-

67 3074 285 3147 piend0,
317 3076 675 3133 ediderimus
700 3099 728 3131 »

143 3170 379 3244 Hujusce
405 3172 721 3229 documenti
746 3192 967 3232 summa
1007 3177 1087 3233 sic
1118 3179 1369 3235 exhiberi
1395 3186 1604 3254 potest:
1633 3181 1688 3236 1⁰
1718 3181 1941 3240 Fatetur

70 3266 306 3323 Basilius
351 3285 409 3323 sc
453 3286 740 3340 nunquam
787 3262 945 3326 antea
990 3273 1121 3328 huic
1164 3276 1456 3346 quaestioni
1501 3277 1753 3334 animum
1797 3282 1946 3339 serio‘

69 3362 398 3430 intendisse3
448 3362 504 3416 2⁰
554 3364 747 3420 asserit
789 3366 858 3421 ab
905 3368 1132 3439 antiquis
1179 3370 1431 3426 habitum
1475 3390 1595 3430 esse
1639 3394 1739 3450 pro
1782 3378 1935 3435 nullo

68 3458 342 3532 baptisma
392 3459 802 3530 haereticorum,
844 3461 1328 3521 schismaticorum
1359 3474 1544 3525 autem
1579 3489 1678 3546 pro
1725 3474 1930 3543 valid03

69 3553 125 3608 3⁰
155 3554 313 3612 Certo
340 3557 627 3614 haereticos
655 3557 987 3633 Pepuzianos
1012 3566 1221 3631 censet,
1257 3563 1591 3640 nullumque
1609 3570 1843 3644 proinde
1870 3591 1933 3630 ac
