2306 4010
202 137 261 185 40
617 152 620 155 ⁴
876 127 1159 179 TRACTATUS
1190 125 1254 171 DE
1285 123 1430 172 PAPA.

206 247 407 322 graphi
435 245 788 304 documentis
814 240 1136 319 plenissime
1162 239 1442 291 constant.
1472 234 1690 292 Etenim
1723 258 1733 289 :
1770 236 1825 292 1⁰
1852 235 1967 290 Haec
1992 252 2110 289 om-

205 346 295 402 nia
352 344 554 404 evincit
601 343 1004 399 documentum
1046 333 1130 404 IV,
1182 332 1239 388 id
1288 338 1371 388 est
1430 331 1663 407 epistola
1716 331 2111 406 gubernatoris

203 445 503 521 provinciae
542 442 767 500 Roulier
807 439 875 494 ad
916 435 1242 491 ministrum
1283 432 1525 506 regium,
1570 432 1666 488 uhi
1710 433 1791 488 sic
1827 432 2000 489 refert
2045 430 2111 488 de

205 545 481 603 Cardinali
523 538 812 609 Grimaldi,
858 535 1105 611 Aquensi
1146 533 1618 608 Archiepiscopo:
1665 530 1789 585 «M.
1839 532 1892 587 le
1927 531 2111 586 Cardi-

204 646 316 713 nal,
356 647 585 719 passant
622 638 843 695 ensuite
882 640 911 694 a
951 655 1014 693 ce
1053 635 1162 710 qui.
1188 635 1420 708 regarde
1450 631 1804 689 l’assemblee
1848 631 1923 686 du
1970 630 2112 686 mois

204 742 482 798 d⁷octohre
512 739 808 816 prochain,
847 757 875 794 a
913 737 989 794 dit
1033 736 1174 810 qu’il
1202 753 1272 791 ne
1314 735 1366 790 la
1405 733 1615 808 croyait
1646 751 1745 807 pas
1787 731 2108 805 legitime...

201 841 409 906 Qu'elle
460 858 530 895 ne
579 855 802 912 passera
848 835 1050 910 jamais
1098 852 1206 907 que
1255 851 1399 908 pour
1447 850 1526 887 un
1574 829 1974 898 conciliabule,
2019 847 2113 884 au-

202 942 332 1017 quel
371 942 452 996 les
499 941 643 996 bons
682 938 894 1013 prelats
941 937 1006 991 de
1037 935 1245 990 France
1287 952 1345 989 se
1375 932 1673 1006 garderont
1715 931 1843 986 bien
1885 930 2111 986 d’assis-

206 1051 311 1113 tcr,
356 1044 663 1114 appronant
708 1036 996 1092 d’ailleurs
1046 1035 1171 1108 qu'il
1211 1053 1242 1106 y
1283 1052 1313 1088 α
1354 1033 1442 1088 des
1474 1033 1652 1087 lettres
1697 1032 1761 1086 (16
1808 1031 1985 1086 (achel
2026 1032 2113 1102 qui

205 1148 291 1195 ont
322 1137 646 1211 marque'les
682 1137 892 1210 ἀόρατός
924 1136 1007 1208 qui
1044 1135 1267 1189 doivent
1287 1135 1399 1188 &tre
1441 1131 1629 1186 choisis
1662 1130 1906 1185 clanales·
1938 1137 2114 1185 autres

198 1241 498 1311 provinces;
531 1235 757 1309 ce'qu'il
783 1254 813 1291 a
841 1237 1026 1308 repete
1053 1232 1335 1306 plusieurs
1369 1230 1476 1287 fois
1505 1248 1647 1304 pour
1670 1232 1962 1284 connaitre
1988 1229 2035 1283 si
2058 1229 2113 1302 jc

201 1334 411 1389 n’avais
437 1351 536 1407 pas
571 1351 705 1401 recu
734 1318 976 1405 quelque
1005 1331 1173 1386 chose
1205 1329 1272 1390 de
1300 1327 1610 1384 semblable
1637 1330 1665 1382 a
1689 1345 1789 1382 son
1817 1326 2005 1399 egard.
2032 1326 2111 1380 En

199 1450 258 1489 ce
297 1432 392 1504 qui
423 1426 504 1487 est
547 1431 611 1486 (16
648 1431 699 1485 Ia
740 1432 1108 1502 procuration,
1143 1427 1208 1483 M.
1247 1427 1297 1482 le
1323 1426 1583 1481 Cardinal
1618 1444 1648 1480 a
1687 1425 1766 1481 dit
1802 1424 1942 1497 qu'il
1978 1424 2111 1480 etait

201 1533 426 1602 etrange
463 1528 632 1602 qu'on
664 1529 893 1601 envoyat
930 1544 1007 1581 un
1051 1523 1269 1580 modele
1305 1524 1372 1579 de
1401 1528 1544 1579 cette
1580 1522 1812 1595 qualite,
1855 1527 1908 1577 et
1945 1522 2113 1594 qu’on

201 1628 395 1684 vouldt
443 1630 707 1701 prescrire
747 1624 1167 1681 non-seulement
1209 1623 1356 1696 quels
1397 1623 1626 1677 seraient
1673 1622 1747 1676 les
1791 1621 2006 1694 deipme‘s
2052 1622 2114 1676 de

204 1729 403 1800 ollaque
435 1729 698 1800 province,
740 1727 873 1780 mais
913 1743 1102 1780 encore
1143 1742 1197 1778 ce
1227 1741 1325 1795 que
1359 1723 1586 1776 cliraient
1627 1722 1700 1775 les
1736 1721 1970 1792 deputer,-
2016 1739 2115 1791 que

205 1826 379 1882 c'e'tait
417 1830 527 1882 oter
566 1824 618 1879 la
652 1825 839 1880 liberte?
869 1825 933 1878 (16
964 1830 1106 1878 toute
1139 1824 1444 1877 mutuare..
1480 1819 1587 1875 Son
1618 1808 1918 1874 Eminence
1951 1837 1980 1873 a
2027 1837 2113 1874 rc-

203 1923 319 1998 pris
345 1923 397 1978 la
429 1921 780 1995 designation
810 1921 906 1976 des
931 1920 1164 1993 deputes
1193 1936 1410 1974 comme
1436 1918 1601 1973 chose
1628 1922 1779 1971 toute
1809 1915 2107 1972 odieuse...

201 2022 263 2077 Je
291 2021 400 2076 n’ai
434 2039 533 2094 pas
568 2021 699 2094 jugo
741 2021 881 2093 qu’il
913 2022 994 2093 stit
1019 2038 1208 2075 encore
1244 2026 1409 2092 temps
1436 2018 1502 2072 de
1533 2016 1788 2071 m'ouvrir
1810 2034 1904 2070 sur
1931 2015 2004 2070 les
2029 2033 2113 2070 or-

203 2120 323 2174 <tres
354 2137 450 2191 que
466 2119 566 2192 j'ai
606 2137 755 2184 recu-5
780 2124 811 2174 ὰ
846 2137 902 2173 ce
936 2120 1093 2192 sajet,
1123 2123 1422 2173 remcttant
1454 2118 1482 2171 a
1509 2114 1559 2171 le
1585 2114 1722 2170 faire
1749 2113 1862 2169 lors
1891 2113 1957 2169 de
1982 2113 2110 2168 l'as-

204 2218 446 2274 semblee
473 2218 540 2273 de
578 2219 628 2273 la
653 2218 932 2292 province.
957 2240 983 2269 »
1015 2217 1188 2290 Igitur
1218 2217 1454 2272 habebat
1486 2221 1536 2271 et
1566 2215 1686 2290 ipse
1710 2214 1939 2269 Roulier
1965 2214 2114 2288 ejus-

202 2318 352 2373 modi
374 2319 532 2391 jussa
566 2318 716 2392 regia
749 2319 868 2391 (des
899 2319 1095 2374 lettres
1123 2318 1190 2373 de
1214 2318 1429 2389 caclict)
1459 2316 1809 2390 deputandos
1837 2323 1889 2372 et
1913 2333 2113 2391 procu-

202 2417 438 2473 rationis
474 2417 775 2472 formulam
804 2416 1247 2492 praescribentia.
1280 2416 1341 2472 Et
1379 2414 1653 2471 Cardinali
1679 2413 2112 2486 Archiepiscopo

202 2515 446 2586 Aquensi
486 2515 739 2588 apprime
783 2522 979 2569 notum
1025 2521 1143 2568 erat
1186 2513 1393 2567 similia
1435 2513 1592 2584 jussa
1625 2511 1775 2582 regia
1819 2511 1886 2564 ad
1923 2528 2115 2565 omncs

205 2613 343 2668 alias
371 2613 687 2687 provincias
714 2612 1118 2668 ecclesiasticas
1152 2611 1502 2667 transmissa.
1534 2610 1934 2666 Authenticum
1961 2628 2115 2684 pror-

205 2731 301 2767 sus
340 2711 511 2768 hocce
554 2713 978 2784 documentum,
1021 2730 1148 2768 cum
1187 2716 1332 2767 extet
1368 2710 1426 2764 in
1464 2709 1798 2766 Bibliotheca
1834 2711 2113 2785 imperiali

204 2808 523 2882 Parisiensi,
557 2810 703 2865 inter
734 2808 1122 2883 manuscripta
1160 2807 1544 2883 procuratoris
1585 2808 1860 2880 generalis
1893 2809 1959 2865 de
1986 2809 2114 2864 Har-

205 2908 294 2982 lay
323 2909 580 2983 (manusc.
611 2909 740 2980 178,
774 2909 930 2983 piece
953 2908 1073 2981 26),
1105 2913 1156 2964 et
1185 2907 1373 2983 priora
1402 2908 1590 2977 verba,
1617 2910 1769 2964 lettre
1791 2910 1854 2963 cle
1875 2907 1946 2963 M.
1979 2908 2115 2963 Rou-

207 3008 306 3062 lier
327 3007 626 3081 ipsiusmet
646 3007 783 3085 dicti
810 3008 877 3064 de
899 3007 1093 3084 Ilarlay
1113 3025 1282 3062 manu
1307 3006 1517 3063 fuerint
1540 3013 1784 3063 exarata.
1806 3041 1869 3047 —-
1885 3007 1939 3062 2⁰
1964 3006 2112 3063 Idem

207 3111 422 3161 constat
450 3124 478 3161 e
503 3106 841 3163 documento
868 3106 925 3177 V,
961 3106 1058 3162 ubi
1091 3105 1300 3162 dicitur
1325 3105 1390 3161 de
1421 3106 1662 3180 peractis
1687 3105 1743 3160 in
1778 3123 2117 3179 unaquaque

207 3205 491 3279 provincia
519 3205 1018 3280 deputationihus:
1057 3205 1214 3278 qu'on
1255 3205 1340 3278 n’y
1371 3223 1400 3260 α
1426 3223 1489 3260 eu
1528 3223 1722 3260 aucune
1759 3205 1946 3260 liberte'
1978 3223 2117 3278 pour

210 3304 257 3358 16
297 3305 447 3358 choix
479 3305 568 3360 cles
609 3306 823 3378 ἀόρατός
865 3313 914 3360 et
939 3323 1077 3379 pour
1113 3307 1187 3361 163
1216 3305 1417 3359 clauses
1459 3311 1509 3359 et
1547 3304 1842 3360 conditions
1873 3304 1939 3358 de
1976 3304 2116 3358 leurs

202 3405 595 3475 procurationS.
616 3403 887 3476 Equidem
916 3403 1067 3459 istud
1094 3402 1517 3474 documentum,
1552 3403 1698 3459 inter
1728 3401 2115 3476 manuscripta

209 3497 457 3553 ministri
498 3498 712 3555 Colbert
746 3506 1057 3574 repertum,
1097 3499 1365 3579 remansit
1407 3517 1772 3575 anonymum.
1810 3498 1947 3553 Cum
1986 3517 2114 3554 vero

206 3602 502 3658 exaratum,
541 3596 707 3652 fuerit
748 3599 929 3654 adhuc
963 3598 1201 3654 durante
1237 3604 1514 3674 conventu
1557 3596 1690 3653 anni
1734 3595 1881 3651 1682
1919 3602 2000 3667 (ut
2047 3615 2111 3651 ex
