2262 3990
771 196 777 202 .
838 157 967 205 PARS
989 155 1188 205 '1‘sz
1315 159 1321 163 ’
1875 150 1969 198 5Ἷ9’

96 270 465 344 principatum,
481 284 591 324 non
607 271 791 324 autem
812 265 906 341 jus
925 281 1078 323 mere
1102 261 1486 320 honorificum.
1514 259 1723 319 Pariter
1738 258 1975 316 Florem-1

104 366 221 423 tina
253 365 494 445 synodus
521 382 781 441 expresse
818 361 1062 421 definivit
1088 361 1164 419 ita
1187 361 1399 420 Patrem
1425 377 1547 419 esse
1571 358 1796 434 Papam,
1826 362 1890 414 ut
1914 356 1970 414 ei'

100 461 259 537 plena
308 467 547 537 potestas
594 466 868 536 competat
919 458 1292 516 universalem
1329 457 1632 515 Ecclesiam
1683 453 1967 532 pascendi,

107 557 330 632 regendi
355 575 417 614 ac
441 556 807 632 gubernandi.
831 555 1097 613 Similiter
1122 555 1281 630 argui
1307 559 1495 631 posset
1527 571 1593 640 ως
1618 550 1973 630 praerogativa

107 657 353 731 doctoris,
388 674 556 731 quam
584 655 652 713 de
671 655 780 712 fide
803 655 1152 714 'est'Romano
1169 654 1418 714 Pontifici
1452 653 1679 714 relative
1703 652 1773 712 ad
1798 652 1978 713 chris-

111 752 289 812 tianos
316 770 511 811 omnes
529 757 861 827 competere.
1065 758 1069 761 '

869 1050 1114 1113 CAPUT
1162 1049 1259 1113 XV

112 1231 536 1272 Anovffl'rvm
559 1233 642 1271 Ex
666 1231 1114 1269 PnAEuocu'rn'A
1142 1232 1461 1271 PBfflATUS
1484 1231 1982 1272 Junlsnlcnoms

193 1428 346 1484 Parte
367 1427 545 1503 prima
571 1426 855 1502 praescntis
882 1434 1146 1487 tractatus
1170 1427 1609 1488 demonstratum
1637 1434 1719 1486 est
1739 1428 1983 1486 Romano

121 1525 364 1582 Pontifici
390 1532 695 1601 competere
714 1527 838 1601 jure
869 1526 1049 1583 divino
1066 1530 1347 1602 primatum
1369 1529 1748 1602 jurisdictionis
1772 1528 1829 1584 in
1862 1527 1986 1583 uni·-

122 1640 333 1680 versam
358 1623 676 1681 Ecclesiam.
706 1624 910 1698 Estque
936 1625 991 1681 id
1027 1625 1152 1683 fidei
1175 1626 1394 1700 dogma,
1424 1626 1570 1700 quod
1597 1628 1760 1703 plane
1785 1627 1984 1683 admit·

121 1726 245 1778 tunt
270 1721 371 1796 ipsi
404 1722 566 1779 etiam
598 1722 918 1792 adversarii,
952 1742 1088 1796 quos
1124 1724 1214 1780 hic
1255 1724 1622 1793 consutamuS,
1647 1724 1704 1780 id
1725 1731 1831 1797 est,
1864 1724 1985 1780 Gal—

121 1819 287 1875 licani
306 1821 563 1893 theologi.
592 1821 757 1877 Porro
785 1829 928 1878 stare
957 1822 1149 1894 nequit
1173 1822 1637 1896 jurisdictionalis
1663 1823 1759 1879 ille
1783 1823 1983 1898 prima—

119 1922 230 1986 tuS,
263 1916 371 1973 nisi
397 1919 536 1990 Papa
572 1918 643 1974 sit
675 1936 839 1992 supra
870 1899 1500 1993 concilium-sine·Papa.
1537 1918 1671 1975 Nam
1709 1918 1984 1994 primatus

112 2010 514 2084 jurisdictionis
560 2019 642 2070 est
677 2013 989 2086 jurisdictio
1024 2016 1217 2087 prima,
1245 2033 1340 2072 seu
1379 2034 1643 2089 suprema,
1674 2015 1749 2072 ita
1783 2023 1844 2073 ut
1875 2035 1985 2074 non

118 2110 315 2168 existat
343 2111 591 2186 superior
619 2130 719 2169 nee
765 2112 929 2170 etiam
968 2114 1214 2186 aequalis,
1247 2114 1303 2169 Si
1337 2114 1485 2170 enim
1526 2115 1784 2172 existeret
1825 2133 1988 2191 supe-

127 2206 236 2262 rior
263 2209 345 2264 vel
371 2209 620 2280 aequalis,
649 2209 763 2281 jam
791 2228 896 2264 non
923 2215 1088 2280 esset,
1107 2209 1288 2284 prima
1308 2228 1407 2267 seu
1426 2229 1708 2285 suprema,
1734 2218 1796 2268 ut
1814 2218 1984 2285 patet.

122 2301 299 2374 igitur
327 2285 387 2359 ut
423 2303 734 2360 verificetur
780 2304 1053 2378 primatus
1086 2305 1548 2378 jurisdictionalis
1573 2307 1728 2381 Papae
1774 2307 1833 2363 in
1862 2309 1988 2364 uni-

124 2415 336 2455 versam
358 2398 679 2468 Ecclesiam,
703 2418 920 2458 necesse
949 2408 1105 2458 estut
1133 2403 1250 2477 ipse
1272 2403 1471 2478 polleat
1488 2403 1875 2477 jurisdictione
1892 2425 1990 2463 seu

129 2494 453 2551 auctoritate
476 2513 715 2570 suprema
744 2496 922 2570 quoad
948 2498 1234 2572 proprium
1260 2498 1590 2556 universalis
1620 2500 1879 2557 Ecclesiae
1905 2518 1992 2558 re-

125 2591 328 2666 gimen,
357 2592 412 2648 id
438 2600 541 2661 est,
574 2593 755 2666 quoad
780 2594 964 2669 fidem,
995 2596 1346 2672 disciplinam
1381 2604 1433 2654 et
1463 2598 1695 2673 judicia.
1734 2600 1902 2656 Porro
1945 2600 1991 2656 si

126 2688 265 2763 Papa
293 2707 402 2747 non
419 2699 560 2751 esset
586 2710 753 2767 supra
778 2693 1395 2772 concilium-sine-Papa
1422 2702 1475 2753 et
1504 2714 1671 2772 supra
1696 2698 1993 2773 Episcopos

130 2784 406 2844 collective
432 2795 699 2864 sumptOS,
733 2790 827 2846 sed
857 2797 1076 2867 econtra
1090 2792 1167 2850 eis
1190 2794 1575 2868 subjiceretur,
1603 2796 1719 2868 jam
1750 2795 1867 2869 ipse
1884 2814 1994 2853 non

133 2880 356 2952 polleret
385 2883 768 2955 jurisdictione
807 2891 977 2962 prima
1002 2907 1101 2947 seu
1131 2909 1403 2964 suprema,·
1434 2891 1529 2949 sed
1569 2890 1825 2948 Ecclesiae
1855 2893 1997 2966 regi-

138 2995 266 3033 men
290 2981 470 3051 quoad
489 2982 674 3054 fidem,
712 2985 1062 3060 disciplinam
1085 2994 1138 3044 et
1173 2988 1382 3062 judicia
1403 2988 1669 3062 penderet
1688 3006 1718 3043 a
1739 2989 1998 3062 jurisdic-

136 3075 280 3132 tione
305 3078 598 3152 superiori,
629 3099 750 3154 quae
775 3090 939 3141 staret
963 3103 1129 3159 penes
1155 3087 1451 3143 concilium
1477 3094 1529 3144 et
1555 3087 1863 3163 episcopale
1887 3089 1998 3145 col-

138 3175 366 3247 legium.
398 3177 589 3250 Igitur,
620 3179 675 3234 in
715 3181 1156 3239 adversariorum
1194 3185 1506 3259 hypothesi,
1541 3189 1801 3260 primatus
1835 3192 1997 3264 juris-

140 3274 373 3330 dictionis
397 3278 748 3350 nequaquam
770 3278 923 3354 Papae
936 3287 1288 3355 competeret,
1309 3283 1405 3339 sed
1424 3283 1706 3360 Episcopis
1719 3287 1999 3347 collective

141 3372 374 3445 sumptis
414 3380 507 3429 aut
549 3374 606 3429 in
639 3376 870 3432 concilio
897 3378 1281 3451 [adunatiS.-—
1304 3380 1411 3438 Nec
1451 3382 1669 3442 dicatur
1707 3405 1999 3461 supremam

136 3469 582 3541 jurisdictionem
602 3491 697 3529 seu
727 3475 1106 3533 auctoritatem
1133 3495 1243 3534 non
1272 3478 1443 3539 fuisse
1466 3482 1721 3543 aChristo
1744 3486 1996 3546 collatam

139 3586 315 3643 neque
361 3570 461 3627 soli
485 3571 661 3646 Papae,
693 3591 869 3646 neque
899 3575 998 3631 soli
1028 3575 1417 3651 Episcoporum
1453 3582 1684 3642 concilio
1717 3591 1812 3644 aut
1837 3587 1998 3646 colle-
