2262 3990
823 149 956 197 PARS
982 148 1188 198 TERTIA.
1853 146 1943 192 625

69 257 310 316 rationes
350 259 496 312 tenet
525 254 824 312 concilium
866 254 1268 314 oecumenicum
1298 257 1572 323 octavum,
1603 251 1935 310 sententiam

70 360 259 412 contra
293 352 593 411 Honorium
643 354 915 429 prolatam
949 371 1063 411 non
1109 351 1379 428 impedire
1418 351 1558 426 quin
1601 369 1793 428 verum
1847 369 1934 408 re-

73 457 291 508 maneat
330 450 478 523 quod
518 454 852 521 asseruerat,
885 449 1168 507 videlicet:
1207 448 1271 504 de
1291 449 1447 523 Papa·
1475 466 1777 522 quemquam
1803 449 1944 522 jucli-

74 564 216 602 casse
234 563 338 601 non
354 545 587 617 Ieyimus.
603 542 900 614 —Quinto,
921 544 1055 600 dum
1074 542 1205 600 dicit
1224 542 1498 620 Synodus,
1519 548 1742 617 propter
1764 543 1939 599 solam

72 641 322 697 haeresim
348 640 564 696 licitum
583 657 703 696 esse
736 640 1021 696 minoribus
1047 642 1305 713 majorum
1332 658 1564 696 suorum
1593 639 1836 696 motibus
1861 657 1946 694 re-

72 737 288 805 sistere,
310 738 414 793 hoc
431 737 549 812 ipso
563 736 830 811 implicite
846 754 907 793 ac
920 737 1315 809 aequivalenter
1338 738 1573 794 asseruit
1597 738 1779 794 Patres
1806 738 1944 795 sexti

70 834 395 890 oecumenici
409 826 653 906 concilii,
668 834 835 891 etiam
854 832 1133 889 collective
1149 839 1420 907 sumptOS,
1441 835 1610 892 fuisse
1624 839 1871 904 minores,
1889 836 1944 892 id

71 938 177 1000 est,
198 931 481 987 inferiores
500 930 722 987 relative
742 930 811 986 ad
834 930 1143 984 Romanum
1170 929 1514 999 Pontificem3
1545 932 1822 1005 siquidem
1843 935 1946 989 hoc

72 1025 207 1082 dixit
239 1027 305 1082 ad
334 1026 719 1100 explicandum
747 1043 855 1099 quo
883 1026 1044 1080 titulo
1070 1026 1382 1100 potuissent
1407 1027 1497 1082 isti
1530 1028 1712 1085 Patres
1735 1029 1945 1086 dictum

74 1126 363 1180 anathema
392 1123 759 1180 conciliariter
794 1125 1175 1197 pronuntiare.
1210 1124 1360 1180 Unde
1388 1125 1469 1181 sic
1504 1127 1772 1200 implicite
1800 1147 1946 1186 asse-

75 1219 184 1276 ruit
210 1222 358 1294 Papae
385 1220 827 1294 superioritatem
861 1220 1084 1276 relative
1110 1220 1179 1275 ad
1209 1221 1462 1292 generale
1491 1222 1811 1278 concilium.

148 1316 397 1387 igiturex
419 1325 604 1372 octavo
628 1316 965 1372 oecumenico
992 1316 1223 1372 concilio
1250 1318 1600 1390 apertissime
1625 1325 1838 1376 constat
1859 1321 1947 1376 Pa-

79 1431 202 1486 pam
240 1433 347 1468 non
378 1432 535 1487 posse
565 1415 632 1470 ab
665 1414 778 1468 ullo
812 1414 1044 1470 concilio
1074 1414 1336 1487 judicari,
1368 1416 1555 1489 puniri
1591 1424 1685 1472 aut
1718 1418 1940 1490 deponi.

154 1510 207 1564 2⁰
246 1510 545 1565 Concilium
586 1510 944 1566 Lateranense
971 1509 1253 1582 quintum,
1297 1512 1542 1568 sessione
1572 1514 1654 1584 xl,
1684 1532 1941 1588 expresse

79 1603 155 1658 sic
189 1603 483 1660 declaravit
506 1625 517 1657 :
542 1626 568 1658 α
585 1605 772 1660 Solum
796 1605 1106 1660 Romanum
1128 1606 1464 1675 Pontificem,
1495 1590 1762 1681 tanquam
1785 1630 1942 1684 super

74 1704 246 1756 omnia
282 1702 496 1758 concilia
526 1705 886 1758 auctoritate-m
913 1704 1200 1775 habentem,
1237 1705 1601 1762 conciliorum
1627 1707 1946 1764 indicendo·

72 1815 220 1865 rum,
235 1798 740 1854 transferendorum
756 1817 818 1854 ac
834 1799 1315 1855 dissolvendorum
1338 1802 1672 1875 plenumjus
1694 1811 1743 1859 et
1765 1813 1942 1877 potes-

72 1896 236 1946 tatem
279 1894 496 1963 habere,
528 1893 731 1948 nedum
763 1911 826 1948 ex
857 1895 1032 1949 Sacrce
1072 1894 1366 1969 Scripturae
1398 1897 1739 1970 testimonio,
1779 1900 1941 1957 dictis

71 1994 387 2043 sanctorum
422 1989 646 2044 Patrum
685 2007 746 2044 ac
784 1989 1024 2044 aliorum
1058 1991 1432 2047 Romanorum
1458 1994 1814 2067 Pontificum,
1845 2000 1942 2054 sed

67 2085 288 2159 propria
316 2085 478 2142 etiam
512 2087 836 2143 eorumdem
865 2088 1231 2145 conciliorum
1256 2092 1603 2149 consessione
1653 2096 1944 2153 manifeste

66 2187 296 2236 constat.
334 2205 361 2235 »

140 2278 195 2332 Si
227 2277 367 2352 Papa
416 2283 776 2336 auctoritatem
815 2282 999 2337 habeat
1028 2302 1185 2356 super
1227 2289 1398 2340 οιηηὶα
1431 2289 1672 2359 concilia,
1716 2293 1943 2363 apertis-

66 2374 204 2430 sime
234 2367 655 2448 repugnat'eum
675 2396 832 2451 posse
852 2379 1111 2451 judicari,
1142 2382 1330 2454 puniri
1363 2391 1455 2438 aut
1489 2384 1687 2458 deponi
1716 2389 1783 2443 ab
1821 2390 1937 2446 ullo

64 2470 317 2527 concilio.
347 2471 603 2544 Alioquin
642 2474 790 2528 enim
816 2480 960 2530 esset
994 2475 1164 2531 simul
1197 2479 1447 2551 superior
1471 2487 1523 2535 et
1556 2481 1786 2539 inferior
1810 2505 1939 2542 con-

64 2566 189 2624 cilio
216 2590 227 2622 ε
258 2569 531 2642 superior,
559 2569 832 2642 siquidem
867 2589 1032 2645 super
1064 2574 1363 2630 concilium
1396 2580 1754 2635 auctoritatem
1785 2583 1938 2640 habe-

65 2671 167 2726 ret‚·
199 2663 445 2732 inferior,
470 2671 658 2740 utpote
680 2667 899 2722 concilii
918 2668 1128 2740 judicio
1154 2671 1540 2744 subjectuS.-—-
1557 2675 1841 2750 Praeterea,
1872 2700 1936 2737 ex

69 2756 230 2837 citato
271 2760 500 2816 concilio
544 2762 911 2836 Lateranensi,
951 2765 1113 2821 hahet
1149 2767 1291 2840 Papa
1327 2769 1542 2841 plenum
1581 2774 1668 2845 jus
1707 2777 1939 2834 concilia

69 2852 396 2910 dissolvendi.
437 2857 605 2929 Igitur
639 2846 826 2916 statim
857 2878 919 2916 ac
952 2863 1252 2935 concilium
1293 2866 1518 2940 aliquod
1553 2869 1754 2943 Papam
1788 2874 1936 2946 judi-

70 2964 193 3003 care
237 2956 547 3022 attentaret,
586 2963 768 3026 posset
805 2958 947 3032 Papa
987 2961 1286 3016 concilium
1333 2963 1483 3018 istud
1518 2964 1838 3038 dissolvere,
1883 2978 1938 3027 et

71 3044 149 3098 sic
174 3044 437 3118 impedire
462 3067 529 3104 ne
554 3060 736 3123 posset
759 3055 1066 3128 quidquam
1096 3058 1342 3130 legitime
1360 3064 1745 3134 pronuntiare.
1770 3066 1934 3124 Porro
2002 3117 2008 3120 ,

0 3139 2 3200 ῗ
69 3140 308 3196 tribunal
344 3144 487 3214 quod
524 3146 752 3204 existere
786 3167 894 3204 non
925 3158 1106 3223 potest
1148 3154 1257 3210 nisi
1301 3163 1579 3227 quatenus
1607 3160 1747 3234 Papa
1781 3165 1932 3236 velit,

67 3255 96 3292 a
131 3238 342 3293 fortiori
383 3258 491 3296 non
531 3248 705 3315 potest
740 3245 939 3319 Papam
970 3247 1246 3320 judicare,
1283 3251 1509 3310 illumve
1540 3254 1835 3330 deponere.
1858 3295 1930 3306 —-

66 3333 291 3407 Insuper
330 3334 563 3394 declarat
602 3339 796 3410 quinta
828 3342 1206 3400 Lateranensis
1241 3348 1505 3420 syuoduS,
1543 3356 1926 3417 auctoritatem

64 3429 217 3504 I'apae
239 3451 395 3505 super
418 3436 588 3489 omnia
608 3440 841 3505 concilia,
874 3442 1150 3511 manifeste
1190 3453 1425 3500 constare
1450 3465 1605 3506 sacra
1625 3452 1925 3528 Scriptura,

64 3526 266 3582 sanctis
307 3528 556 3585 Patribus
588 3538 637 3586 et
679 3533 940 3590 Romanis
983 3535 1358 3609 Pontificibus,
1405 3548 1569 3617 atque
1607 3546 1724 3622 ipsa
1759 3552 1926 3610 etiam

302 3644 348 3675 ιι.
1630 3652 1688 3700 40
