2262 3990
237 180 324 225 000
911 147 1210 218 raac'rmxs
1237 168 1313 217 m:-
1333 169 1480 223 PAPA.

240 282 460 359 (Labbe,
483 285 524 336 t.
555 276 665 348 Vll,
695 275 804 333 eol.
839 276 970 347 127,
1000 276 1136 336 edit.
1174 275 1423 348 Parisiis,
1454 274 1649 350 1671.)
1689 297 1715 330 «
1743 276 1822 334 Ad
1854 294 2024 352 quam
2058 299 2146 340 ro-

234 379 538 455 gationem,
597 359 971 446 ait'Bossuet,
1018 380 1135 433 tam
1175 374 1408 447 claram,
1454 379 1572 432 tam
1614 373 1875 448 liberam,
1926 379 2167 441 auctore

235 475 541 552 apostoliea
567 474 704 533 Sede
744 474 972 548 saetam,
1006 475 1268 533 Tarasius
1296 474 1581 551 imprimis
1617 492 1682 532 ac
1708 474 1911 534 deinde
1937 467 2168 554 singuli?
2240 486 2241 491 ’

232 575 491 651 Episcopi
517 575 932 651 responderunt
963 598 974 631 ε
1006 575 1075 634 Se
1102 575 1432 650 Scripturam
1458 582 1720 632 scrutatos
1744 582 1794 632 et
1812 579 2004 651 patriis
2025 580 2142 638 cloe-

235 677 391 732 trinis
414 675 592 731 doctos
627 675 796 750 (facto
833 674 1046 733 scilieet
1072 675 1347 750 examine)
1378 674 1681 751 apostolicis
1715 673 1908 732 litteris
1941 677 2165 738 consen?

232 777 353 832 tire.
382 795 410 828 »
439 774 650 831 Iterum
673 773 752 831 ibi
779 774 1009 832 Bossuet
1038 780 1195 832 extra
1229 775 1599 849 quaestionem
1628 780 1883 851 vagatur.
1915 775 2147 841 Quaestio

234 881 315 933 est
338 894 407 931 an
440 877 641 949 dejure
663 876 880 951 possint
908 875 1135 934 concilii
1154 875 1434 951 generalis
1456 875 1646 932 Patres
1671 874 1909 932 Romani
1928 876 2148 935 Pontifi-

232 978 315 1035 eis
357 977 744 1035 definitionem
772 978 1095 1035 examinare
1125 982 1177 1034 et
1211 976 1490 1052 judicare,
1521 995 1635 1034 cum
1681 976 1925 1033 'libertate
1959 975 2175 1038 dissert-⁴

237 1078 403 1134 tiendi
422 1098 440 1143 ;
483 1094 603 1147 seu,
635 1078 783 1153 quod
814 1078 963 1134 idem
992 1083 1096 1150 est,
1129 1096 1199 1134 an
1234 1077 1451 1154 possint
1482 1096 1605 1136 eam
1636 1081 1960 1138 examinare
1988 1087 2041 1139 et
2064 1082 2149 1157 ju-

236 1177 442 1249 dicare,
473 1178 635 1252 quasi
664 1178 850 1234 adhuc
872 1180 1070 1234 incerta
1092 1182 1146 1234 et
1167 1178 1321 1234 dubia
1344 1178 1508 1234 foret.
1528 1178 1682 1244 Quod
1701 1198 1826 1236 eam
1851 1179 2148 1254 discutere,

235 1295 365 1333 eum
394 1278 625 1334 Patrum
667 1277 894 1353 seriptis
930 1276 1184 1334 conferre
1221 1284 1274 1335 et
1320 1285 1725 1335 consonantem
1769 1281 2151 1339 demonstrare

235 1380 372 1434 licite
402 1379 643 1450 valeant,
686 1380 755 1435 ad
787 1380 920 1436 lum'o
945 1381 1103 1453 finem
1137 1387 1196 1436 ut
1237 1380 1415 1436 devios
1444 1382 1504 1436 ab
1536 1399 1720 1437 errore
1753 1383 2031 1450 reducant,
2062 1399 2154 1439 ne-

236 1483 329 1550 gat
360 1496 548 1535 nemo.
588 1478 647 1534 Id
675 1497 857 1534 unum
890 1497 1187 1553 negamus,
1216 1498 1381 1555 posse
1405 1498 1498 1537 eos
1528 1481 1730 1554 dejure
1759 1480 1918 1537 illam
1952 1483 2154 1538 dubiam

238 1596 577 1634 errmzeamve
623 1579 852 1648 habere,
893 1597 1058 1655 posse
1088 1597 1182 1635 eos
1236 1580 1299 1635 de
1321 1579 1443 1652 jure
1473 1580 1540 1636 ab
1580 1598 1642 1636 ea
1677 1581 1974 1639 dissentire.
2009 1581 2155 1640 Hane

238 1696 405 1752 porro
426 1676 798 1733 dissentiendi
829 1677 1149 1735 libertatem
1168 1677 1443 1735 Bossuetii
1476 1679 1771 1737 citationes
1797 1699 2155 1756 nequaquam

240 1779 499 1852 probant.
533 1777 587 1832 ‘1⁰
637 1777 774 1833 Eam
818 1796 932 1834 non
974 1779 1243 1854 supponit
1268 1798 1451 1853 neque
1483 1779 1679 1855 probat
1710 1780 2014 1856 postulatio
2044 1782 2155 1838 haeo

234 1879 552 1950 legatorum
590 1877 829 1933 Romani
868 1877 1152 1934 Pontifieis
1183 1899 1193 1932 z
1229 1879 1386 1935 Dicat
1416 1879 1690 1950 Tarasius,
1733 1881 1873 1937 dicat
1903 1882 2153 1954 synochw,

238 1979 284 2033 si
322 1979 611 2033 consentiat
642 1976 836 2031 litteris
870 1976 1155 2047 Hadriani,
1197 1996 1266 2032 cm
1301 1997 1429 2033 non.
1458 1978 1594 2034 Nam
1617 1979 1685 2034 ad
1723 1982 1828 2037 hoe
1856 1980 2157 2037 concilium
2259 1996 2262 2058 t

241 2077 554 2132 habebatur
579 2082 641 2132 ut
667 2075 903 2148 quaestio
932 2076 1049 2132 haee
1072 2075 1140 2132 de
1171 2076 1539 2149 imaginibuS‚
1572 2097 1601 2133 a
1627 2078 1876 2134 Romano
1896 2080 2161 2136 Pontitiee
2261 2063 2262 2084 ³

233 2176 352 2249 jam
394 2173 645 2243 definita,
688 2173 1046 2229 conciliariter
1069 2174 1238 2230 etiarn
1284 2175 1634 2232 definiretur.
1680 2177 1848 2233 Porro
1882 2178 1951 2233 ad
1986 2178 2042 2233 id
2066 2195 2160 2235 ne-

239 2292 388 2331 eesse
416 2279 534 2329 erat
568 2280 630 2330 ut
657 2273 866 2347 singuli
901 2273 1089 2330 Patres
1128 2273 1469 2330 sententiam
1500 2266 1662 2330 suam
1691 2275 1974 2345 dicerent3
2016 2283 2068 2334 et
2102 2277 2158 2334 in

239 2372 506 2429 omnibus
539 2371 795 2428 conciliis
821 2371 1144 2447 postulatur
1163 2372 1466 2430 aPatribus
1496 2378 1560 2429 ut
1590 2375 1927 2432 sententiam
1949 2375 2154 2435 dicant.

238 2478 333 2532 Ast
371 2493 434 2530 ex
458 2492 522 2529 eo
555 2473 702 2546 quod
733 2474 800 2529 ab
839 2473 976 2548 ipsis
1016 2473 1298 2530 sententia
1335 2479 1581 2547 petatur,
1606 2492 1719 2531 non
1747 2476 2003 2551 sequitur
2025 2476 2157 2553 ipsis
2186 2482 2196 2490 '

243 2574 412 2632 tribui
470 2575 759 2630 libertatem
793 2574 1135 2630 dissentiendi
1180 2591 1210 2629 a
1244 2572 1402 2630 Sedis
1446 2573 1764 2649 apostolieae
1814 2574 2152 2632 definitione.
2194 2581 2198 2584 ’

237 2677 378 2733 Sane
408 2676 465 2732 in
492 2675 757 2751 pluribus
782 2674 1060 2746 conciliis,
1091 2674 1300 2750 praevio
1328 2692 1358 2730 a
1379 2674 1638 2731 Patribus
1667 2676 2018 2751 postulatum
2055 2681 2155 2748 est,

239 2796 312 2834 an
360 2774 773 2851 primi-Nicaeni
818 2773 1044 2830 concilii
1078 2773 1400 2849 symbolum
1437 2773 1820 2832 admitterent.
1856 2776 1991 2841 Quis
2035 2793 2156 2833 vero

237 2876 479 2934 somniet
512 2894 609 2951 per
644 2875 809 2932 istam
846 2874 1358 2949 expostulationem
1397 2874 1534 2949 ipsis
1571 2875 1846 2932 tributam
1877 2895 1906 2933 a
1941 2876 2156 2933 Nicaena

237 2978 342 3034 fide
362 2974 739 3034 dissentiendi
761 2974 1118 3030 libertatem?
1149 2971 1252 3038 Qui
1279 2972 1532 3046 negative
1563 2975 2005 3050 respondissent,
2036 2980 2198 3057 tan-d

238 3097 409 3154 quam
439 3076 691 3134 haeretiei
736 3074 955 3151 expulsi
998 3073 1260 3131 fuissent.
1287 3074 1502 3130 Pariter
1535 3074 1592 3131 in
1626 3075 1891 3150 praesenti
1925 3077 2152 3154 synold0‚

237 3179 283 3234 si
310 3177 571 3235 Tarasius
604 3184 657 3235 et
684 3176 780 3233 alii
810 3175 1060 3249 negative
1094 3173 1550 3251 respondissent,
1588 3194 1684 3233 eos
1714 3176 2046 3235 habuissent
2063 3176 2154 3233 Le-

235 3276 347 3348 gati
380 3274 655 3332 Pontifieii
694 3279 970 3348 tanquam
1005 3271 1338 3340 haereticos3
1381 3278 1433 3330 et
1481 3272 1528 3330 si
1570 3273 1863 3348 pluralitas
1915 3274 1992 3332 ita
2021 3274 2157 3349 judi·
2188 3267 2196 3271 ’

238 3382 424 3450 cassel,
455 3374 587 3432 huie
626 3373 864 3431 coneilio
915 3389 1210 3430 assensum
1257 3389 1428 3428 suum
1465 3372 1833 3448 denegassent
1862 3373 2035 3430 iidem
2063 3373 2154 3429 Le-

236 3476 382 3547 gati3
445 3494 550 3533 nee
609 3476 751 3534 foret
806 3474 1113 3533 concilium
1171 3472 1613 3545 oecumenicum,
1679 3474 1777 3532 sed
1841 3472 2151 3531 latrociniis
2183 3513 2186 3515 >

237 3571 729 3632 adnumeraretur.

262 3754 267 3757 .
314 3667 369 3722 2⁰
402 3668 592 3742 Neque
629 3671 999 3730 dissentiendi
1034 3668 1352 3728 libertatem
1387 3671 1590 3746 probat
1632 3687 1964 3745 responsum
1991 3669 2150 3725 Tara-
