2262 3990
235 152 324 200 496
915 139 1212 188 TRACTATUS
1242 139 1309 187 DE
1339 140 1487 188 PAPA.

235 265 429 318 vocata
460 255 615 311 illius
643 249 844 324 judicii
871 249 1128 322 veritate,
1164 248 1499 306 ostendatur
1524 248 1901 308 nihilominus
1931 253 2049 326 ejus
2070 271 2159 312 ve·
2199 297 2203 300 -
2247 324 2250 326 v

235 357 373 411 ritas
397 351 466 406 iis
506 348 606 422 qui
631 365 757 404 eam
798 354 1028 420 negant,
1058 365 1122 404 ac
1154 346 1409 421 ejusdem
1433 364 1566 404 cum
1594 345 1763 404 Sacra
1798 347 2082 423 Scriptura
2107 357 2158 409 et

234 448 539 507 traditione
565 446 956 518 conformitaS,
986 452 1166 521 utque
1192 446 1507 504 solemnius
1525 447 1943 523 promulgetur,
1971 453 2026 505 et
2048 449 2160 506 effi-

235 547 426 606 cacius
451 547 522 604 ad
543 545 946 603 executionem
972 545 1311 603 deducatur.
1341 544 1498 610 Quod
1527 547 1634 602 hoc
1658 532 1963 622 posteriori
1999 551 2160 611 modo

236 648 526 704 retractari
552 645 730 720 possit
753 645 986 719 aliquod
1009 644 1317 720 judicium,
1346 651 1397 702 et
1419 645 1481 701 in
1507 645 1837 721 particulari
1865 646 2054 720 aliqua
2070 649 2160 708 de-

236 747 418 804 finitio
451 746 794 820 dogmatica,
831 746 946 803 sive
976 765 1006 802 a
1044 747 1316 803 Romanis
1349 746 1739 818 Pontificibus,
1780 746 1894 828 sive
1929 747 2099 805 etiam
2131 769 2160 809 a

229 847 490 905 conciliis
519 847 888 904 oecumenicis
908 849 1295 923 pronuntiata,
1315 855 1535 906 constat
1557 867 1622 906 cx
1642 848 1973 923 quotidiano
1994 849 2157 908 facto,

229 949 526 1006 Enimvero
573 948 835 1005 doctores
886 949 1173 1019 catholici,
1235 956 1297 1006 ut
1334 956 1588 1007 errantes
1629 950 1926 1007 haereticos
1970 950 2039 1007 ad
2076 969 2159 1008 sa-

230 1048 391 1105 niora
427 1049 728 1118 reducant,
763 1048 916 1123 ipsos
958 1048 1130 1104 etiam
1169 1047 1301 1104 fidei
1329 1048 1625 1118 articuIOS,
1660 1066 1689 1103 a
1718 1047 1976 1105 conciliis
2017 1067 2161 1106 oecu—

159 1193 163 1197 .
232 1148 471 1205 menicis
506 1148 792 1217 definitos,
844 1147 913 1203 ad
964 1147 1159 1204 crisim
1207 1154 1440 1216 vocant3
1477 1166 1540 1205 eo
1580 1167 1784 1225 nempe
1815 1149 2053 1206 consilio
2105 1154 2164 1206 ut

226 1248 399 1304 variis
427 1237 781 1321 argumentis
812 1245 1206 1302 demonstrent
1225 1264 1422 1303 eorum
1442 1247 1816 1303 articulorum
1835 1248 2159 1320 veritatem,

228 1352 278 1403 et
311 1345 769 1402 contradicentes
796 1344 866 1401 ad
898 1345 1242 1419 ejiciendum
1268 1363 1517 1402 errorem
1544 1329 1711 1402 suum
1743 1345 1991 1418 adigant.
2023 1345 2161 1410 Quis

226 1463 392 1519 porro
426 1463 685 1518 unquam
716 1445 1025 1502 somniavit
1059 1464 1089 1501 a
1126 1445 1294 1502 dictis
1329 1445 1661 1501 doctoribus
1708 1451 1983 1518 tanquam
2015 1443 2162 1504 falli-

229 1545 373 1601 biles
430 1545 625 1601 haberi
681 1544 959 1619 ejusmodi
1015 1544 1390 1602 conciliorum
1438 1544 1918 1601 oecumenicorum
1962 1545 2160 1604 defini-

230 1645 436 1716 tioneS,
471 1663 535 1700 ex
575 1663 638 1701 co
673 1645 823 1719 quod
851 1663 944 1702 eas
981 1646 1061 1702 sic
1090 1646 1427 1702 retractent?
1462 1644 1638 1719 Igitur

308 1743 373 1797 ΙΙ.
412 1743 466 1798 Si
494 1743 739 1818 praefatae
764 1744 1217 1816 retractationeS,
1250 1743 1309 1798 in
1338 1744 1615 1819 Ephesino
1638 1752 1691 1802 et
1730 1745 2162 1806 Chalcedonensi

232 1843 486 1898 conciliis
534 1843 716 1914 factae,
767 1845 880 1901 sint
926 1845 1258 1920 posterioris
1296 1845 1539 1917 generis,
1587 1845 1729 1901 nihil
1776 1846 2007 1905 omnino
2036 1866 2161 1923 pro-

232 1941 366 1996 bant
387 1948 583 1997 contra
611 1940 1006 1998 definitionum
1034 1944 1115 1999 sic
1138 1949 1572 2000 retractatarum
1603 1944 2161 2016 infallibilitatem,ut

233 2045 403 2113 patet.
443 2040 612 2095 Porro

310 2138 401 2194 Ill.
433 2138 492 2192 In
522 2138 688 2194 dictis
721 2139 950 2213 synodis
975 2145 1291 2196 retractatze
1318 2144 1449 2196 sunt
1476 2139 1530 2195 S.
1565 2139 1850 2196 Caelestini
1873 2149 1924 2198 ct
1945 2141 1999 2197 S.
2038 2141 2166 2198 Leo·
2198 2141 2202 2143 ’

231 2235 320 2291 nis
356 2235 732 2308 definitiones,
766 2256 880 2292 non
904 2243 967 2292 ut
995 2237 1410 2311 expenderetur
1436 2255 1575 2290 num
1605 2245 1793 2293 essent
1823 2238 2164 2311 corrigendae

230 2354 292 2391 ac
314 2336 622 2407 mutandae,
654 2335 750 2393 sed
780 2338 1074 2393 dumtaxat
1106 2341 1169 2392 ut
1199 2336 1445 2392 haeretici
1471 2336 1538 2391 dc
1565 2354 1759 2392 earum
1783 2338 2021 2396 veritate
2039 2357 2164 2396 con-

229 2435 621 2504 vincerentur,
659 2442 886 2494 ostensa
909 2456 1008 2512 per
1035 2436 1346 2511 pleniorem
1375 2435 1531 2492 illam
1565 2454 1628 2493 ac
1649 2438 2051 2494 solemniorem
2082 2438 2163 2494 in·

230 2536 657 2608 vestigationem
688 2555 750 2592 ac
776 2537 1255 2593 concertationem
1283 2554 1478 2593 earum
1506 2535 1901 2594 conformitate
1928 2555 2058 2594 cum
2082 2556 2188 2595 sa·-

233 2633 342 2689 cris
369 2635 588 2708 paginis
617 2642 670 2692 et
694 2655 825 2692 cum
847 2641 1117 2712 perpetua
1150 2636 1594 2692 orthodoxorum
1618 2637 1848 2692 Patrum
1886 2636 2157 2693 doctrina.
2198 2672 2204 2676 ·

239 2733 518 2806 Legantur
550 2734 768 2809 integra
813 2735 1043 2792 illarum
1087 2736 1434 2811 synodorum
1471 2742 1613 2807 acta,
1653 2743 1706 2793 et
1754 2737 1901 2792 nihil
1936 2736 2157 2792 omnino
2197 2722 2202 2727 ⁸

233 2832 549 2907 reperietur
576 2835 725 2907 quod
756 2835 925 2891 aliam
957 2841 1230 2905 mentem,
1270 2854 1505 2910 scopum
1536 2836 1712 2892 alium
1746 2844 1965 2909 arguat.
1994 2837 2158 2894 Immo

236 2931 399 3007 plura
432 2939 738 2989 occurrunt
767 2951 831 2989 ex
854 2933 1061 3007 quibus
1085 2934 1421 2991 manifestus
1440 2935 1502 2991 fit
1531 2941 1779 2992 assertus
1802 2955 1832 2991 a
1856 2936 2019 2993 nohis
2047 2953 2158 2993 sco·

235 3050 361 3106 pus,
402 3031 463 3086 In
485 3031 925 3089 Chalcedonensi
957 3033 1218 3104 concilio,
1251 3032 1404 3090 verbi
1429 3033 1631 3106 gratia,
1664 3033 1808 3090 lecta
1838 3035 2020 3091 sancti
2039 3034 2158 3090 Leo·

231 3130 322 3188 nis
359 3131 620 3205 epistola,
653 3132 1043 3188 exclamarunt
1078 3132 1266 3188 Patres
1298 3132 1556 3188 unanimi
1593 3150 1721 3189 voce
1753 3154 1763 3187 :
1801 3132 1927 3189 Haec
1957 3138 2159 3207 aposto-

231 3229 404 3285 lorum
428 3230 587 3302 Ῑίιῖεε,
616 3230 808 3288 Petrus
853 3249 947 3305 per
984 3230 1211 3287 Leonem
1245 3231 1450 3287 locutus
1482 3238 1580 3287 est.
1627 3230 1691 3288 Et
1718 3230 2010 3287 dumtaxat
2040 3230 2157 3305 post

230 3328 389 3385 illam
414 3330 884 3387 exclamationem
915 3335 1096 3405 coepta
1119 3337 1203 3388 cst
1235 3330 1486 3405 epistolae
1508 3329 1789 3386 discussio
1829 3349 1931 3387 seu
1959 3334 2161 3386 retrac-

234 3427 394 3484 tatio.
427 3429 531 3486 Ubi
560 3429 737 3504 videS,
767 3448 860 3486 eos
891 3429 1189 3507 epistolam
1221 3433 1576 3499 retractasse,
1606 3428 1736 3485 licet
1766 3428 1877 3502 jam
1908 3445 2009 3502 pro
2034 3440 2159 3481 vera

242 3530 294 3579 et
321 3529 629 3586 orthodoxa
671 3531 943 3587 haberent
977 3529 1293 3586 doctrinam
1330 3528 1389 3583 in
1415 3547 1479 3585 ea
1507 3534 1854 3586 contentam.

317 3621 399 3676 IV.
427 3626 644 3683 Absone
668 3647 907 3703 prorsus
936 3628 1204 3685 Gallicam
1233 3626 1553 3713 systematis
1580 3631 2018 3702 propugnatores
2045 3619 2158 3677 dic-
