2306 4010
308 187 397 235 182
518 181 527 191 “
979 176 1278 228 TRACTATUS
1310 177 1376 223 DE
1407 177 1553 226 ΡΑΡΑ.

308 314 432 354 nam
474 305 522 352 et
554 297 948 366 firmamentum
988 284 1256 356 veritatis,
1294 290 1583 359 acceptam
1619 291 1948 346 constanter
1970 294 2222 367 teneant,
2294 310 2306 337 2-

316 398 658 452 memoratos
697 388 946 443 librosm
991 382 1267 440 damnare
1316 382 1698 442 decrevimus.
1742 406 1770 439 »
2145 445 2148 447 ,
2301 376 2306 445 ]

384 493 522 544 Item
554 487 613 542 in
646 475 805 540 Bulla
837 498 950 556 qua
972 478 1104 540 Pius
1141 478 1210 538 IX
1245 479 1676 541 immaculatam
1708 482 2140 561 Conceptionem
2170 465 2234 545 ut
2299 493 2306 525 ²

310 582 615 642 articulum
658 579 793 637 -fidei
853 578 1191 637 credendam
1246 579 1515 653 decrevit,
1566 579 1865 656 infallibilis
1915 582 2236 642 declaratur
2281 571 2294 603 ’Δ

310 683 474 740 Sedes
508 678 813 754 apostolica
843 679 992 755 (vide
1026 679 1085 735 in
1109 679 1393 737 Breviario
1417 679 1689 738 lectiones
1726 681 1927 739 exista
1958 681 2116 739 bulla
2137 683 2235 744 de·
2263 594 2306 815 Ἰ

314 786 593 853 sumptaS,
624 777 682 834 in
708 777 851 836 festo
891 777 1274 836 Immaculatae
1306 778 1702 855 Conceptionis
1727 786 1781 837 et
1803 798 1908 856 per
1941 770 2232 856 octavam).
2302 821 2306 846 .

382 877 446 931 ΙΙ.
486 876 609 933 Non
641 877 832 934 minus
869 883 1089 934 certum
1132 883 1215 934 est
1252 877 1561 935 Ecclesiam
1604 879 1720 936 sive
1754 878 2092 954 dispersam,
2123 880 2257 940 sive-

309 976 368 1031 in
410 975 664 1032 conciliis
714 983 1138 1051 congregatam,
1177 975 1282 1033 etsi
1308 976 1633 1034 doctrinam
1669 977 1830 1034 illam
1851 977 2236 1036 Romanorum

304 1073 666 1145 Pontificum,
716 1092 828 1148 qua
868 1074 978 1132 sihi
1013 1075 1482 1139 infallibilitatem
1514 1076 1804 1149 tribuunt,
1839 1077 2097 1153 apprime
2141 1097 2239 1135 no·

307 1183 423 1232 tam
455 1175 740 1248 habuerit,
778 1194 1077 1251 nunquam
1099 1183 1288 1235 tamen
1323 1175 1588 1251 rejecisse
1622 1181 1720 1234 aut
1745 1181 1942 1234 contra
1973 1195 2100 1254 eam
2120 1195 2239 1236 esse

309 1279 697 1349 protestatam.
747 1273 917 1330 Citari
947 1279 1173 1331 tantum
1210 1278 1395 1349 potest
1429 1273 1864 1331 Constantiense
1908 1275 2237 1347 concilium,

306 1375 456 1450 quod
484 1375 715 1450 quidem
742 1375 1089 1433 sessionibus
1116 1380 1320 1449 quarta
1339 1380 1394 1432 et
1421 1374 1645 1449 quinta,
1668 1374 1986 1433 inauditam
2014 1378 2125 1433 huc
2148 1395 2242 1432 us—

309 1493 419 1549 que
453 1474 769 1550 oppositam
817 1473 1145 1549 opinionem
1196 1471 1418 1530 edicere
1467 1491 1672 1530 ausum
1705 1478 1828 1529 est:
1856 1480 1911 1530 at
1936 1473 2243 1530 oecumeni-

313 1591 445 1628 cum
472 1580 609 1629 tunc
635 1591 749 1628 non
793 1578 911 1629 erat
942 1597 952 1641 ;
993 1590 1097 1630 nec
1134 1572 1494 1647 recipiuntur
1530 1572 1735 1628 harum
1786 1571 2106 1637 sessionum
2149 1572 2242 1629 de÷

311 1679 487 1742 creta,
512 1674 610 1729 sed
629 1691 730 1747 pro
750 1673 1003 1729 erroneis
1021 1679 1074 1730 et
1098 1673 1373 1747 tanquam
1395 1679 1797 1730 monstruosus
1819 1671 2245 1729 dissensionum

315 1769 486 1843 hujus
517 1773 786 1846 temporis
808 1773 977 1829 foetus
1007 1779 1381 1848 respuuntur.
1415 1773 1540 1828 Jam
1571 1790 1723 1841 vero,
1753 1771 1800 1827 si
1835 1788 2072 1828 erronea
2100 1770 2245 1827 foret

318 1866 466 1924 dicta
503 1867 887 1926 Romanorum
925 1870 1262 1927 Pontificum
1289 1871 1356 1927 de
1400 1887 1499 1926 sua
1532 1868 1937 1926 infallibilitate
1963 1868 2243 1936 doctrina,
2303 1917 2306 1946 i

315 1987 429 2026 non
457 1970 642 2044 potuit
674 1969 921 2026 Ecclesia
948 1971 1026 2026 ita
1061 1970 1230 2027 silere
1273 1976 1328 2027 et
1362 1968 1577 2027 silendo
1605 1968 1910 2037 assentire;
1946 1968 2080 2041 quia
2112 1974 2249 2024 tunc
2302 1955 2306 1995 ⁴·

319 2067 559 2143 ipsamet
589 2068 846 2126 desiisset
875 2086 996 2125 esse
1030 2069 1297 2126 columna
1329 2074 1383 2126 et
1415 2069 1840 2125 firmamentum
1875 2067 2154 2140 veritatis,
2195 2071 2250 2124 et
2303 2050 2306 2086 ἶ

316 2172 494 2241 portae
513 2166 679 2222 inferi
705 2167 974 2223 adversus
1002 2186 1125 2225 eam
1151 2166 1600 2242 praevaluissent,
1631 2171 1829 2241 utpote
1848 2183 1974 2238 quae
2000 2183 2253 2222 errorem

322 2264 745 2337 gravissimum,
777 2271 832 2321 et
865 2265 1169 2340 ipsiusmet
1211 2264 1641 2322 constitutionis
1685 2263 1943 2320 Ecclesiae
1971 2262 2252 2320 subversi-

319 2381 454 2419 vum
489 2363 804 2434 tolerasset,
835 2342 1211 2440 permisisset,
1254 2370 1308 2421 et
1341 2363 1562 2421 silendo
1602 2362 1903 2420 admittere
1935 2362 2050 2419 visa
2085 2370 2250 2420 esset.

316 2462 437 2519 lmo
462 2480 575 2518 non
605 2468 826 2520 tantum
859 2463 1111 2522 siluisset
1137 2488 1146 2532 ;
1173 2462 1268 2521 sed
1299 2469 1584 2537 quatenus
1618 2479 1718 2537 per
1748 2479 1921 2534 quam
1946 2461 2254 2517 maximam

324 2561 619 2617 doctorum
647 2580 883 2618 suorum
917 2569 1135 2637 partem
1163 2563 1286 2638 ipsa
1313 2566 1778 2638 repraesentatur,
1817 2577 2070 2616 errorem
2105 2562 2257 2617 hune

324 2658 612 2714 docuisset
637 2677 700 2715 ac
730 2666 1133 2734 propagasset3
1169 2678 1322 2730 curn,
1347 2666 1409 2716 ut
1435 2657 1667 2715 aliunde
1693 2659 1935 2726 certum,
1978 2674 2042 2713 ea
2083 2656 2258 2714 fuerit

328 2759 618 2812 communis
651 2757 947 2814 doctorum
989 2759 1247 2814 omnium
1280 2740 1690 2814 catholicorum
1723 2755 2028 2830 sententia,
2061 2761 2123 2812 ut
2155 2775 2256 2815 suo

326 2861 586 2931 tempore
616 2858 933 2914 testabatur
964 2857 1188 2915 Suarez.
1232 2857 1433 2932 Igitur,
1474 2858 1626 2932 quod
1678 2856 1900 2914 Summi
1938 2855 2252 2928 PontificeS,

328 2972 443 3010 non
482 2954 830 3012 reclamante
870 2955 1138 3029 Ecclesia,
1188 2955 1520 3012 infallibiles
1579 2956 1637 3011 in
1670 2954 1801 3011 fidei
1842 2954 2075 3030 Judiciis
2134 2971 2256 3011 sese

328 3053 779 3127 declaraverunt,
802 3055 1008 3115 evincit
1035 3074 1128 3115 eos
1154 3074 1346 3115 revera
1378 3059 1548 3115 hacce
1575 3054 1942 3133 praerogativa
1981 3053 2253 3112 divinitus
2280 3119 2290 3140 Ἴ.

331 3154 564 3212 donatos
598 3155 795 3214 fuisse.
1139 3145 1142 3150 ¹
