2262 3990
832 169 962 218 PARS
992 167 1195 216 TERTIA.
1864 165 1949 211 671

89 277 275 338 statim
303 294 367 333 ac
396 274 688 332 haereticus
719 291 751 330 a
774 271 1018 346 generali
1054 269 1285 328 concilio
1317 269 1652 338 declaratur,
1686 274 1770 325 est
1801 283 1958 323 mera

88 372 275 449 opinio
314 389 344 427 a
373 367 568 426 multis
603 367 824 442 rejecta,
856 373 910 424 et
947 385 978 423 a
1003 383 1113 440 qua
1157 364 1452 423 dissentire
1479 364 1680 438 cuique
1714 363 1956 422 liberum

90 474 192 526 est.
220 468 335 524 lmo
361 465 465 540 ipsi
489 464 741 521 Suaresio
765 462 954 519 minus
993 460 1296 536 probabilis
1323 466 1404 518 est
1433 460 1621 536 opinio
1647 460 1761 530 illa,
1792 461 1963 535 siqui·

89 564 213 621 dem
235 561 554 636 probabilius
579 558 858 616 existimat
877 557 996 613 dari
1014 574 1126 612 non
1156 574 1316 632 posse
1340 557 1540 632 Papam
1567 555 1819 630 privatim
1850 557 1961 613 hae·

87 660 344 718 reticum.
395 659 570 732 Igitur
610 659 750 714 sacta
790 655 1160 712 declaratione
1198 671 1297 728 per
1338 655 1592 728 generale
1637 654 1960 723 concilium,

85 756 287 831 Papam
327 755 571 829 aliquem
606 770 725 810 esse
766 750 1117 821 haereticum,
1170 767 1517 823 nequaquam
1557 747 1771 807 certum
1806 751 1965 810 fieret

87 854 236 909 hunc
266 854 468 926 Papam
500 867 621 907 esse
645 847 975 923 depositum;
1018 852 1073 902 et
1106 846 1165 901 in
1192 846 1287 901 tali
1313 846 1484 903 dubio
1526 848 1702 923 ipsius
1730 849 1967 906 auctori·

87 950 187 1007 tati
212 950 393 1024 potius
419 952 562 1005 esset
593 946 774 1002 adhuc
806 942 1243 1015 obsequendum.
1272 942 1427 1005 Quod
1453 944 1498 999 si
1525 945 1663 1001 alter
1700 948 1844 1019 Papa
1868 945 1966 1003 eli·

89 1051 331 1120 geretur,
375 1044 582 1101 nedum
622 1046 771 1099 certo
811 1039 1096 1112 legitimus
1142 1039 1305 1110 foret,
1354 1057 1453 1114 pro
1509 1040 1725 1098 intruso
1781 1043 1968 1116 potius

0 1189 1 1210 2
87 1150 233 1201 esset
270 1141 579 1198 habendus.
626 1139 797 1212 Igitur
834 1138 1143 1195 remedium
1185 1137 1568 1211 depositionis,
1597 1159 1627 1195 a
1660 1140 1876 1196 Christo
1898 1141 1967 1197 ad

90 1240 307 1299 concilii
362 1238 790 1296 declarationem
839 1237 1126 1306 faciendae,
1181 1236 1387 1293 nedum
1430 1238 1748 1294 mederetur
1795 1239 1964 1308 male,

94 1339 269 1395 multo
300 1338 459 1411 pejus
496 1335 726 1402 malum,
766 1334 821 1388 id
861 1339 943 1389 est
982 1332 1221 1388 schisma
1259 1333 1761 1398 intricatissimum‚
1804 1334 1967 1391 indu·

98 1440 263 1492 ceret.
306 1432 539 1487 Proinde
577 1430 825 1487 Christus
864 1447 1212 1502 nequaquam
1254 1431 1564 1486 censendus
1609 1438 1691 1487 est
1724 1450 1821 1505 per
1858 1433 1968 1490 tale

99 1528 404 1586 remedium
445 1526 767 1601 providisse.
810 1524 914 1580 Sed
963 1542 1140 1597 neque
1188 1526 1494 1582 censendus
1541 1533 1620 1582 est
1661 1528 1970 1601 providisse

97 1642 196 1699 per
220 1623 527 1680 remedium
546 1621 903 1697 depositionis
921 1621 1248 1678 auctoritate
1267 1623 1489 1678 concilii
1509 1624 1786 1679 faciendae.
1808 1625 1966 1698 Nam,

97 1726 464 1794 praeterquam
499 1718 646 1791 quod
674 1718 1016 1792 impossibile
1053 1725 1134 1773 est
1165 1718 1364 1791 deponi
1408 1721 1606 1794 Papam
1643 1739 1673 1776 a
1709 1722 1963 1790 concili0,

101 1824 164 1874 ut
189 1836 315 1872 mox
340 1817 578 1884 dicetur,
613 1814 659 1870 si
683 1814 948 1889 possibile
978 1817 1138 1884 foret,
1168 1823 1492 1887 sequeretur
1521 1820 1701 1891 majus
1731 1821 1965 1876 malum.

95 1913 231 1969 Nam
258 1914 403 1986 quod
433 1912 678 1968 Christus
704 1913 867 1968 talem
894 1911 1276 1966 auctoritatem
1304 1914 1537 1968 coneilio
1573 1933 1739 1988 supra
1767 1916 1965 1989 Papam

97 2010 413 2066 haereticum
451 2007 763 2075 contulerit,
798 2024 906 2061 non
941 2013 1021 2062 est
1057 2006 1164 2061 nisi
1197 2024 1351 2063 mera
1388 2009 1590 2082 opini03
1628 2013 1968 2069 communis-

95 2106 234 2163 sime
275 2125 303 2161 a
345 2105 661 2161 doctoribus
714 2104 998 2160 catholicis
1046 2105 1275 2176 rejecta,
1329 2106 1441 2161 imo
1494 2126 1618 2179 quae
1670 2110 1967 2167 intrinsece

99 2219 412 2275 repugnans
450 2201 607 2256 facile
644 2201 926 2272 probatur.
964 2199 1133 2270 Igitur
1165 2205 1287 2271 post
1328 2202 1495 2256 talem
1535 2203 1964 2276 depositionem,

100 2315 450 2370 nequaquam
482 2301 695 2352 certum
723 2297 860 2350 foret
891 2295 1087 2368 Papam
1128 2296 1472 2366 haereticum,
1509 2299 1755 2371 primatu
1790 2303 1970 2358 Ponti·

98 2395 223 2451 ficio
251 2394 543 2468 spoliatum
570 2394 762 2458 suisse;
798 2399 850 2448 et
876 2392 971 2464 qui
1008 2392 1127 2464 ejus
1152 2393 1272 2449 loco
1299 2395 1594 2467 eligeretur
1621 2416 1719 2470 pro
1752 2400 1967 2457 intruso

97 2492 394 2547 haberetur
438 2509 467 2546 a
509 2490 729 2559 multiS,
781 2495 834 2545 et
871 2489 1019 2545 licite
1053 2496 1115 2545 ut
1151 2491 1279 2546 talis
1322 2493 1509 2566 respui
1554 2502 1754 2567 posset.
1796 2497 1969 2569 Igitur

98 2604 207 2643 non
241 2586 574 2653 remedium,
620 2584 715 2640 sed
754 2584 1013 2654 schisma,
1054 2586 1306 2642 confusio
1342 2594 1396 2644 et
1439 2588 1707 2645 dissensio
1744 2591 1969 2649 induce·

98 2690 268 2740 retur.
288 2716 364 2724 —
384 2685 436 2740 5⁰
461 2682 665 2738 Nedum
694 2681 1002 2738 censendus
1026 2681 1098 2737 sit
1134 2683 1382 2739 Christus
1414 2686 1714 2758 providisse
1747 2707 1845 2762 per
1875 2690 1967 2747 de-

98 2779 428 2854 positionem
474 2797 504 2834 a
546 2778 779 2835 concilio
823 2777 1160 2846 faciendam,
1216 2779 1515 2836 dicendum
1570 2790 1652 2838 est
1694 2785 1966 2856 ejusmodi

101 2875 409 2931 remedium
434 2893 742 2948 repugnare
762 2893 826 2931 ac
849 2892 967 2931 esse
997 2875 1322 2949 simpliciter
1348 2877 1711 2952 impossibile.
1748 2882 1883 2937 Nam
1919 2883 1966 2939 si

99 2972 240 3047 Papa
267 2971 554 3027 haereticus
586 2972 657 3027 sit
692 2971 1069 3045 deponenduS,
1104 2978 1156 3027 et
1183 2990 1291 3028 non
1310 2973 1427 3045 jam
1455 2975 1758 3048 depositUS‚
1789 2979 1966 3037 adhuc

100 3065 240 3140 Papa
293 3071 396 3132 est,
440 3070 491 3119 et
537 3064 834 3137 primatum
864 3064 1270 3136 jurisdictionis
1315 3068 1513 3124 retinet
1554 3071 1612 3125 in
1668 3073 1962 3132 Ecclesiam

102 3164 435 3219 universam.
476 3161 705 3216 Proinde
744 3161 996 3234 superior
1022 3167 1105 3216 est
1138 3164 1365 3220 cuilibet
1407 3166 1660 3224 Ecclesia}
1691 3173 1963 3247 membru,

104 3266 156 3316 et
179 3258 404 3314 cuilibet
439 3256 765 3312 collectioni.
803 3256 930 3324 Seu,
962 3257 1085 3312 aliis
1125 3260 1396 3330 terminis,
1435 3263 1534 3319 hoc
1563 3265 1682 3338 ipso
1716 3270 1861 3340 quod
1893 3271 1962 3329 sit

105 3354 284 3410 adhuc
325 3354 487 3427 Papa,
527 3360 608 3408 est
641 3355 879 3425 superior
915 3353 1158 3425 quolibet
1188 3356 1420 3412 concilio
1451 3362 1694 3431 generali
1736 3365 1803 3420 ab
1843 3365 1960 3442 ipso

105 3450 371 3522 sejunct0,
408 3456 460 3504 et
486 3447 705 3503 concilii
735 3448 1032 3503 auctoritas
1054 3448 1279 3506 relative
1304 3452 1372 3507 ad
1398 3453 1582 3527 ipsum
1608 3459 1826 3531 inferior
1854 3470 1956 3520 est.

101 3544 265 3601 Porro
309 3552 580 3619 repugnat
632 3551 685 3600 et
735 3543 1061 3618 simpliciter
1104 3544 1446 3621 impossibile
1496 3559 1578 3609 est
1619 3557 1957 3631 superiorem
