2262 3990
617 252 767 300 mmlx
793 252 951 301 mxu
979 251 1311 300 mmmmm
1337 249 1573 299 onmlmn.
1948 248 2036 297 7⁰9

269 352 349 405 55.
376 376 427 386 ·—
450 354 681 397 Declaratio
705 359 887 407 quatuor
908 354 1188 397 articulorum
1212 354 1291 396 fuit
1317 352 1444 396 simul
1466 350 1744 403 mendacium,
1758 355 1902 404 tyran-

321 421 412 463 nica
435 421 682 474 persecutio,
708 427 750 464 et
767 427 887 465 actus
911 422 1158 466 intrusionis
1164 449 1895 467 ...............
1981 419 2034 462 52

265 488 291 541 S
309 488 349 531 6.
387 510 439 521 -
461 489 672 536 Quomodo
696 490 727 532 ii
760 491 834 544 qui
868 491 1088 533 conventui
1122 492 1223 533 anni
1253 490 1357 533 1682
1388 489 1683 539 interfuerant,
1716 499 1905 543 quosque

321 555 402 596 Rex
422 556 472 598 ad
490 557 606 598 sedes
621 557 873 611 episcopales
890 563 1031 612 postea
1049 559 1298 607 nominavit,
1317 569 1424 600 anno
1451 555 1556 598 1693
1578 568 1741 599 summo
1760 556 1899 599 Ponti-

321 623 390 664 fici
407 623 705 676 satisfecerint;
731 630 773 668 et
787 637 840 667 an
860 638 1007 668 eorum
1023 625 1195 679 epistola
1219 626 1346 668 fuerit
1360 638 1460 669 vera
1477 625 1713 668 retractatio
1735 636 1810 666 seu
1829 636 1902 666 re-

317 691 506 742 probatio
529 692 816 735 declarationis
838 693 939 734 anni
956 692 1058 734 1682
1068 720 1893 738 .................
1979 687 2034 731 60

316 757 350 798 1.
376 757 700 803 Praemittuntur
727 761 975 803 documenta
980 788 1897 806 ...................
1982 758 2035 801 60

314 823 366 865 11.
407 825 464 865 An
499 825 674 877 Epistola
698 826 984 875 satisfactoria,
1013 826 1111 867 anni
1150 825 1268 875 1693,
1299 827 1380 868 vim
1409 824 1714 868 retractationis
1752 825 1904 867 habere

365 892 574 933 censenda
593 893 647 935 sit
655 921 1894 939 .........................
1979 890 2032 932 65

371 959 495 1011 Prop.
523 960 575 1000 1·.
595 982 648 991 --
674 961 908 1002 Declaratio
930 960 956 1000 4
985 961 1265 1004 articulorum
1293 974 1378 1003 non
1415 962 1506 1012 fuit,
1544 972 1621 1002 nec
1651 972 1674 1001 a
1713 958 1909 1001 Romanis

418 1025 686 1068 Pontificibus
703 1032 894 1079 reputata
915 1034 991 1077 est,
1018 1028 1228 1070 decretum
1245 1028 1347 1082 fidei
1369 1040 1450 1080 quo
1476 1028 1687 1070 voluerint
1711 1027 1903 1080 gallicani

423 1093 624 1142 praesules
646 1093 807 1135 animas
823 1095 875 1135 ad
902 1097 1157 1137 credendum
1177 1095 1459 1147 constringere
1469 1126 1897 1139 .........
1982 1093 2035 1134 65

366 1157 654 1210 Prop.11·.-
671 1160 781 1202 Licet
801 1161 1024 1204 declaratio
1041 1169 1221 1215 quatuor
1233 1163 1502 1204 articulorum
1517 1173 1599 1203 non
1616 1162 1747 1204 fuerit
1761 1162 1901 1203 decre-

414 1226 502 1262 tum
522 1223 637 1277 fidei,
656 1226 738 1267 fuit
764 1232 903 1268 tamen
921 1240 1067 1269 verum
1090 1240 1137 1269 ac
1153 1228 1322 1280 proprie
1342 1227 1501 1269 dictum
1519 1227 1843 1269 decretum..
1983 1223 2034 1265 66

363 1289 492 1343 Pr.op
521 1292 611 1332 111·.
644 1315 695 1324 —
730 1294 1000 1348 Summopere
1033 1295 1243 1348 displicuit
1277 1296 1369 1336 Sedi
1400 1294 1764 1347 apost01i0ae‚non
1779 1255 1906 1344 quod

418 1357 615 1407 gallicani
635 1363 835 1412 praesules
863 1363 1078 1404 decretum
1107 1363 1233 1403 edere
1258 1361 1607 1414 praesumpserint
1632 1359 1905 1402 conscientias

412 1425 463 1465 ad
487 1427 740 1468 credendum
767 1430 1053 1482 obstringens3
1076 1431 1148 1471 sed
1176 1430 1216 1470 1ο
1240 1431 1351 1482 quod
1374 1430 1547 1482 professi
1581 1433 1722 1470 essent
1751 1428 1900 1468 falsam

414 1505 460 1533 ac
491 1497 794 1547 reprobandam
827 1504 1008 1550 quatuor
1030 1499 1304 1540 articulorum
1334 1498 1586 1548 doctrinam;
1611 1496 1660 1537 2·
1679 1497 1791 1550 quod
1816 1508 1906 1538 eam

411 1561 647 1604 doctrinam
670 1565 953 1607 declarassent
976 1578 1050 1618 per
1075 1568 1253 1607 sormam
1283 1566 1455 1614 decreti,
1478 1566 1520 1606 id
1550 1570 1626 1614 est,
1654 1570 1703 1606 ut
1729 1570 1838 1606 esset
1859 1565 1903 1605 in

410 1628 563 1671 scholis
584 1643 628 1671 ac
648 1632 814 1685 scriptis
838 1633 1082 1686 obligatoria
1093 1655 1891 1679 ................
1979 1631 2029 1672 68

357 1693 486 1747 Prop.
502 1696 522 1736 1
529 1696 586 1737 Vn
600 1717 655 1728 -
671 1698 788 1739 Falso
812 1700 988 1740 asseruit
1008 1701 1258 1750 Bossuetius,
1277 1701 1371 1741 Sedi
1394 1701 1626 1751 apostolicae
1644 1699 1902 1752 displicuisse

409 1760 624 1803 dumtaxat
639 1766 747 1815 quod
764 1766 959 1816 gallicani
985 1768 1190 1817 praesules
1212 1767 1427 1807 decretum
1449 1767 1498 1806 de
1519 1766 1601 1806 fide
1625 1765 1899 1806 conscientias

404 1829 696 1881 constringens
715 1831 854 1883 (prout
878 1834 964 1884 ipsa
980 1844 1155 1873 erronee
1175 1831 1447 1879 existimabat)
1468 1831 1590 1872 edere
1605 1831 1896 1883 przesumpsis-

406 1901 514 1943 sent;
531 1907 665 1948 neque
676 1898 790 1940 aliud
803 1911 826 1939 a
839 1900 1065 1940 nominatis
1080 1901 1334 1952 postulatum
1347 1911 1471 1950 quam
1483 1904 1527 1939 ut
1541 1897 1745 1948 ejusmodi
1758 1899 1900 1939 decre-

401 1966 490 2001 tum
518 1964 786 2005 conscientias
811 1967 863 2006 ad
884 1967 1143 2007 credendum
1163 1966 1454 2016 constringens
1476 1969 1770 2011 retractarent,
1789 1965 1854 2004 vel
1871 1977 1894 2004 a

399 2034 542 2070 mente
569 2043 643 2071 sua
670 2033 855 2073 alienum
888 2033 1017 2074 fuisse
1046 2034 1331 2081 declararent;
1362 2038 1403 2074 et
1427 2033 1600 2073 tandem
1631 2043 1714 2072 non
1736 2032 1788 2073 de
1813 2032 1896 2074 alio

399 2109 446 2138 se
477 2099 621 2140 dolore
651 2105 824 2141 testatos
857 2112 948 2142 esse
983 2101 1112 2141 dictos
1146 2101 1398 2150 nominatos,
1421 2112 1548 2152 quam
1577 2102 1687 2151 quod
1706 2113 1895 2141 summus

402 2164 609 2214 Pontifex,
652 2167 702 2206 ob
740 2178 915 2207 erronee
957 2167 1222 2218 suppositum
1250 2166 1457 2217 ejusmodi
1495 2167 1711 2207 decretum
1743 2179 1898 2221 angus-

406 2230 507 2269 tiam
525 2243 668 2282 passus
689 2235 797 2272 esset
805 2260 1887 2278 ......................
1974 2231 2026 2274 69

351 2296 479 2348 Prop.
515 2296 573 2337 V2.
594 2320 647 2327 —
676 2297 957 2339 Satisfactoria
982 2298 1294 2339 nominatorum
1321 2299 1508 2349 epistola,
1537 2311 1660 2340 sensu
1684 2300 1805 2342 obvio
1827 2300 1896 2341 in-

402 2363 579 2410 tellecta,
604 2364 684 2404 fuit
700 2376 797 2405 vera
825 2366 1067 2406 retractatio
1086 2365 1376 2406 declarationis
1397 2366 1494 2406 anni
1515 2365 1618 2407 1682
1628 2397 1884 2410 ......
1973 2368 2022 2408 72

333 2431 461 2483 Prop.
493 2431 571 2470 1³1⁸.
600 2451 653 2460 —
684 2431 964 2472 Satisfactoria
1000 2432 1188 2483 epistola,
1227 2434 1346 2485 juxta
1378 2432 1589 2474 intentum
1618 2434 1821 2475 Bossuetii
1851 2439 1894 2475 et

406 2497 584 2538 aliorum
603 2497 674 2549 qui
692 2509 783 2538 eam
805 2498 1165 2546 concinnaverant,
1189 2510 1272 2539 non
1291 2499 1372 2539 fuit
1396 2500 1643 2551 retractatio,
1663 2501 1734 2542 sed
1752 2501 1889 2548 sraus;

406 2577 487 2617 qua
521 2570 659 2606 tamen
692 2565 841 2606 fraude
870 2577 952 2607 non
985 2566 1023 2606 ei
1059 2566 1257 2606 adimitur
1285 2566 1344 2607 vis
1375 2567 1682 2608 retractationis
1724 2567 1893 2620 proprie

396 2633 517 2674 dictae
528 2662 1879 2679 ...........................
1969 2634 2018 2674 75

194 2700 283 2741 Cir.
309 2700 374 2740 XI.
411 2723 460 2729 -
491 2699 617 2740 Nihili
640 2700 826 2741 facienda
841 2705 903 2741 est
928 2701 1152 2741 auctoritas
1173 2701 1332 2752 aliquot
1355 2700 1608 2742 Jesuitarum
1634 2702 1790 2750 Galliae,
1813 2701 1885 2754 qui

247 2770 426 2818 quatuor
449 2765 635 2807 articulis
658 2770 700 2807 et
717 2766 943 2807 extensioni
958 2766 1129 2818 regalia}
1158 2766 1425 2808 adhaeserunt
1433 2797 1879 2810 ..........
1970 2766 2017 2805 77

246 2834 270 2885 g
291 2833 328 2874 1.
354 2857 407 2863 —
431 2835 518 2881 Quo
552 2846 600 2875 ex
636 2834 741 2875 libro
764 2834 1008 2875 documenta
1036 2834 1297 2886 potissimum
1327 2834 1697 2887 desumpserimus,
1725 2839 1766 2874 et
1790 2846 1884 2886 quze

299 2900 429 2940 fuerit
465 2900 672 2941 scribendi
699 2902 826 2953 huJus
852 2902 947 2943 libri
976 2902 1202 2945 occasiocss
1241 2931 1881 2946 .............
1968 2901 2019 2942 78

248 2967 273 3018 g
292 2965 337 3010 ’2.
361 2989 415 2998 -
435 2965 603 3007 Jesuitae
626 2967 764 3009 Galliae
782 2969 1015 3010 deliberant
1047 2970 1096 3010 de
1126 2970 1263 3021 aliquo
1291 2969 1367 3009 sibi
1402 2969 1596 3020 eligendo
1616 2968 1787 3020 vicario,
1815 2968 1886 3022 qui

301 3045 374 3074 eos
397 3038 517 3086 regat
542 3035 870 3086 independenter
895 3048 917 3075 a
947 3035 1135 3086 generali
1166 3036 1402 3087 praepos‘ito.
1432 3034 1566 3075 Simul
1593 3035 1796 3087 impedire
1816 3047 1890 3076 co-

298 3107 456 3142 nantur
488 3113 540 3142 ne
566 3106 685 3154 pater
717 3102 924 3152 generalis
955 3102 1105 3153 'tyrsus
1139 3103 1331 3143 Gonzalez
1357 3114 1481 3143 suum
1512 3102 1664 3142 librum
1703 3102 1798 3143 edat
1834 3103 1885 3143 de

301 3170 548 3210 auctoritate
573 3169 803 3219 Pontificia‚
822 3170 956 3221 quoad
973 3170 1274 3212 decernendam
1291 3171 1414 3211 fidem
1428 3170 1632 3212 infallibili
1648 3175 1689 3211 et
1703 3169 1888 3211 conciliis

299 3236 568 3287 generalibus
595 3236 811 3287 superiore
820 3266 1879 3283 .....................
1968 3237 2020 3278 80

249 3304 274 3355 g
289 3303 327 3343 3.
347 3325 398 3332 —
416 3304 544 3349 Quam
564 3303 673 3344 devii
703 3303 854 3343 fuerint
874 3303 995 3344 Pater
1009 3304 1112 3345 dela
1129 3304 1271 3345 Chaise
1291 3310 1333 3345 et
1353 3305 1510 3357 aliquot
1523 3305 1592 3347 alii
1611 3305 1778 3347 Jesuitae
1796 3307 1888 3347 Gal-

302 3367 382 3415 liae,
401 3367 604 3419 panditur
626 3368 885 3409 documentis
900 3381 922 3409 a
939 3369 1144 3410 Cardinali
1169 3371 1363 3411 Sfondrat
1382 3371 1502 3412 editis
1511 3402 1877 3417 ........
1966 3371 2019 3412 94

251 3432 277 3484 S
301 3431 340 3473 4.
357 3455 412 3463 —
430 3433 680 3474 Documenta
695 3445 719 3474 e
736 3435 907 3485 regestis
929 3434 1177 3477 Parlamenti
1201 3437 1443 3479 Parisiensis
1452 3468 1884 3484 .........
1942 3438 2022 3481 166

250 3500 274 3552 g
293 3499 332 3539 5.
348 3523 399 3530 —
420 3500 634 3542 Conclusio
654 3513 703 3542 ex
724 3501 859 3543 allatis
878 3502 1134 3546 documentis
1145 3534 1882 3551 ...............
1922 3506 2020 3549 ·108

199 3565 287 3608 Car.
312 3566 463 3607 x11.-
478 3567 536 3608 Ab
550 3579 658 3609 anno
683 3567 799 3619 1682,
824 3570 1054 3611 communis
1069 3575 1184 3612 extra
1205 3572 1377 3614 Galliam
1392 3573 1622 3626 permansit
1644 3574 1695 3615 de
1717 3573 1887 3615 Romani

251 3633 463 3675 Pontificis
498 3634 791 3678 infallibilitate
825 3637 1028 3681 doctrina.
1057 3638 1106 3680 ln
1133 3640 1258 3682 Gallia
1274 3653 1372 3684 vero
1395 3642 1631 3686 contrarius
1649 3653 1782 3694 error,
1809 3642 1891 3685 etsi
