2306 4010
296 118 352 165 76
960 102 1256 156 TRACTATUS
1287 101 1353 148 DE
1385 101 1529 149 PAPA.

296 226 494 282 multis
520 224 668 294 aliis,
699 219 838 277 mihi
867 208 1274 274 commodata¹.
1306 210 1481 268 Antea
1515 212 1728 270 scilicet
1765 213 2034 270 Romanis
2062 213 2201 270 Pon-

292 325 539 383 tificibus
559 313 880 379 constanter
894 311 1122 370 crimini
1141 311 1467 368 vertebatur
1484 312 1632 386 quod
1654 313 1995 394 denegarent
2014 312 2201 369 bullas
2238 357 2258 361 -

293 424 354 479 ob
379 428 601 495 quatuor
635 415 972 473 articulorum
1006 409 1319 466 doctrinam.
1343 409 1446 465 -Ast
1483 426 1629 466 anno
1661 410 1808 467 1695
1843 411 2050 467 initum
2077 428 2202 466 con-

291 519 482 575 silium
529 518 630 571 hoc
674 513 858 584 ipsum
908 507 1240 581 denegandi,
1286 515 1411 584 post
1463 510 1720 566 obtentas
1762 509 1967 566 bullas.
2018 508 2203 565 Simul

289 622 473 671 autem
511 618 580 666 ut·
606 610 724 664 istae
764 605 933 662 bullae
973 606 1438 679 &incedere-ntur,
1474 610 1618 664 hanc
1654 613 1902 664 mentem
1936 626 2098 664 suam
2135 607 2204 665 de

287 714 477 768 futura
522 708 988 782 interpretatione
1029 709 1135 765 viri
1189 709 1359 767 aulici
1401 709 1794 766 Innocentium
1837 709 1926 764 XII
1968 707 2201 765 omnino

285 812 556 876 celarunt;
579 814 747 882 atque
771 809 847 866 ita
878 810 1130 884 reliquas
1157 810 1540 868 satisfactoriae
1559 811 1732 885 hujus
1754 809 2001 885 epistolae
2018 813 2202 883 partes

286 914 747 983 composuerunt,
796 914 859 964 ut
905 926 1028 964 eam
1062 908 1312 966 Pontifex
1346 909 1580 966 haberet
1615 928 1716 984 pro
1747 926 1875 964 vera
1907 914 1960 964 et
1989 907 2202 963 sincera

287 1013 527 1081 quatuor
571 1006 943 1062 articulorum
982 1012 1034 1064 et
1073 1014 1359 1081 gestorum
1399 1007 1583 1082 quoad
1624 1006 1895 1081 regaliam
1935 1011 2202 1063 retracta-

287 1106 457 1163 tione.
482 1106 655 1179 Igitur
677 1105 909 1181 epistola
931 1106 1050 1176 illa,
1075 1124 1140 1162 ex
1164 1112 1354 1164 mente
1375 1112 1691 1174 auctorum,
1720 1123 1834 1160 non
1862 1104 1967 1160 fuit
1987 1103 2201 1160 sincera

288 1205 606 1262 retractatio
633 1210 877 1278 quatuor
896 1205 1286 1274 articulorum,
1306 1205 1415 1261 fuit
1434 1202 2064 1261 dumtaxat-retractatio
2078 1202 2202 1259 ficta

286 1310 341 1361 ct
382 1304 760 1374 fraudulenta,
812 1303 1092 1377 siquidem
1122 1323 1244 1360 eam
1292 1303 1373 1360 sic
1415 1303 1827 1359 concinnarunt
1860 1308 1923 1357 ut
1955 1300 2204 1356 Pontifex

284 1403 657 1478 deciperetur,
709 1410 761 1460 ct
805 1421 927 1459 eam
966 1421 1067 1478 pro
1115 1403 1334 1459 sincera
1378 1402 1774 1458 retractatione
1810 1401 2104 1475 reciperet.
2136 1432 2203 1440 —

286 1503 340 1557 2⁰
384 1502 533 1557 Dicta
586 1502 741 1558 fraus
789 1521 1150 1575 nequaquam
1198 1502 1293 1558 isti
1337 1501 1586 1577 epistolae
1633 1500 1745 1555 vim
1793 1496 2207 1555 retractationis

290 1597 505 1653 adimit.
542 1599 680 1653 Nam
722 1600 973 1655 Pontifex
1012 1618 1132 1655 eam
1179 1598 1376 1654 habuit
1407 1617 1508 1673 pro
1543 1597 1944 1653 retractatione
1982 1594 2208 1670 proprie

289 1697 456 1768 dicta,
488 1715 590 1753 nec
617 1698 726 1752 nisi
761 1699 829 1753 oh
867 1700 1012 1752 hanc
1044 1717 1204 1753 suam
1237 1697 1661 1772 persuasionem
1695 1696 1877 1751 bullas
1909 1693 2203 1751 concessit.

290 1795 351 1850 Et
410 1796 528 1867 qui·
559 1796 1053 1864 concinnaverant,
1107 1796 1428 1865 voluerunt,
1479 1795 1656 1849 donec
1701 1811 1975 1848 concessae
2024 1793 2206 1847 forent

293 1893 483 1964 bullae,
514 1912 634 1949 eam
667 1914 695 1949 a
722 1893 986 1950 Pontifice
1017 1893 1268 1968 reputari
1305 1911 1493 1948 veram
1530 1891 2004 1947 retractationem.
2041 1889 2208 1944 Porro

294 1999 440 2049 totus
485 1994 653 2067 hujus
706 1994 952 2069 epistolae
1002 1992 1332 2049 doctrinalis
1362 1994 1531 2048 ‘valor
1579 1990 1961 2047 desumendus
2008 1995 2090 2044 est
2141 2006 2206 2044 ex

294 2109 463 2146 sensu
492 2109 659 2164 quem
693 2091 743 2146 ei
779 2091 1044 2147 adnexuit
1074 2091 1242 2146 Sedes
1280 2089 1606 2165 apostolica,
1646 2095 1699 2144 et
1743 2088 1841 2161 qui
1869 2086 2210 2158 caeteroquin

291 2172 375 2246 est
402 2209 602 2247 sensus
645 2191 867 2257 obvius;
904 2209 1015 2245 non
1055 2196 1244 2245 autem
1284 2208 1349 2245 ex
1392 2189 1499 2246 alio
1531 2206 1720 2256 sensu,
1757 2187 2062 2265 diligenter
2094 2191 2210 2241 toto

292 2296 544 2363 tempore
586 2289 980 2362 negotiationis
1015 2289 1208 2358 tacit0‚
1255 2296 1463 2363 etpost
1506 2289 1760 2343 obtentas
1805 2285 1989 2341 bullas
2026 2284 2209 2340 decla-

227 2403 230 2407 ·
294 2396 438 2445 rato,
469 2389 622 2445 Valet
652 2407 782 2462 ergo
810 2388 1068 2463 epistola,
1099 2395 1220 2444 tum
1252 2395 1314 2444 ut
1346 2387 1690 2458 retractatiO,
1719 2393 1840 2441 tuin
1868 2394 1930 2441 ut
1963 2385 2120 2440 fraus
2148 2403 2211 2440 ac

296 2489 584 2562 probrum.

372 2586 431 2640 Et
466 2585 613 2640 idern
653 2585 952 2640 dicendum
991 2585 1057 2640 de
1100 2585 1353 2641 Ludovici
1395 2586 1500 2639 XIV
1547 2585 1802 2660 epistola.
1850 2582 2211 2639 Retractatio-

295 2702 423 2739 nem
459 2684 849 2755 declarationis
888 2684 1136 2740 innuunt
1163 2685 1330 2740 verba
1368 2687 1483 2741 haec
1513 2708 1522 2739 :
1553 2686 1661 2742 J’at
1697 2686 1870 2740 clonne'
1913 2684 1987 2738 les
2027 2683 2214 2738 ordres

292 2786 614 2839 ne'cessaires
641 2785 748 2855 asin
779 2802 876 2856 que
906 2783 980 2838 les
1005 2785 1226 2855 affaires
1256 2793 1533 2840 contemnes
1567 2787 1702 2841 dans
1732 2803 1854 2839 mon
1881 2784 2057 2838 edit...
2092 2799 2214 2837 con-

297 2889 511 2936 cernant
544 2881 594 2936 la
616 2881 942 2937 declaration
973 2884 1106 2955 faite
1134 2901 1233 2954 par
1266 2882 1312 2937 Ie
1338 2882 1509 2954 cleryc'
1537 2885 1606 2938 (lu
1632 2900 1884 2955 royaume
1919 2885 1969 2952 (ὰ
1993 2883 2112 2952 quoi
2139 2882 2215 2936 les

297 2980 661 3049 conjonctures
700 2979 900 3034 cl'alors
935 2980 1220 3035 m'avaient
1255 2980 1441 3051 obliqe')
1480 2981 1682 3034 n'aient
1712 2997 1813 3055 pas
1856 2979 1922 3033 de
1951 2979 2110 3032 suite.
2151 2976 2214 3032 Et

296 3082 487 3132 tamen
511 3077 761 3150 rigorose
784 3077 1100 3150 significant
1129 3078 1350 3145 retrahi·
1375 3078 1670 3134 dumtaxat
1693 3076 1939 3134 edictum
1963 3075 2209 3149 regium,

299 3193 413 3230 non
441 3176 621 3250 ipsam
664 3176 800 3232 cleri
844 3176 1301 3233 declarationem.
1341 3179 1401 3232 ln
1435 3176 1823 3232 concinnanda
1859 3192 2061 3250 nempe
2102 3174 2211 3230 ista

356 3315 409 3372 (l)
439 3317 539 3357 Cum
572 3330 668 3359 mox
702 3318 897 3360 editurus
925 3319 979 3359 sit
1004 3319 1198 3359 laudatus
1225 3319 1269 3363 D.
1300 3318 1426 3359 Gerin
1459 3324 1674 3371 gestorum
1705 3319 1751 3359 in
1776 3317 1956 3359 comitiis
1980 3315 2080 3358 cleri
2114 3317 2212 3357 anni

303 3384 407 3425 1682
431 3397 574 3425 veram
606 3388 845 3437 historiam,
877 3388 927 3428 ad
962 3388 1126 3428 librum
1159 3389 1274 3428 hunc
1307 3389 1446 3440 quoad
1477 3389 1681 3441 praedicta
1711 3389 1976 3435 documenta,
2011 3386 2213 3426 lectorem

303 3453 488 3494 remitto.
507 3454 638 3495 Simul
662 3462 804 3497 autem
832 3457 1091 3498 occasionem
1123 3458 1279 3509 arripio
1311 3459 1505 3499 eumdem
1527 3458 1686 3499 librum
1708 3466 1974 3506 summopere
1997 3465 2214 3495 commen-

305 3522 446 3570 dandi,
476 3529 524 3562 ut
547 3527 641 3574 pote
661 3536 784 3575 quem
804 3527 960 3567 summi
978 3527 1180 3568 momenti
1203 3527 1342 3580 quoad
1363 3540 1453 3568 rem
1471 3526 1732 3576 catholicam,
1756 3524 1807 3564 ob
1829 3523 2076 3565 ditissimam
2096 3536 2212 3573 prm-³

305 3590 451 3631 sertim
468 3589 725 3633 ineditorum
750 3593 1097 3637 documentorum
1122 3596 1297 3648 copiam,
1326 3596 1531 3638 existimo.
