2262 3990
784 133 912 180 PARS
940 131 1178 180 SECUNDA.
1828 130 1913 176 461

82 243 248 300 rouve
268 258 367 316 par
392 240 442 296 le
470 239 611 315 Pape
631 239 723 296 Pie
750 238 857 308 Vll,
886 255 985 314 par
1011 237 1198 311 lequel
1222 237 1303 293 les
1333 234 1804 293 eminentissimes
1833 235 1919 291 in-

82 338 345 396 uisiteurs
374 341 671 412 generaux,
698 355 758 394 se
798 336 1147 393 conformant
1180 337 1596 410 expressement
1626 350 1697 389 au
1735 333 1918 391 decret

45 436 113 492 de
138 435 189 491 la
224 438 412 492 sacree
439 433 834 508 Congregation
859 432 928 489 de
969 417 1177 489 l'lndeit
1207 431 1275 487 de
1301 430 1469 500 1757,
1498 436 1552 487 et
1597 447 1670 486 au
1697 430 1820 486 leur
1853 430 1923 487 de

82 531 211 601 820,
241 531 583 588 declat-erent
612 530 879 605 permises
910 531 940 585 a
967 518 1140 585 Rome
1166 527 1542 602 l’impression
1568 531 1621 583 et
1658 526 1711 583 la
1740 525 1920 600 publi-

0 632 6 693 Ι
75 628 225 684 ation
268 628 589 701 d’ouvrages
627 627 849 684 traitant
892 626 960 682 de
1002 625 1056 681 la
1088 624 1339 681 mobilite
1385 625 1453 680 de
1492 625 1540 680 la
1582 630 1731 680 terre
1764 631 1818 680 et
1852 624 1921 681 de

0 710 5 793 ᾗ
64 724 410 781 'immobilite
442 725 515 780 du
563 722 742 791 soleil,
771 720 922 776 selon
961 720 1229 793 l'opinion
1263 738 1562 776 commune
1598 721 1694 777 des
1745 726 1918 777 astro-

81 838 234 876 omes
275 820 566 875 modemes
618 815 875 890 (Operum
902 814 1263 870 tractantium
1307 814 1374 869 de
1414 815 1723 873 mobilitate
1755 823 1918 873 terrae

74 922 93 971 t
142 915 527 972 immobilitate
563 911 696 968 solis
738 911 895 984 juxta
927 926 1282 966 communem
1314 911 1714 967 modernorum
1742 920 1917 971 astro·

80 1028 332 1067 omorum
362 1009 728 1082 opinionem).
755 1027 782 1059 »

107 1106 428 1161 Docuuemuu
460 1104 567 1161 Vll.
598 1136 680 1152 .—
718 1104 982 1177 Excerpta
1009 1122 1036 1159 e
1068 1103 1402 1172 Caramuele,
1456 1105 1661 1162 Galilaei
1711 1125 1913 1174 coaeve,-

67 1202 210 1257 uibus
227 1202 380 1272 liquet
401 1202 620 1256 decretis
637 1207 815 1255 contra
830 1207 1058 1272 systema
1078 1199 1493 1273 Ceperniccmum
1518 1219 1621 1256 non
1637 1206 1918 1259 accessisse

0 1289 5 1396 'J
82 1299 302 1369 ontificis
346 1316 411 1352 ex
446 1284 708 1353 cathedra'
725 1297 983 1369 loquentis
1008 1299 1400 1362 auctoritatem;
1443 1306 1494 1352 et
1529 1299 1627 1354 hac
1665 1300 1728 1354 (Ie
1759 1317 1917 1355 causa

0 1404 4 1483 i
38 1391 242 1448 licuisse
282 1394 383 1447 ista
419 1393 624 1447 decreta
655 1409 757 1446 non
793 1391 981 1446 habere
1027 1390 1379 1462 infallibiliter
1414 1410 1555 1447 vera.
1580 1426 1649 1434 —
1688 1396 1912 1459 «Quam

0 1493 3 1555 ἔ
37 1489 146 1544 sint
183 1495 345 1544 certae
394 1494 445 1545 et
493 1487 822 1543 indubitatae
858 1487 1263 1544 dectarationes
1301 1489 1753 1553 Cardinalium...
1803 1494 1947 1567 Ego,

67 1586 425 1642 utheritatem
452 1585 750 1659 practicam
776 1603 804 1640 a
836 1585 1167 1659 speculativa
1194 1586 1480 1660 distinguo
1509 1611 1519 1643 :
1552 1596 1606 1645 et
1629 1591 1756 1647 licet
1784 1611 1914 1648 con·

35 1684 200 1740 dendi
225 1684 490 1739 articulos
509 1683 657 1749 fidei,
680 1684 783 1738 hoc
797 1689 878 1738 cst
899 1683 1174 1739 sentiendi
1199 1690 1251 1740 et
1277 1685 1560 1757 credendi,
1581 1695 1909 1761 potestatem

62 1782 131 1836 oli
163 1781 403 1851 Pontifici
439 1798 504 1835 em
541 1781 791 1835 cathedra
826 1780 1054 1851 loquenti
1094 1781 1415 1851 concedam,
1456 1784 1729 1839 condendi
1759 1805 1910 1859 prac-

33 1879 157 1933 tices
200 1877 462 1931 articulos
508 1875 792 1948 loquendi,
830 1876 1087 1947 docendi,
1131 1878 1518 1950 concionandi,
1557 1880 1803 1936 dictandi
1853 1891 1908 1940 et

64 1974 294 2048 perandi
319 1975 708 2030 authoritatem
731 1974 971 2029 concedo
994 1975 1237 2031 dominis
1263 1976 1747 2051 eminentissimis,
1769 2000 1907 2054 quos

34 2070 99 2125 ad
133 2071 384 2127 Ecclesiae
418 2071 665 2143 regimen
693 2071 1000 2145 practicum
1026 2072 1342 2146 ‘adsumpsit
1377 2076 1773 2133 sanctissimus
1817 2079 1910 2135 do-

36 2166 223 2221 minus
262 2175 467 2222 noster.
495 2168 591 2221 Aio
633 2167 953 2221 eorumdem
1005 2169 1397 2224 authoritatem
1433 2188 1550 2225 6556
1599 2173 1907 2246 duplicem,

36 2260 470 2316 interdictoriam
520 2267 571 2316 et
619 2261 1147 2317 condemnatoriam.
1195 2265 1420 2327 Quando
1466 2266 1608 2322 liber
1651 2270 1738 2324 vel
1788 2289 1910 2327 sen-

37 2354 207 2410 tentia
239 2356 580 2424 interdicitur,
610 2373 718 2410 non
759 2356 1028 2412 asseritur
1053 2375 1171 2413 esse
1193 2358 1576 2432 improbabilis
1606 2364 1702 2419 sed
1727 2384 1911 2440 neque

34 2468 152 2506 esse
179 2451 506 2524 probabilis3
541 2452 656 2521 sed,
677 2452 832 2524 jussa
864 2471 1088 2509 manere
1126 2454 1181 2509 in
1209 2456 1382 2527 gradu
1410 2459 1816 2531 probabilitatis
1851 2464 1908 2519 in

33 2546 142 2618 quo
163 2555 344 2616 antea,
373 2549 439 2602 ob
468 2548 674 2603 bonum
704 2549 990 2622 publicum
1021 2552 1103 2606 vel
1134 2553 1410 2626 privatum
1442 2574 1541 2612 nec
1578 2557 1777 2615 dictari
1807 2579 1907 2618 nec

31 2642 248 2699 defendi
283 2644 668 2716 praecipitur...
701 2645 922 2709 Quando
949 2647 1134 2720 aliqua
1161 2652 1439 2708 sententia
1475 2653 1543 2708 ab
1567 2655 1904 2714 Eminentis-

34 2735 187 2790 simis
217 2737 453 2793 dominis
478 2740 866 2808 condemnatur,
888 2744 1117 2813 practice
1151 2745 1575 2804 condemnatur.
1598 2750 1903 2826 Propositio

33 2831 113 2885 sic
145 2831 506 2888 condemnata
533 2852 641 2891 non
663 2837 960 2909 pertransit
1004 2837 1062 2893 in
1107 2840 1386 2912 haeresim,
1420 2845 1513 2901 sed
1560 2848 1740 2919 perdit
1787 2869 1903 2913 om-

34 2943 158 2980 nem
187 2926 546 2983 extrinsecam
574 2931 959 2988 authoritatem
987 2942 1041 2990 et
1066 2937 1323 2994 redditur
1353 2939 1741 3013 improbabilis
1755 2963 1904 3016 prac-

36 3024 152 3076 tice.
182 3020 322 3084 Quid
356 3022 402 3077 si
442 3024 840 3082 condemnetur
875 3036 1119 3102 tanquam
1158 3033 1438 3089 haeretica?
1489 3036 1626 3092 Tunc
1672 3041 1720 3092 vi
1760 3040 1904 3112 hnjus

34 3118 469 3174 coiuleiiiiiationis
494 3138 595 3175 non
617 3123 703 3191 siet
725 3124 983 3194 haeretica,
1004 3145 1120 3198 quae
1153 3138 1306 3185 antea
1337 3150 1438 3187 non
1467 3144 1603 3189 esset
1621 3135 1900 3204 haeretica;

34 3214 127 3270 sed
165 3232 285 3287 quae
333 3222 489 3271 antea
539 3224 654 3272 erat
705 3220 980 3290 haeretica,
1020 3226 1482 3285 condemnatione
1526 3231 1905 3292 declarabitur

31 3329 149 3367 esse
178 3313 465 3378 haeretica3
498 3314 662 3386 idque
687 3322 840 3371 tanta
875 3319 1224 3390 certitudine,
1259 3331 1319 3379 ut
1352 3327 1606 3383 eamdem
1638 3348 1749 3387 non
1783 3351 1902 3392 esse

32 3407 341 3464 haereticam
375 3418 589 3466 maneat
627 3411 1006 3484 improbabile.
1036 3415 1093 3471 In
1126 3418 1232 3474 hoc
1259 3427 1313 3477 et
1350 3422 1629 3483 similibus
1672 3430 1893 3489 casibus

33 3502 235 3560 habent
265 3505 623 3577 inquisitores
670 3509 1056 3567 authoritatem
1092 3512 1486 3589 interdicendi,
1517 3525 1893 3600 praecipiendi,
