2262 3990
210 147 299 194 616
889 133 1185 181 TRACTATUS
1217 133 1283 181 DE
1313 134 1457 183 PAPA.

215 260 269 311 et
311 267 441 308 cum
475 247 713 321 ipsomet
761 242 1008 298 Romano
1043 240 1330 298 Pontifice.
1379 241 1435 298 Si
1468 239 1619 298 enim
1646 259 1841 301 omnes
1877 249 1972 302 aut
2010 237 2129 307 fere

213 365 408 406 omnes
435 362 465 398 a
498 340 618 398 suis
644 339 952 416 respective
979 339 1268 415 Episcopis
1300 346 1354 398 et
1389 357 1419 395 a
1443 339 1693 397 Romano
1717 340 1979 398 Pontifice
2009 361 2124 405 sese

215 440 613 501 abscinderent
643 444 697 496 et
734 437 802 494 ad
839 438 1103 496 haeresim
1138 438 1513 509 declinarent,
1547 457 1659 496 non
1686 446 2042 498 remanerent
2069 443 2124 503 in

213 539 461 597 Ecclesia
481 536 686 596 Christi
714 535 826 592 nisi
846 542 1099 611 pastores
1126 535 1247 593 sine
1266 537 1484 607 ovibuS,
1515 543 1569 595 et
1593 543 1839 596 rectores
1861 539 1980 596 sine
2003 541 2126 600 sub-

179 637 394 714 ujcctiS.
428 636 536 692 Nec
556 635 675 709 jam
698 633 1034 693 subsisteret
1060 652 1192 693 vera
1227 634 1434 692 Christi
1457 636 1722 694 Ecclesia.

291 739 584 795 Pssoposrrio
611 734 760 790 vlllss.
797 767 868 777 -
898 734 1216 809 Gontinqcre
1255 739 1438 810 nequit
1463 744 1521 793 ut
1551 737 1796 812 Episcopi
1844 737 2130 812 Pontificiae

212 840 506 913 definitioni
530 838 864 894 adhaerentes
887 838 941 893 in
967 837 1211 894 haeresim
1240 855 1535 894 erroremve
1563 838 1777 894 cadant.
1810 837 2030 895 —Nam
2060 839 2130 899 ita

216 938 471 996 Christus
506 936 813 994 Ecclesiam
846 955 1010 994 suam
1043 937 1334 996 constituit
1369 942 1433 994 ut
1471 943 1690 995 constet
1727 937 1979 995 Romano
2003 939 2132 998 Pon·

211 1039 362 1097 tifice
379 1039 524 1096 Petri
548 1056 876 1096 successore
899 1045 1175 1112 tanquam
1204 1039 1408 1115 capite,
1427 1038 1770 1096 etmembris
1794 1038 1904 1114 ipsi
1933 1039 2134 1114 subjec-

217 1140 292 1197 tis
324 1145 377 1196 ct
414 1139 472 1195 in
510 1138 617 1196 fide
652 1139 1161 1196 consentientibus
1203 1138 1382 1213 Igitur
1421 1139 1631 1215 periret
1669 1137 1934 1208 Ecclesia,
1965 1138 2012 1194 si
2037 1138 2134 1196 Ro-

219 1258 423 1297 manus
450 1239 705 1297 Pontifex
731 1258 862 1296 cum
890 1239 996 1296 sibi
1035 1239 1456 1297 adhaerentibus
1482 1239 1771 1315 Episcopis
1802 1239 1862 1295 in
1897 1256 2135 1298 errorem

220 1345 316 1396 aut
358 1339 618 1396 haeresim
650 1339 957 1396 laberetur.
991 1338 1231 1396 Proinde
1270 1339 1595 1414 contingere
1628 1339 1825 1414 nequit
1851 1357 2136 1399 erroneam

222 1457 345 1495 esse
368 1438 539 1494 fidem
571 1438 728 1513 Papae
769 1444 822 1495 et
854 1437 965 1515 ipsi
998 1437 1411 1494 adhaerentium
1433 1437 1857 1514 Episcoporum.
1889 1439 2026 1513 Ergo
2044 1457 2138 1498 nec

224 1557 463 1597 erronea
516 1557 637 1596 esse
663 1545 844 1615 potest
889 1539 1027 1595 fides
1056 1538 1481 1615 Episcoporum,
1509 1535 1762 1613 quandiu
1788 1539 2141 1599 concordabit

225 1661 356 1699 cum
412 1641 519 1699 fide
575 1641 811 1698 Romani
868 1641 1174 1699 Pontificis.
1216 1642 1278 1698 Et
1317 1641 1522 1699 nititur
1563 1641 1671 1699 isla
1723 1641 2142 1717 impossibilitas

226 1742 608 1819 promissione
657 1741 887 1812 Christi,
924 1741 1258 1799 duraturam
1289 1760 1472 1817 usquc
1500 1741 1567 1798 ad
1602 1741 2142 1800 consummationem

231 1844 423 1901 saeculi
466 1842 772 1899 Ecclesiam
809 1861 970 1899 suam
1016 1842 1365 1918 spondentis.
1414 1841 1702 1916 Siquidem
1746 1840 1983 1898 existere
2008 1841 2146 1900 desi-

234 1948 389 1998 neret
428 1941 525 1997 illa
555 1960 685 1997 vera
713 1940 918 1996 Christi
944 1942 1214 2007 Ecclesia,
1259 1943 1450 1998 statim
1483 1961 1545 1998 ac
1575 1959 1809 1998 erronea
1844 1942 1986 1999 foret
2014 1941 2147 1999 fides

229 2039 636 2116 Episcoporum
664 2038 831 2096 fidem
857 2039 1097 2096 Romani
1119 2039 1404 2096 Pontificis
1432 2040 1843 2116 profitentium.

308 2139 463 2194 Idem
490 2143 710 2195 constat
746 2155 809 2192 ex
843 2138 1052 2194 celebri
1079 2139 1323 2194 formula
1352 2139 1503 2210 fidei,
1529 2139 1621 2195 cui
1647 2140 2004 2197 subscribere
2034 2157 2151 2196 om-

236 2255 335 2294 nes
358 2237 603 2293 Orientis
629 2237 932 2312 Episcopos
956 2237 1126 2310 jussit
1151 2237 1479 2295 Ilormisdas
1501 2239 1673 2314 Papa3
1701 2239 1852 2313 quod
1888 2240 2153 2296 formula-

233 2338 384 2395 rium
411 2336 619 2394 iterum
645 2342 765 2411 post
800 2342 1085 2394 trecentos
1107 2343 1159 2394 et
1197 2337 1446 2413 amplius
1468 2356 1646 2396 annos
1681 2338 2146 2396 subscribendum

238 2436 582 2514 praescripsit
613 2436 780 2494 Sedes
821 2437 1148 2512 apostolica,
1182 2443 1244 2494 ut
1271 2437 1543 2495 Photiano
1572 2438 1863 2496 schismati
1890 2438 2017 2495 finis
2052 2438 2151 2495 im-

236 2542 564 2611 poneretur.
597 2535 778 2609 Atque
810 2535 952 2592 illud
982 2541 1173 2592 octava
1208 2536 1484 2612 generalis
1527 2537 1774 2613 synodus
1807 2535 2146 2612 approbavit.

235 2636 295 2690 In
337 2635 438 2691 hac
466 2653 633 2711 porro
675 2635 801 2692 fidei
840 2635 1087 2693 formula
1126 2636 1207 2693 sic
1242 2637 1591 2694 habebatur:
1620 2636 1853 2692 «Prima
1889 2636 2042 2693 salus
2074 2639 2152 2692 est

242 2738 409 2789 rectae
426 2733 557 2789 fidei
576 2733 831 2807 regulam
851 2734 1211 2792 custodire...
1230 2759 1241 2803 3
1263 2734 1395 2809 quia
1423 2753 1535 2791 non
1551 2740 1727 2810 potest
1745 2733 1963 2791 Domini
1983 2730 2154 2790 nostri

241 2831 372 2887 Jcsu
417 2831 621 2888 Christi
663 2832 1017 2907 proetermitti
1064 2834 1345 2890 sententia
1384 2833 1625 2892 dicentis
1655 2855 1666 2890 z
1702 2833 1776 2891 Tu
1808 2852 1861 2890 es
1896 2833 2085 2890 Petrus
2107 2837 2154 2887 ct

242 2951 402 3006 super
439 2933 575 2989 hano
605 2933 821 2990 Petram
851 2934 1123 3006 aedificabo
1155 2933 1443 2991 Ecclesiam
1470 2954 1662 2992 meam.
1692 2934 1838 3006 Haec,
1873 2952 1998 3010 quae
2015 2932 2154 2989 dicta

246 3039 401 3103 sunt,
463 3051 656 3090 rerum
697 3035 1010 3108 probantur
1059 3035 1387 3102 effectibus;
1425 3035 1557 3110 quia
1605 3038 1660 3092 in
1694 3035 1831 3093 Sede
1875 3033 2155 3109 apostolica

243 3134 559 3190 inviolabilis
586 3153 793 3209 semper
819 3135 1076 3192 catholica
1101 3138 1394 3193 custoditur
1420 3136 1627 3210 reliyiO.
1651 3137 1728 3193 De
1755 3138 1854 3192 hac
1878 3137 2036 3210 iqitur
2059 3131 2176 3216 fide*

246 3251 361 3289 non
395 3233 594 3290 cadere
628 3234 943 3309 cil-pientes,
983 3239 1037 3291 et
1077 3235 1306 3292 Patrum
1339 3242 1638 3310 sequentes
1665 3234 1726 3291 in
1755 3233 2019 3291 omnihus
2037 3247 2159 3286 con-

247 3333 467 3405 stituta,
516 3334 1058 3391 anathematizamus
1113 3353 1309 3392 omnes
1351 3337 1668 3393 haereses...
1703 3334 2052 3410 Quapropter
2087 3345 2159 3385 se-

251 3417 467 3502 quentes
500 3435 554 3489 in
598 3436 833 3490 omnibus
859 3435 1048 3491 Sedem
1077 3435 1444 3511 apostolicam,
1484 3443 1536 3494 et
1567 3435 1940 3511 praedicamus
1971 3427 2156 3488 omnia
2201 3441 2218 3465 “

253 3545 375 3598 quae
410 3533 478 3588 ab
510 3533 630 3608 ipsa
653 3534 873 3591 decreta
902 3541 1069 3604 sunt;
1110 3542 1162 3593 et
1198 3543 1494 3613 propterea
1527 3553 1687 3610 spero
1715 3535 1770 3590 in
1794 3551 1902 3590 una
1935 3544 2156 3588 commu-

244 3626 400 3681 nione
422 3629 736 3701 vobiscum,
769 3651 926 3706 quam
945 3634 1242 3707 apostolica
1261 3635 1424 3692 Sedes
1443 3635 1729 3709 praedicat,
1750 3649 1840 3687 me
1870 3630 2151 3691 futurum;
