2306 4010
24 123 65 169 {²
799 188 949 238 PARS
979 186 1217 235 SECUNDA.
1873 185 1959 233 15⁷

81 294 303 371 quidem
352 293 582 351 docetur
625 293 939 350 Romanum
987 292 1304 350 Pontificem
1353 289 1706 348 infallibilem
1736 308 1857 348 esse
1899 290 1959 347 in

80 391 307 450 edendis
328 391 561 451 decretis
579 390 703 447 fidei
727 414 737 456 ;
773 390 867 446 sed
890 390 1045 446 nulla
1064 389 1239 454 errori
1257 388 1508 464 opposito
1533 395 1663 446 nota
1685 387 1955 445 inuritur.

151 490 391 545 Tandem
437 488 681 562 idipsum
727 487 1010 563 respondit
1054 487 1219 543 Sacra
1268 486 1680 544 Poenitentiaria
1738 486 1827 543 die
1885 486 1956 543 14

78 587 409 661 septembris
439 586 604 643 1851.
633 585 711 663 En
736 586 911 659 ipsius
931 585 1097 640 verba
1121 603 1133 635 ε
1161 605 1188 636 «
1209 583 1371 640 Sacra
1401 583 1840 654 Poenitentiaria,
1876 583 1957 639 di-

76 683 314 755 ligenter
339 699 606 757 perpenso
635 680 805 736 dubio
831 679 1137 753 proposit0,
1164 681 1459 754 respondet
1485 702 1495 734 :
1527 680 1957 738 declarationem

73 785 376 835 conventus
412 776 679 832 Gallicani
722 774 855 831 anni
906 774 1073 843 1682,
1120 774 1187 829 ab
1231 775 1531 848 apostolica
1583 776 1722 833 Sede
1760 779 1950 850 impro-

71 877 245 930 batam
267 874 490 947 quidem
525 872 723 929 merito
755 871 1032 936 fuisse...;
1079 871 1276 926 nullam
1308 880 1482 926 tamen
1519 872 1819 944 theoloqicae
1839 870 1956 930 cen-
1991 882 1996 887 ’

68 987 207 1026 sarae
227 978 402 1024 notam
423 970 665 1024 doctrinae
697 963 1051 1023 declaratione
1077 967 1168 1022 illa
1202 956 1454 1022 contentae
1483 970 1710 1023 inustam
1733 972 1899 1041 fuisse
1924 993 1952 1023 »

72 1066 395 1140 (ipsummet
419 1081 752 1138 responsum
773 1082 802 1119 a
829 1064 881 1119 S.
911 1062 1322 1119 Poenitentiaria
1347 1063 1664 1137 expeditum
1695 1065 1764 1119 ad
1788 1066 1949 1122 Joan-

73 1181 197 1220 nem
216 1163 302 1233 G.,
327 1162 581 1218 dioecesis
607 1162 954 1237 Apamicnsis
977 1162 1389 1236 presbyterum,
1426 1179 1538 1236 prae
1565 1162 1826 1218 manibus
1853 1164 1951 1219 ha—

0 1303 1 1319 ,
74 1258 189 1329 bui,
229 1265 280 1314 et
310 1277 375 1315 ex
417 1259 512 1314 illo
559 1259 725 1315 citata
756 1259 920 1315 verba
951 1257 1320 1332 transcripsi).
1362 1259 1540 1330 Atque
1568 1257 1712 1314 idem
1746 1258 1948 1314 iterum

0 1384 1 1387 ¹
71 1354 122 1410 S.
161 1355 565 1412 Poenitentiaria
594 1355 878 1429 respondit
909 1354 999 1410 die
1028 1355 1096 1410 15
1135 1355 1446 1411 decembris
1480 1355 1644 1411 1851.

142 1454 259 1509 Jam
291 1453 337 1509 si
371 1453 465 1526 qui
504 1454 807 1526 postulent,
842 1471 942 1509 cur
976 1454 1044 1509 ab
1088 1453 1376 1509 inurendis
1412 1453 1558 1510 notis
1589 1455 1784 1510 tandiu
1832 1456 1951 1511 abs·

75 1550 299 1607 tinuerit
338 1551 502 1606 Sedes
530 1551 855 1624 apostolica,
919 1570 1047 1607 cum
1081 1551 1386 1626 praesertim
1415 1552 1627 1608 videret
1661 1553 1956 1627 praevalere

73 1646 128 1702 in
153 1647 338 1703 Galliis
370 1647 720 1722 reprobatam
748 1654 989 1720 quatuor
1016 1648 1386 1704 articulorum
1428 1649 1763 1718 doctrinam,
1792 1669 1955 1723 repo-

74 1761 198 1799 nam
221 1762 320 1816 ego
351 1766 361 1798 :
391 1745 570 1799 Adhuc
597 1753 646 1799 et
677 1763 764 1800 vos
794 1748 909 1800 sine
941 1746 1203 1800 intellecta
1243 1747 1403 1800 estis?
1430 1746 1725 1801 Enimvero
1775 1746 1955 1820 proxi-

73 1840 175 1895 mis
196 1849 316 1914 post
351 1842 525 1898 editos
567 1849 807 1913 quatuor
832 1842 1094 1898 articulos
1127 1842 1472 1916 temporibus
1499 1843 1755 1916 sperabat
1780 1842 1949 1899 Sedes

73 1938 366 2010 apostolica
397 1940 512 1995 sore
547 1946 607 1995 ut
645 1939 908 1996 Gallicani
945 1940 1211 2014 praesules
1247 1939 1663 2014 resipiscerent,
1698 1947 1944 1996 erratum

72 2032 350 2105 deflerent,
379 2043 760 2108 retractarent,
798 2038 1138 2116 abjurarent.
1164 2039 1327 2113 Spem
1356 2039 1532 2109 illam,
1571 2057 1739 2112 quam
1766 2039 1946 2112 expri-

74 2140 231 2188 munt
279 2153 388 2189 non
430 2154 601 2207 pauca
651 2142 919 2192 coaetanea
969 2136 1200 2210 scripta,
1238 2137 1432 2192 fefellit
1474 2143 1722 2194 eventus,
1763 2138 1948 2194 Galliae

72 2228 253 2284 clerus
294 2230 468 2299 magis
494 2230 552 2282 in
579 2231 696 2285 dies
731 2234 1014 2290 teterrimo
1051 2234 1145 2288 illo
1177 2234 1294 2288 luto
1323 2236 1531 2290 haerere
1550 2253 1612 2289 ac
1659 2235 1943 2308 immergi.

76 2324 272 2395 Urgere
297 2342 358 2378 ac
391 2324 658 2379 insensior
686 2326 804 2380 fieri
835 2331 980 2401 regia
1023 2350 1085 2387 ac
1114 2331 1589 2404 parlamentorum
1616 2333 1941 2390 auctoritas,

79 2416 139 2469 Et
178 2415 396 2472 tandem
424 2435 485 2472 eo
521 2419 774 2491 progredi
802 2423 1123 2493 pertinacia,
1149 2431 1210 2479 ut
1244 2424 1358 2496 jam
1385 2423 1695 2480 obedientia
1735 2426 1945 2500 sperari

78 2513 377 2584 prudenter
401 2533 510 2570 non
537 2523 744 2589 posset,
773 2518 819 2573 si
848 2520 1162 2575 liaereticam
1183 2521 1517 2577 Gallicanam
1538 2521 1870 2594 doctrinam,
1893 2531 1946 2580 et

79 2609 154 2664 uti
177 2610 339 2666 talem
357 2611 721 2684 abjurandam
746 2631 809 2669 ex
831 2617 1085 2672 cathedra
1108 2619 1519 2689 pronuntiasset
1539 2626 1590 2674 et
1612 2619 1943 2691 injunxisset

74 2706 347 2763 Romanus
367 2708 628 2763 Pontifex.
651 2711 779 2774 Quae
804 2712 1013 2768 scilicet
1027 2716 1358 2787 expectanda
1379 2716 1602 2772 fortuna
1627 2717 1791 2773 bullae
1808 2737 1943 2792 pon-

73 2801 268 2874 tiliciae,
284 2804 562 2861 haereticos
577 2806 746 2862 dictos
763 2808 1024 2865 articulos
1046 2810 1348 2867 declaranti
1368 2831 1431 2868 ac
1454 2812 1772 2870 definienti?
1786 2816 1941 2873 Haud

74 2914 203 2952 sane
228 2899 420 2955 melior
453 2918 513 2957 ea
540 2921 707 2974 quam
748 2904 1066 2976 frequenter
1106 2908 1533 2981 experiebantur
1562 2917 1757 2968 caetera
1788 2913 1942 2968 Sedis

75 2992 381 3062 apostolicae
414 2994 652 3067 decreta,
683 3016 803 3070 quae
831 3018 932 3055 nec
967 3001 1404 3075 recipiebantur,
1444 3023 1546 3061 nec
1599 3007 1943 3080 promulgari

77 3089 548 3163 permittebantur,
570 3102 623 3151 et
641 3096 717 3152 sic
740 3115 841 3172 pro
868 3099 1022 3154 inani
1040 3102 1347 3157 tentamine
1368 3105 1716 3159 habebantur
1740 3112 1792 3160 et
1813 3105 1940 3160 irri-

75 3183 364 3242 debantur.
393 3188 431 3242 A
459 3190 608 3246 bulla
639 3193 1024 3251 schismaticos
1060 3203 1112 3252 et
1140 3197 1422 3253 haereticos
1453 3199 1768 3255 declarante
1805 3219 1941 3273 qua-

71 3284 196 3335 tuor
220 3283 502 3356 articulos,
542 3289 907 3362 appellassent
945 3298 1210 3364 tanquam
1253 3294 1320 3347 ab
1360 3295 1535 3349 abusu
1566 3295 1934 3354 Parlamenta.

73 3376 143 3433 lle
165 3395 226 3434 ea
249 3385 509 3455 tanquam
537 3383 602 3440 de
624 3384 766 3442 laesis
794 3388 1096 3461 majestatis
1127 3407 1242 3444 suae
1253 3389 1478 3461 juribus
1504 3390 1652 3463 regia
1678 3395 1937 3468 majestas

69 3483 364 3547 conquesta
404 3487 565 3547 esset,
608 3482 1036 3556 pontificemque
1067 3484 1321 3540 acerbius
1369 3487 1638 3544 molestiis
1668 3493 1934 3566 exagitas-

70 3572 308 3647 setzipsi
334 3577 555 3634 tandem
591 3579 860 3655 Episcopi,
908 3581 1025 3654 ipsc
1065 3582 1269 3650 cleruS,
1307 3600 1371 3639 cx
1402 3602 1464 3640 ea
1502 3603 1670 3658 quam
1716 3592 1935 3665 profite-
