2306 4010
821 181 946 229 PARS
976 179 1215 228 SECUNDA.
1877 183 1967 230 245

86 317 212 358 rum
241 296 578 369 scriptorum
602 300 829 346 concors
856 286 925 342 de
957 287 1062 342 hac
1086 284 1317 343 veritate
1339 283 1636 353 sententia,
1665 278 1728 341 ut
1758 303 1883 342 eam
1911 289 1965 342 in

87 397 294 454 dubium
328 406 573 448 revocare
602 372 904 442 nullomodo
942 383 1094 439 liceat
1123 405 1151 437 »
1184 382 1286 456 (De
1310 384 1436 455 fide,
1474 382 1616 440 libro
1647 382 1736 455 111,
1773 383 1966 459 dispu-

86 493 296 550 tatione
333 488 438 558 XX,
469 483 707 544 sectione
725 498 799 548 111,
830 496 888 532 n.
918 478 1034 550 22).

165 589 360 642 Tnoms
398 585 722 640 smmum
766 573 1163 647 (controversia
1203 594 1254 629 ιιι
1298 575 1367 632 de
1408 576 1675 651 primario
1719 578 1966 651 subjecto

94 683 381 762 potestatis
432 669 836 741 ecclesiasticae,
892 672 1198 743 quaestione
1226 674 1297 739 lV,
1327 708 1396 716 —
1446 681 1596 731 tomo
1637 676 1719 732 XX
1768 671 1967 733 Biblio-

94 785 265 841 thecae
290 773 588 844 Rocaberti,
616 787 739 846 pag.
776 769 869 842 84)
906 789 916 822 :
964 790 991 822 (ι
1034 771 1165 825 Vera
1204 772 1478 827 sententia
1521 781 1602 830 est
1650 775 1962 832 Romanum

0 853 4 862 ,
91 879 504 942 Pontificem...,
555 874 618 925 ut
661 866 885 942 publica
935 884 1173 941 persona
1214 874 1327 936 est,
1374 868 1429 922 id
1475 876 1593 940 est,
1638 873 1859 943 quando
1898 873 1966 930 de

94 977 201 1033 tide
255 970 531 1032 consultus
576 983 641 1021 ex
689 964 869 1019 officio
927 963 1225 1038 respondet
1276 969 1330 1018 et
1380 964 1629 1021 decernit
1661 1011 1675 1037 ,
1709 981 1713 984 ·
1742 970 1964 1026 haereti·

95 1091 217 1132 cum
244 1071 431 1140 dogma
467 1080 568 1119 nec
600 1080 851 1135 unquam
899 1063 1167 1118 hactenus
1218 1061 1537 1132 tradidisse,
1590 1081 1695 1120 nec
1744 1068 1965 1124 tradere

84 1181 305 1243 posse...
363 1160 426 1224 Et
471 1159 816 1243 contrarium
872 1158 1148 1214 sustinere
1201 1164 1345 1213 esset
1408 1159 1642 1215 assertio
1702 1179 1958 1229 erronea,

81 1262 378 1320 scandaloso
405 1264 458 1315 et
493 1258 771 1331 offensiva,
812 1258 915 1313 etsi
957 1258 1187 1327 fortasse
1222 1276 1326 1313 uon
1372 1260 1642 1315 haeretica.
1683 1260 1778 1316 Est
1812 1278 1964 1316 nunc

79 1363 289 1433 recepta
335 1362 388 1412 et
433 1358 734 1412 comvmmiS.
763 1377 790 1408 »
831 1356 897 1410 Et
942 1355 1110 1430 paulo
1144 1362 1267 1430 post
1315 1356 1380 1411 de
1426 1357 1692 1430 theologis
1742 1365 1962 1415 contra-

68 1456 221 1518 ,rium
264 1454 651 1526 sentientibus,
702 1454 776 1509 ita
828 1454 1198 1528 pronuntiat:
1250 1476 1275 1507 «
1304 1455 1410 1510 Hos
1452 1445 1640 1510 autem
1680 1456 1849 1524 virOS,
1901 1465 1964 1513 ut.

84 1553 296 1611 haeresis
330 1571 563 1625 arguere
606 1571 714 1608 non
749 1553 940 1623 velim,
978 1553 1052 1608 ita
1095 1553 1342 1626 profecto
1376 1556 1692 1626 iynorantiae
1722 1559 1775 1609 et
1802 1563 1961 1610 teme-

0 1706 2 1710 .
83 1653 248 1708 ritulis
279 1650 527 1706 excusari
567 1668 678 1705 non
713 1656 970 1722 possunt,
999 1649 1239 1705 maxime
1279 1650 1615 1724 posteriores
1658 1651 1825 1706 isti.»
1861 1653 1961 1707 Per

82 1747 205 1804 istos
248 1751 566 1822 posteriores
617 1747 876 1819 intelligit
916 1747 1259 1820 Alphonsum
1313 1747 1379 1804 de
1434 1747 1620 1803 Castro
1667 1752 1720 1803 et
1766 1747 1958 1802 Adria-

0 1834 2 1842 *
78 1860 206 1902 num
233 1846 314 1901 VI.

145 1943 360 1999 SANCTUS
388 1945 689 2016 ANTONINUS,
711 1945 1080 2018 —loquendo
1114 1945 1181 2000 de
1203 1944 1505 2000 pontificiis
1546 1944 1784 2000 decretis
1817 1944 1962 2000 circa

70 2039 231 2096 fidem
256 2048 350 2096 aut
382 2060 565 2098 mores
597 2063 606 2095 :
646 2063 671 2094 «
692 2043 751 2096 In
782 2042 984 2098 talibus
1017 2042 1313 2098 dicendum
1356 2047 1454 2110 est,
1481 2042 1628 2115 quod
1659 2043 1789 2098 licet
1809 2042 1962 2098 ahso-

66 2135 205 2208 lute,
233 2139 474 2211 pensatis
506 2139 639 2195 solis
669 2140 925 2212 personis
951 2141 1107 2213 Papae
1142 2146 1194 2195 ct
1221 2140 1619 2210 Cardinalium,
1652 2141 1795 2215 Papa
1826 2159 1955 2196 eum

68 2233 206 2306 ipsis
247 2236 419 2307 possit
458 2254 663 2304 errare,
709 2238 992 2310 supposita
1038 2245 1224 2291 tamen
1267 2237 1451 2292 divina
1483 2238 1853 2311 providentia,
1905 2247 1958 2295 et

66 2329 331 2403 Spiritum
374 2331 634 2386 Sanctum
664 2333 818 2403 loqui
854 2350 953 2406 per
996 2333 1320 2402 Ecclesiam,
1370 2334 1709 2389 eredendum
1737 2342 1818 2390 est
1860 2336 1956 2390 Pa-

67 2445 193 2500 pam
247 2446 355 2483 non
399 2447 556 2502 posse
598 2448 848 2485 errare...
885 2431 947 2484 Et
975 2430 1160 2486 (licere
1186 2431 1334 2502 quod
1374 2431 1429 2485 in
1456 2432 1781 2504 hujusmodi
1811 2434 1952 2507 Papa

66 2532 295 2594 erraret,
316 2535 449 2580 esset
472 2528 802 2582 haereticum»
826 2518 1083 2601 (Summa,
1107 2536 1261 2602 parte
1282 2530 1371 2599 ΙΙΙ,
1399 2530 1558 2585 titulo
1579 2531 1670 2602 12,
1702 2549 1818 2603 cap.
1846 2550 1949 2600 vni,

64 2622 91 2692 ἓ
118 2621 173 2690 2,
211 2626 359 2678 tomo
390 2623 476 2693 111,
507 2624 701 2696 pagina
731 2626 860 2694 541,
893 2626 1024 2680 edit.
1071 2627 1318 2696 Veronae,
1344 2627 1530 2699 1740).
1560 2627 1676 2682 Non
1699 2645 1790 2682 me
1808 2628 1950 2700 fugit

65 2717 443 2776 difficultatem
485 2722 665 2778 facere
708 2722 980 2794 quosdam
1028 2724 1165 2779 alios
1197 2725 1449 2798 ejusdem
1478 2726 1658 2781 sancti
1684 2726 1945 2781 Antonini

66 2819 277 2882 textus;
307 2823 518 2873 certum
544 2825 749 2875 tamem
775 2828 1025 2877 remanet
1053 2822 1126 2877 ibi
1154 2823 1222 2878 ab
1260 2824 1378 2896 ipso
1404 2825 1704 2880 haeret-icam
1736 2824 1942 2881 dictam

0 2957 3 2966 ,
69 2906 238 2964 fuisse
269 2912 583 2984 opinionem
616 2915 682 2970 de
706 2915 942 2984 Romani
976 2918 1254 2974 Pontificis
1282 2902 1636 2975 tallibilitate.

141 3002 326 3060 Bmus
350 3007 642 3065 Aucusrmus
665 3012 957 3068 Tmtmmms.
988 3048 1056 3056 —
1082 3015 1203 3071 Fuit
1225 3015 1271 3071 is
1296 3023 1621 3071 sanctorum
1644 3017 1865 3072 Thomae
1891 3025 1944 3073 et

67 3099 456 3158 Bonavcnturae
500 3106 826 3180 discipulus,
878 3129 939 3166 ac
970 3113 1326 3185 postmodum
1370 3114 1427 3167 in
1468 3112 1759 3167 Academia
1803 3114 1947 3168 Pari-

69 3195 238 3251 siensi
267 3197 457 3252 doctor
482 3216 543 3254 ac
580 3203 875 3273 professor.
902 3206 1153 3279 Loquens
1176 3209 1243 3264 de
1268 3208 1502 3263 Romani
1531 3207 1810 3263 Pontificis
1854 3209 1945 3266 de-

66 3293 554 3349 terminationibus
580 3296 726 3353 circa
756 3300 940 3372 tidem,
965 3304 1043 3359 sic
1067 3305 1228 3360 hahet
1251 3325 1262 3357 ι
1299 3326 1326 3356 «
1347 3305 1472 3359 Post
1499 3304 1660 3376 cujus
1681 3304 1942 3362 determi-

66 3388 363 3458 nationem,
399 3391 695 3446 haereticum
723 3404 858 3450 esset
881 3400 1227 3455 contrarium
1255 3401 1615 3472 pertinaciter
1645 3420 1937 3461 asserere»

69 3484 157 3556 (de
188 3486 453 3542 Potestate
489 3488 880 3558 ecclesiastica,
920 3495 1226 3566 quaestione
1252 3497 1314 3564 X,
1344 3503 1447 3552 art.
1483 3499 1560 3571 5).

137 3582 405 3639 DuAcms1s
448 3585 712 3655 Fixum-AS,
747 3588 902 3644 —in
948 3590 1179 3665 epistola
1221 3593 1288 3649 ad
1318 3574 1651 3655 Ludovicum
1682 3600 1808 3675 XIV,
1845 3602 1938 3660 de·
