2262 3990
823 160 948 208 PARS
978 160 1219 208 SECUNDA.
1876 161 1964 207 427

76 269 317 332 >Proinde
340 269 476 326 dum
498 268 780 326 variarum
801 267 1209 342 provinciarum
1232 266 1528 342 Episcopos
1551 271 1819 335 recenset,
1840 266 1965 339 qui-

84 369 192 427 bus
231 365 860 424 excommunicationem
896 365 966 422 ob
1004 363 1383 439 rebaptizandi
1413 363 1631 438 praxim
1673 362 1964 420 minitatus

83 474 170 525 est
215 466 527 542 Stephanus
569 466 742 540 Papa,
783 463 1190 522 enumerationi
1224 444 1418 539 procul
1457 462 1624 519 dubio
1665 461 1968 520 addidisset

88 565 404 621 Africanam
433 562 794 639 provinciam,
829 568 884 620 et
931 561 1183 641 Cypriani
1214 578 1414 618 nomen
1447 559 1638 617 Heleni
1672 577 1737 616 ac
1775 558 1968 616 Firmi-

0 696 1 701 κ
90 660 225 717 liani
259 659 579 716 nominibus
603 657 999 732 subjunxisset.
1031 656 1200 712 Porro
1231 656 1298 712 de
1322 656 1589 734 Cypriane
1615 661 1666 712 et
1693 655 1762 712 de
1795 654 1968 729 ipsius

91 775 155 815 ac
176 758 511 831 collegarum
533 773 663 812 cum
687 755 931 811 Romana
950 753 1086 810 Sede
1109 755 1367 811 conflictu
1388 754 1617 811 omnino
1641 754 1788 811 silet.
1805 753 1968 827 Equi-

88 854 215 911 dem
256 854 402 928 apud
438 852 596 908 Afros
628 851 795 908 etiam
838 850 1112 906 invectam
1147 849 1526 924 rebaptizandi
1559 852 1775 926 praxim
1820 869 1970 909 com-

0 925 1 937 *
87 958 358 1007 memorat
392 970 403 1003 :
452 950 622 1017 Dimci,
656 947 751 1015 ait,
778 965 880 1003 non
929 948 990 1002 ab
1031 947 1178 1019 Afris
1213 949 1380 1003 solum
1418 949 1552 1003 hunc
1594 968 1791 1006 morem
1837 969 1972 1007 nunc

75 1048 301 1118 primum
340 1046 594 1100 invectum
631 1045 798 1116 fuisse
847 1042 1101 1118 (epistola
1146 1043 1213 1098 ad
1261 1044 1686 1118 Philemonem).
1739 1047 1843 1103 Sed
1887 1047 1966 1103 ibi

82 1140 295 1215 praxim
325 1140 609 1196 dumtaxat
634 1140 1008 1215 rebaptizandi
1032 1139 1177 1195 Afris
1203 1140 1422 1212 tribuit,
1454 1159 1565 1197 non
1597 1148 1783 1197 autem
1808 1160 1967 1199 exor-

78 1241 193 1292 tam
242 1236 374 1292 dicit
414 1237 588 1293 ullam
636 1236 766 1292 inde
813 1237 1250 1306 contentionem,
1303 1243 1399 1294 aut
1438 1237 1708 1294 emissum
1758 1255 1788 1292 a
1832 1236 1968 1293 Sede

78 1335 377 1410 apostolica
405 1336 716 1406 decretum,
743 1342 837 1392 aut
866 1335 1198 1391 intentatam
1225 1335 1490 1411 Cypriane
1518 1342 1570 1392 et
1601 1335 1822 1408 collegis
1848 1335 1969 1408 ejus

76 1434 731 1491 excommunicationem.
760 1434 888 1499 Quae
914 1441 1125 1503 tamen,
1153 1434 1200 1491 si
1225 1451 1414 1490 revera
1445 1434 1828 1507 contigissent,
1856 1451 1969 1489 non

80 1536 290 1604 poterat
325 1531 635 1605 Dionysius,
663 1532 761 1587 ubi
786 1531 1151 1588 Orientalium
1185 1531 1252 1587 de
1289 1531 1391 1587 hac
1427 1531 1547 1606 ipsa
1572 1549 1634 1588 re
1658 1530 1968 1587 contentio-

85 1644 210 1684 nem
235 1627 520 1700 describit,
550 1629 771 1686 silentio
798 1630 1244 1704 praetermittere.

154 1726 259 1781 Nec
303 1726 596 1799 objiciatur
628 1733 1057 1784 commemorata
1095 1729 1281 1783 forsan
1323 1727 1390 1782 ab
1442 1744 1506 1783 eo
1547 1725 1720 1781 fuisse
1754 1724 1813 1779 in
1860 1723 1969 1779 alia

78 1820 324 1895 epistolae
350 1830 523 1896 parte,
551 1841 719 1895 quam
744 1841 853 1879 non
881 1819 1068 1878 citavit
1094 1822 1387 1878 Eusebius,
1413 1855 1483 1863 —-
1504 1820 1791 1895 Imprimis
1817 1819 1969 1876 enim

0 1918 1 1948 ἒ
82 1918 226 1974 redit
255 1919 552 1976 difficultas
578 1920 759 1993 quoad
787 1920 1116 1988 Eusebium,
1149 1919 1244 1993 qui
1276 1921 1419 1975 hanc
1444 1937 1579 1974 sane
1609 1924 1825 1991 partem
1857 1935 1969 1972 non

80 2016 376 2074 omisisset.
407 2018 510 2074 Sed
536 2019 666 2076 citat
691 2019 961 2075 Eusebius
1002 2019 1187 2075 locum
1218 2018 1315 2074 ubi
1349 2018 1416 2074 de
1449 2017 1813 2073 Orientalium
1841 2035 1968 2073 con-

80 2111 324 2167 tentione
358 2113 557 2184 agitur.
604 2114 770 2169 Porro
811 2114 868 2168 in
902 2114 1008 2168 hoc
1038 2113 1157 2187 ipso
1200 2113 1320 2167 1000
1354 2112 1647 2186 Dionysius
1682 2111 1966 2167 Africano-

84 2223 210 2261 rum
255 2210 418 2263 etiam
463 2211 876 2265 contentionem
922 2226 1361 2265 commemorare
1412 2209 1627 2279 debuit,
1682 2208 1730 2264 si
1775 2226 1966 2265 revera

87 2302 396 2374 contigerit.

161 2394 389 2451 Notetur
436 2403 619 2453 autem
669 2415 779 2453 non
826 2404 1043 2454 tantum
1090 2398 1157 2453 ad
1204 2400 1542 2472 Stephanum
1584 2398 1820 2472 Papam,
1870 2400 1965 2455 sed

86 2491 251 2547 etiam
279 2493 346 2548 ad
369 2494 487 2566 ejus
521 2513 895 2552 successorem
921 2496 1133 2552 Sixtuiu
1166 2497 1405 2552 directas
1429 2515 1458 2552 a
1477 2496 1733 2571 Dionysio
1767 2499 1872 2553 hac
1898 2498 1966 2555 de

83 2604 145 2643 re
170 2587 403 2646 litteras,
443 2591 592 2647 Unde
619 2593 979 2665 praecluditur
1016 2594 1346 2650 adversariis
1372 2595 1668 2668 effugium,
1697 2615 1807 2669 quo
1838 2615 1966 2671 sup-

79 2692 381 2757 poneretur
405 2689 653 2744 nondum
684 2697 870 2746 exorta
901 2691 1155 2765 Cypriani
1182 2694 1462 2750 contentio
1495 2695 1716 2767 quando
1740 2695 1966 2770 scripsit

81 2779 389 2854 Dionysius.
414 2785 667 2842 Anterior
703 2805 836 2843 sane
864 2787 956 2844 illa
991 2789 1294 2860 contentiO,
1328 2790 1374 2846 si
1414 2791 1732 2864 contigerit,
1760 2791 1963 2848 litteris

85 2874 153 2929 ad
179 2876 390 2934 Sixtum
411 2882 609 2956 Papam
637 2884 883 2942 directis.

161 2968 241 3026 lv,
271 2973 447 3030 Sancti
486 2978 672 3035 Basilii
705 2983 770 3036 ad
804 2982 1218 3055 Amphilochium
1247 2987 1470 3057 epistola
1502 3003 1679 3040 verum
1712 3003 1812 3039 non
1839 3002 1962 3056 pro-

85 3069 171 3122 bat
222 3070 417 3139 factum
462 3072 820 3146 Cyprianicum
837 3100 854 3142 ;
898 3082 1051 3135 immo
1092 3085 1267 3154 potins
1316 3084 1504 3154 probat
1557 3084 1959 3138 commentitium

85 3181 215 3219 esse.

157 3261 264 3316 Hac
285 3261 470 3318 Basilii
497 3264 727 3338 epistola
757 3271 901 3341 (quae
939 3278 1025 3327 est
1051 3273 1178 3328 188³
1210 3275 1528 3344 Patroloyiae
1557 3293 1735 3347 qraecae
1757 3276 1953 3351 Migne,

82 3363 231 3413 tomo
258 3358 451 3428 xxxu,
488 3360 592 3416 col.
630 3362 761 3436 663)
797 3372 1004 3422 certam
1031 3369 1251 3442 probari
1282 3376 1612 3444 praetensam
1649 3375 1954 3431 contentio-

83 3468 233 3520 nem,
265 3472 548 3528 perperam
576 3458 951 3516 existimatum
979 3469 1079 3530 est3
1124 3465 1271 3537 quod
1304 3466 1450 3522 sacili
1488 3469 1705 3542 negotio
1742 3472 1949 3546 patefa-

77 3549 312 3616 ciemuS,
341 3552 588 3618 subjecta
611 3556 767 3625 prius
804 3576 890 3620 ea,
917 3573 1039 3625 quae
1063 3562 1129 3617 ad
1168 3581 1285 3620 rem
1313 3565 1465 3639 facit,
1495 3568 1734 3642 epistolae
1769 3577 1946 3646 parte.
