2306 4010
877 170 1005 217 PARS
1035 167 1274 218 SECUNDA.
1962 156 2022 215 55

137 282 286 339 orbis
318 279 608 338 christiani
635 279 766 346 fuit;
796 297 971 353 eaque
1002 278 1188 355 opinio
1210 279 1315 335 hoc
1350 277 1526 350 magis
1559 276 1707 352 apud
1740 293 1840 332 nos
1867 275 2020 332 inva-

137 379 263 447 luit,
297 377 443 451 quod
470 376 699 451 paribus
722 377 861 433 votis
888 383 940 432 et
966 375 1138 431 simili
1165 375 1478 432 animorum
1503 373 1870 431 consensione
1891 391 2021 429 cum

89 513 94 519 ·
136 482 317 532 vestra
355 465 995 532 sanctitate'conveniret
1034 491 1129 528 rex
1160 472 1670 530 christianissimus
1703 471 1873 545 quim
1902 471 2020 545 jam

137 594 246 631 non
280 575 467 630 minus
502 572 770 646 religione
792 587 961 643 quam
1000 570 1172 626 almis
1212 570 1399 644 magni
1444 588 1647 627 nomen
1691 569 2020 645 implevit...

137 673 270 727 Cum
299 674 412 727 haec
438 670 582 726 inter
603 666 1018 724 sanctissimum
1048 666 1367 722 Pontificem
1397 674 1450 724 et
1485 687 1671 741 regem
1712 666 2022 724 maximum

138 766 484 825 incredibilis
520 771 660 821 esset
689 763 953 818 virtutum
993 767 1047 818 et
1089 762 1441 818 voluntatum
1481 764 1844 839 conspiratiO,
1887 763 2025 837 quid

138 867 285 923 aliud
312 883 412 920 nos
440 861 704 935 augurari
737 861 1048 936 oportebat,
1077 878 1245 933 quam
1276 860 1404 916 fidei
1428 860 1685 917 victorias
1711 869 1765 918 et
1790 863 2024 935 gloriam

134 964 403 1020 Ecclesiae.

209 1083 236 1114 «
264 1061 676 1130 Verumtamen,
703 1057 1023 1114 Beatissimc
1050 1058 1228 1126 Pater,
1263 1059 1376 1113 haec
1421 1062 1613 1113 contra
1650 1057 1905 1113 omnium
1936 1077 2027 1114 ex-

134 1158 498 1233 pectationem
520 1157 790 1234 perversis
811 1155 1145 1229 quibusdam
1172 1155 1464 1210 hominum
1491 1155 1878 1230 improborum
1899 1155 2027 1211 arti·

135 1257 240 1312 bus
267 1255 615 1330 interpellata
642 1260 794 1310 sunt.
817 1254 913 1310 Vix
956 1272 1066 1327 prae
1101 1253 1288 1308 dolore
1310 1255 1422 1308 haec
1444 1252 1791 1323 meminisse,
1817 1255 2024 1310 nedum

137 1371 574 1409 commemorare
603 1370 926 1426 possumus.
957 1351 1172 1407 Etenim
1200 1351 1333 1406 dum
1377 1369 1473 1406 rex
1509 1351 2024 1408 christianissimus

136 1471 233 1526 pro
263 1471 359 1507 sua
388 1451 590 1524 pietate
616 1469 732 1506 rem
771 1449 1030 1504 Ecclesiae
1061 1450 1198 1504 bene
1233 1455 1285 1504 et
1314 1447 1552 1504 feliciter
1573 1450 1734 1520 gerit,
1771 1467 1898 1504 ecce
1922 1468 2020 1523 per

139 1549 448 1623 provincias
484 1556 536 1603 ct
563 1548 810 1602 civitates
834 1547 1135 1602 Galliarum
1167 1546 1363 1602 litterae
1392 1546 1702 1621 apostolicae
1729 1548 2025 1620 divulgatae

142 1652 293 1714 sunt,
341 1645 545 1717 quibus
593 1663 747 1700 sacra
789 1644 935 1717 regis
973 1643 1433 1699 christianissimi
1479 1645 1744 1717 majestas
1788 1644 2025 1699 offendi-

142 1750 254 1808 tur;
293 1743 506 1797 acerbis
551 1741 978 1812 minacibusque
1020 1740 1221 1795 litteiis
1260 1739 1552 1814 impetitur
1576 1739 1671 1796 ille
1736 1759 1852 1804 rex,
1888 1759 2023 1815 prae—

137 1837 346 1894 dicator
394 1837 545 1907 fidei,
599 1837 856 1892 defensor
906 1837 1180 1905 Ecclesiae,
1232 1837 1526 1910 regionum
1561 1840 1788 1912 praesul,
1835 1839 2027 1914 patriae

137 1942 341 2004 custOS,
371 1936 745 2010 triumphator
774 1935 1057 2008 gentium3
1105 1935 1496 1992 convelluntur
1538 1936 1665 2009 jura
1700 1938 1881 2010 regni,
1922 1938 2025 1994 tol-

137 2032 329 2089 luntur
355 2024 812 2106 sacramajorum
843 2039 1167 2089 nostrorum
1207 2028 1483 2108 deposita,
1517 2034 1818 2108 pulsantur
1841 2036 2023 2092 Eccle—

137 2131 229 2187 siae
281 2131 576 2188 Gallicanae
627 2132 939 2203 libertates,
993 2133 1224 2188 caeditur
1279 2133 1583 2190 reverentia
1640 2135 2023 2204 sacerdotaliS,

137 2228 549 2299 provinciarum
578 2229 1064 2303 Ecclesiarumque
1095 2229 1385 2303 privilegia
1413 2230 1715 2302 violantur,
1752 2232 2025 2287 subverti-

137 2330 227 2377 tur
260 2324 575 2395 jurisdictio
606 2326 1031 2398 Episcoporum,
1059 2327 1455 2399 perruptisquc
1481 2328 1739 2382 terminis
1766 2347 1906 2400 quos
1938 2349 2026 2402 pa-

139 2427 250 2474 tres
273 2421 446 2475 nostri
478 2421 908 2491 constituerunt,
944 2441 1007 2478 ex
1041 2423 1271 2494 antiqua
1299 2430 1523 2497 patrum
1559 2430 1883 2480 nostrorum
1912 2427 2020 2481 hae-

137 2516 370 2571 reditate
397 2517 663 2572 immeriti
691 2518 1003 2590 dejicimur.
1034 2519 1332 2591 Ingemuit,
1358 2520 1680 2576 Beatissime
1707 2523 1883 2595 Pater,
1915 2525 2022 2579 cle-

137 2633 231 2670 rus
253 2615 578 2688 gallicanus,
610 2634 739 2671 cum
774 2616 983 2672 videret
1031 2623 1221 2672 contra
1270 2635 1539 2674 canonem
1576 2620 2018 2677 ecclesiasticum

136 2718 187 2766 ct
217 2718 405 2768 contra
433 2713 669 2768 formam
704 2712 1052 2786 judiciorum
1086 2714 1526 2770 condemnatum
1559 2734 1682 2773 esse
1707 2717 2023 2776 illustrissi-

137 2829 292 2866 mum
327 2811 815 2887 Archiepiscopum
856 2813 1218 2890 Tolosanum3
1267 2815 1558 2871 exhorruit
1607 2816 1924 2875 districtum
1970 2825 2022 2875 et

138 2908 485 2964 minitantem
527 2909 691 2983 capiti
739 2911 959 2983 collegae
988 2913 1583 2969 excommunicationis
1618 2915 1891 2988 gladium.
1921 2919 2022 2973 De-

139 3025 292 3061 mum
307 3014 492 3063 contra
506 3007 671 3063 fidem
692 3009 1156 3064 concordatorum
1175 3010 1374 3067 litterae
1385 3012 1682 3068 Pontificiae
1696 3015 1908 3087 absque
1932 3035 2018 3072 ca-

139 3102 332 3156 nonica
362 3122 526 3159 causa
545 3105 893 3178 denegantur
919 3106 1025 3162 rite
1051 3107 1336 3163 nominato
1366 3110 1434 3164 ad
1454 3110 1843 3184 Apamiensem
1875 3113 2019 3186 cpis-

138 3205 428 3272 copatum3
460 3202 605 3257 unde
637 3203 834 3258 accidit
867 3212 929 3260 ut
960 3223 1070 3260 non
1102 3214 1467 3262 succurratur
1499 3208 1754 3263 Ecclesiae
1780 3209 2023 3267 scissura

135 3297 429 3365 laboranti,
461 3299 723 3369 quoniam
758 3320 871 3357 non
905 3303 1060 3359 adest
1083 3304 1410 3378 EpiscopuS,
1445 3306 1542 3376 qui
1571 3313 1622 3361 ct
1652 3325 1751 3379 pro
1783 3326 2020 3366 munere

139 3393 512 3450 institutionis
545 3413 658 3450 suae
697 3399 854 3455 tollat
897 3401 1166 3470 schisma,
1200 3407 1251 3455 et
1280 3402 1614 3458 dissidentes
1646 3405 1713 3460 ad
1746 3407 2016 3464 unitatem

138 3499 369 3549 revocet.

215 3612 242 3642 «
271 3591 420 3647 Unde
444 3610 594 3664 vero,
627 3594 948 3650 Beatissime
976 3596 1151 3663 Pater,
1191 3603 1270 3653 tot.
1294 3604 1346 3653 et
1371 3603 1536 3656 tantae
1571 3600 1628 3656 in
1667 3621 1768 3659 nos
1806 3603 2017 3661 irarum

1754 3718 1776 3730 ,-

379 3718 429 3749 11.
1751 3733 1778 3762 Ο
