2262 3990
272 163 360 210 566
944 147 1336 200 TRACTATUS‘DE
1367 150 1515 200 PAPA-

270 269 470 343 gradu3
507 265 554 321 si
590 280 795 338 nempe
823 261 1050 318 haberet
1081 260 1255 318 etiam
1295 264 1630 338 potestatem
1662 260 1721 319 in
1763 263 2064 327 concilium
2090 287 2189 344 ge,
2230 311 2249 320 -

269 367 460 425 nerale
485 382 584 420 seu
612 363 666 419 in
699 362 1000 438 Episcopos
1034 361 1322 419 collective
1364 366 1645 438 sumptos,
1689 361 1811 436 ejus
1845 380 1980 422 sane
2007 374 2211 442 potes,¹

269 471 353 520 tas
391 467 714 536 augeretur3
762 459 876 516 imo
917 478 1043 534 quae
1081 459 1192 536 ipsi
1235 459 1522 517 accederet
1562 460 1850 535 quantitas
1876 467 2194 543 potestatis,

268 561 448 636 major
489 566 635 618 esset
675 559 771 616 illa
815 577 987 635 quam
1029 566 1192 617 antea
1234 559 1495 617 hahebat.
1537 558 1715 633 Igitur
1745 559 1866 617 sine
1906 561 2015 620 isto
2057 584 2188 642 aug-2

269 668 480 734 mento,
510 661 721 718 nedum
748 662 965 738 plenam
991 664 1330 737 potestatem
1360 655 1616 732 haberet{
1645 677 1715 717 ne
1745 660 2041 720 dimidiam
2069 667 2190 740 qui..

269 761 398 817 dem
441 762 618 836 plenae
654 761 942 835 potestatis
983 764 1201 835 partem
1233 757 1568 835 possideret.
1601 757 1753 816 Unde
1778 759 1867 816 vix
1897 779 1961 818 ac
2002 780 2074 822 nc
2101 765 2194 828 vix

270 861 500 936 quidem
529 860 850 937 concipitur
871 859 1017 917 bona
1043 859 1180 916 fides
1213 858 1605 932 theologorum
1633 859 2066 933 gallicanorum,
2095 864 2211 938 qui·

271 980 334 1019 ex
373 980 490 1018 una
527 965 686 1038 parte
726 960 940 1036 plenam
976 959 1135 1034 Papae
1172 963 1505 1034 potestatem
1543 958 1906 1031 confitentur,
1935 978 1998 1016 ac
2030 962 2191 1020 confi-

270 1062 377 1120 teri
412 1061 615 1119 debent
654 1079 726 1118 ne
756 1060 871 1117 sint
906 1058 1174 1126 haeretici;
1224 1063 1277 1114 et
1315 1076 1380 1114 ex
1412 1058 1588 1116 altera
1625 1058 2002 1118 nihilominus
2031 1079 2191 1138 supe·

271 1162 479 1219 riorcm
499 1167 835 1238 potestatem
861 1166 1080 1236 ponunt
1099 1159 1157 1215 in
1181 1158 1420 1215 concilio
1446 1166 1498 1215 et
1527 1158 1584 1214 in
1605 1159 1892 1236 Episcopis
1912 1161 2192 1223 collective

271 1262 539 1338 sumptis,
582 1261 794 1335 quibus
837 1259 1072 1316 subesse
1104 1259 1307 1334 Papam
1346 1257 1713 1317 contendunt.
1749 1259 1883 1325 Quis
1916 1279 2187 1336 unquam,

273 1363 386 1420 nisi
415 1364 658 1420 scienter
691 1368 744 1418 et
771 1361 990 1435 egregie
1018 1359 1365 1431 mentiendo,
1391 1360 1605 1434 plenam
1625 1361 1839 1418 vocavit
1863 1368 2191 1437 potestatem

274 1463 332 1518 in
362 1463 553 1537 aliqua
583 1462 870 1531 societate,
902 1480 1025 1536 quae
1066 1461 1227 1518 alteri
1270 1461 1531 1537 potestati
1563 1461 1620 1516 in
1659 1461 1756 1518 illa
1786 1448 1907 1538 ipsa
1935 1463 2192 1524 societate

274 1563 561 1619 subesset?
590 1561 694 1634 An,
732 1579 945 1636 quaese,
975 1562 1142 1635 plena
1171 1561 1310 1619 soret
1341 1559 1595 1638 Episcopi
1625 1561 1682 1616 in
1716 1560 1941 1618 dioecesi
1975 1580 2074 1619 sua
2099 1583 2193 1640 po-

274 1671 466 1734 testaS,
498 1662 544 1720 si
572 1664 951 1739 parochorum
975 1661 1214 1719 concilio
1240 1679 1336 1718 seu
1362 1661 1624 1739 parochis
1648 1661 1934 1721 collective
1959 1664 2193 1742 sumptis

274 1764 595 1837 subjaceret
616 1765 633 1818 Ρ

352 1863 407 1917 2⁰
441 1863 699 1937 Suprema
731 1869 1005 1938 potestate
1042 1864 1100 1919 in
1129 1863 1453 1920 universam
1486 1862 1797 1920 Ecclesiam
1841 1882 1954 1920 non
1984 1865 2194 1941 potitur

277 1979 542 2018 summus
584 1961 860 2031 Pontifex,
903 1961 950 2017 si
989 1963 1046 2017 in
1081 1963 1328 2018 Ecclesia
1360 1962 1612 2018 Christus
1641 1962 1811 2019 aliam
1844 1964 2193 2021 constituerit

275 2067 607 2137 potestatem
655 2064 1009 2136 superiorem,
1054 2062 1144 2118 cui
1191 2062 1310 2137 ipse
1353 2062 1494 2136 Papa
1543 2061 1774 2118 subesse
1817 2063 2034 2120 debeat.
2079 2065 2200 2121 Non

278 2160 431 2215 enim
474 2149 593 2216 dari
629 2167 807 2235 potest
846 2162 1151 2217 auctoritas
1182 2179 1443 2236 suprema
1488 2162 1819 2219 auctoritate
1852 2162 2038 2223 altior:
2069 2163 2198 2236 quia

280 2259 326 2315 si
361 2259 592 2316 daretur
619 2259 807 2333 altior,
845 2259 964 2334 jam
996 2259 1170 2316 altera
1199 2278 1448 2333 suprema
1484 2277 1597 2315 non
1635 2267 1802 2316 esset.
1834 2293 1903 2301 -
1931 2260 2200 2318 Similiter

279 2360 440 2432 argui
470 2366 658 2434 posset
681 2377 746 2415 ex
773 2359 1058 2416 locutione
1091 2361 1284 2434 plenus
1319 2364 1369 2416 et
1392 2377 1624 2416 sum-mus
1655 2359 2008 2436 principatus
2043 2378 2201 2436 super

278 2459 566 2514 Ecclesiam
601 2462 920 2516 uniuersam.
2200 2494 2231 2570 9

357 2558 413 2613 5⁰
454 2558 563 2614 Nec
614 2559 938 2634 objiciatur,
991 2564 1320 2634 potestatem
1374 2558 1608 2615 Romani
1664 2557 1946 2614 Pontificis
1994 2542 2233 2633 absque-⁵

281 2658 725 2716 contradictione
777 2679 807 2716 a
848 2659 1148 2716 Gallicanis
1192 2659 1467 2735 theologis
1518 2659 1626 2716 dici
1667 2660 1876 2735 plenam
1921 2665 1975 2716 et
2018 2677 2197 2735 supre-

278 2776 438 2829 mam,
485 2760 742 2834 quamvis
783 2760 1134 2835 superiorem
1184 2761 1485 2818 admittant
1526 2760 1584 2817 in
1631 2760 2197 2836 concilio-sine-Papa,

277 2874 340 2919 Co
388 2858 537 2932 quod
575 2876 779 2933 nempe
816 2879 1117 2934 supremam
1153 2867 1204 2918 ct
1240 2861 1455 2935 plenam
1500 2867 1804 2934 agnoscant
1847 2859 2198 2917 solummodo

273 2957 502 3014 relative
548 2958 616 3029 ad
667 2959 968 3034 Episcopos
1014 2960 1337 3017 distributive
1389 2965 1669 3035 sumptos,
1724 2959 1945 3016 Etenim
1990 2961 2193 3035 plenam

264 3072 396 3115 'eam
442 3064 496 3116 et
519 3078 823 3133 supremam
850 3059 1078 3133 debent,
1123 3079 1194 3117 ne
1225 3061 1338 3117 sint
1381 3060 1653 3132 haeretici,
1686 3060 2007 3131 admittere,
2043 3066 2095 3118 et
2130 3059 2203 3141 1113Ξ

274 3162 421 3218 facto
473 3161 809 3233 admittunt,
850 3160 1082 3218 relative
1134 3161 1203 3218 ad
1254 3164 1557 3219 universam
1597 3162 1903 3218 Ecclesiam.
1948 3146 2205 3218 Definitio*

277 3260 484 3336 quippe
518 3260 820 3317 Florentini
854 3261 1082 3318 concilii
1108 3262 1222 3336 agit
1261 3262 1328 3318 de
1352 3263 1519 3337 plena
1554 3267 1831 3338 potestate
1857 3259 2119 3336 pascendi
2142 3263 2192 3316 et

279 3361 507 3434 regendi
556 3363 912 3420 universalem
952 3363 1262 3421 Ecclesiam.
1304 3364 1439 3420 Item
1481 3362 1784 3420 concilium
1832 3361 2194 3436 Lugdunense

282 3463 595 3520 secundum
630 3484 891 3533 summum
927 3472 978 3523 et
1011 3466 1221 3540 plenum
1247 3465 1627 3541 principatum
1664 3464 1858 3521 definit
1889 3481 2057 3538 super
2081 3461 2194 3518 uni-

282 3577 491 3617 versam
544 3566 834 3623 Ecclesiam
888 3567 1219 3623 catholicam.
1270 3566 1409 3623 Item
1452 3565 1758 3623 concilium
1805 3562 2190 3620 Tridentinum

285 3677 584 3731 supremam
617 3664 777 3739 Papae
812 3672 1149 3740 potestatem
1181 3666 1427 3724 declarat
1471 3668 1526 3721 in
1559 3667 1807 3722 universa
1841 3662 2098 3719 Ecclesia.
2129 3658 2191 3716 Et
