2306 4010
797 218 922 265 rins
952 201 1189 266 SECUNDA.
1854 216 1943 264 275

62 325 353 404 primatus)
380 341 507 380 cuin
538 323 738 379 Christi
763 325 1065 396 promissa,
1107 323 1265 380 Petro
1297 322 1439 378 facta
1466 327 1519 378 et
1551 319 1620 376 ad
1653 337 1939 378 successo-

65 444 152 483 res
203 423 320 496 ejus
356 417 708 485 transmissa,
759 419 1098 491 pertineant,
1150 419 1455 476 inerrantia
1503 418 1766 476 doctrinae
1811 419 1939 477 fidei

67 522 274 599 pariter
305 514 590 575 referenda
613 518 713 569 est.
740 512 895 568 Certe
927 524 1155 573 sanctus
1184 517 1548 594 Hieronymus
1568 517 1686 574 loco
1717 516 1944 574 laudato

70 617 423 675 considerans
455 610 692 686 primum
735 606 939 662 Christi
982 611 1369 667 testimonium
1402 612 1468 668 de
1494 613 1735 687 primatu
1758 612 1947 689 (quiin

74 718 247 789 futuro
276 709 595 787 promissu8‚
621 722 734 761 non
757 705 814 760 in
848 706 1108 779 praesenti
1142 708 1305 764 datus
1337 710 1503 796 Petro·
1527 712 1654 786 fuit)
1697 722 1750 769 tu
1769 732 1823 770 es
1846 713 1946 770 Pe-

79 821 281 880 trus...‚
322 806 487 865 omnia
528 802 591 857 de
623 803 826 873 sutura,
885 802 1088 875 inquit,
1126 820 1242 875 quae
1290 806 1336 858 si
1372 808 1553 861 statim
1590 809 1821 866 dedisset
1874 811 1943 880 ei,

78 924 329 982 uunquam
349 906 399 960 in
433 919 490 958 eo
530 919 713 972 pravae
735 903 993 975 opinionis
1020 917 1171 956 error
1208 904 1486 960 invenisset
1519 908 1704 963 locum.
1734 907 1945 970 Quibus

83 1005 317 1081 (verbis),
363 999 419 1055 in
461 1015 613 1069 eum,
651 997 747 1071 qui
784 999 1087 1073 primatum
1140 1004 1266 1056 a'ctu
1314 1008 1650 1058 consecutus
1681 1004 1943 1060 effectum

84 1104 276 1182 pariter
306 1098 497 1155 divinae
540 1099 930 1173 promissionis
959 1099 1229 1174 primatui
1287 1101 1522 1174 alligata-3
1572 1101 1766 1158 debuit
1805 1104 1948 1159 obti-

76 1199 222 1269 nere,
244 1214 483 1253 errorem
515 1214 626 1252 non
646 1214 807 1271 posse
835 1197 1035 1254 cadere
1060 1197 1116 1252 in
1140 1198 1359 1271 negotio
1383 1197 1528 1269 fidei,
1565 1197 1701 1254 satis
1737 1198 1946 1270 signifi-

72 1295 224 1354 cavit.
256 1316 282 1347 »

89 1407 106 1423 ·
146 1393 217 1448 Ex
242 1391 400 1448 dictis
437 1392 655 1466 colligat
686 1393 858 1448 lector
890 1412 1056 1468 quam
1092 1395 1276 1469 inepte
1314 1394 1581 1451 Gallicani
1627 1396 1945 1469 systematis

81 1496 523 1569 propugnatores,
548 1492 644 1547 ubi
665 1498 968 1566 praetensos
994 1493 1396 1549 nonnullorum
1423 1493 1750 1549 Pontificum
1780 1493 1838 1547 in
1857 1493 1949 1549 de-

80 1590 301 1647 finienda
320 1590 425 1645 fide
450 1591 638 1665 lapsus
664 1599 1017 1663 enumerant,
1040 1593 1206 1648 etiam
1232 1593 1403 1649 sancti
1430 1592 1572 1648 Petri
1596 1591 1946 1666 negationem

75 1688 397 1742 recenseant.
457 1686 518 1741 Et
569 1693 754 1743 tamen
789 1688 907 1761 ipse
949 1687 1271 1744 Bossuetius
1314 1707 1442 1745 cum
1490 1688 1781 1763 praetensis
1835 1689 1948 1744 illis

72 1781 309 1858 lapsibus
363 1785 483 1859 pari
537 1804 705 1860 passu
761 1786 954 1842 miscet
1013 1787 1169 1857 sidem
1230 1787 1373 1843 Petri
1424 1789 1615 1842 iterata
1670 1788 1950 1859 nessatione

73 1879 302 1955 eclypsim
342 1901 550 1954 passam
578 1882 720 1955 (vide
750 1883 933 1939 varios
967 1883 1238 1940 Bossuetii
1266 1889 1451 1939 textus
1484 1883 1757 1940 indicatos
1799 1883 1947 1958 apud

70 1975 444 2049 Ballerinium,
492 1980 612 2036 loco
661 1981 874 2053 citato).
926 1981 1004 2037 lbi
1044 1999 1175 2038 sane
1221 1975 1417 2056 passus
1469 1981 1697 2039 Bossuet
1744 1982 1948 2055 logices

77 2074 354 2151 eclypsim,
389 2095 458 2134 nc
492 2077 625 2151 quid
663 2078 860 2135 durius
897 2078 1191 2136 dicendum
1225 2079 1314 2136 sit.

828 2396 1076 2458 CAPUT
1123 2398 1181 2457 11

243 2574 485 2611 CONTRA
509 2573 756 2610 ROMAE!
780 2573 1135 2611 Pomlrlcls
1160 2574 1770 2623 lxrAmtlnlu'rA'rnm,

118 2651 356 2687 Ausone
396 2651 728 2687 onncu'tn
767 2649 1146 2686 PRAETENSIJS
1185 2649 1402 2687 sucu
1441 2650 1688 2685 LIBEnn
1728 2649 1905 2686 PAPAE

879 2727 1123 2763 LAPSUS.

87 2911 92 2928 2
148 2887 326 2943 Sancti
350 2889 547 2945 Liberii
581 2890 786 2962 lapsum
811 2896 1008 2946 vocant
1032 2889 1354 2959 adversarii,
1376 2890 1431 2946 1⁰
1457 2890 1604 2962 quod
1625 2889 1946 2946 Sirmiensis

74 2983 292 3039 concilii
318 2985 564 3042 formulae
590 2987 982 3061 subscripserit
1006 3011 1016 3053 ;
1049 2988 1102 3041 2⁰
1125 2987 1274 3060 quod
1305 2992 1560 3042 sanctum
1583 2987 1945 3042 Athanasium

73 3082 541 3149 condemnaverit3
581 3086 632 3140 5⁰
653 3085 800 3156 quod
824 3085 1052 3140 Arianos
1081 3085 1138 3138 in
1167 3084 1619 3139 communionem
1649 3083 1943 3156 receperit.

69 3176 282 3234 Certum
312 3197 508 3251 nempe
534 3187 790 3236 asserunt
817 3181 1019 3254 triplex
1049 3181 1200 3236 istud
1231 3180 1405 3235 sancti
1446 3179 1647 3235 Liberii
1674 3185 1945 3251 erratum,

70 3279 205 3327 etex
228 3291 289 3327 eo
320 3279 466 3328 recte
502 3274 684 3346 colligi
715 3276 1056 3332 contendunt
1080 3276 1310 3331 Romani
1348 3275 1626 3331 Pontificis
1656 3293 1720 3332 ex
1759 3279 1945 3335 cathe-

70 3370 167 3425 dra
195 3369 472 3441 loqucntis
499 3369 910 3426 sallibilitatem.
935 3373 1050 3435 Quo
1072 3378 1397 3443 promotam,
1427 3371 1496 3427 sit

309 3754 355 3783 ιι.
1653 3751 1702 3796 18
