2262 3990
128 140 215 189 714
596 139 752 187 INDEX
781 139 936 186 JUXTA
963 139 1305 188 MATERlARnM
1334 141 1580 190 ORDINEM.

178 249 267 291 Cir.
293 249 345 291 ΙΙ.
369 269 420 279 -
442 247 506 287 An
519 245 644 287 liceat
658 244 876 298 amplecti,
900 246 1052 289 docere
1077 258 1126 289 ac
1145 257 1419 300 propugnare
1449 248 1699 302 opinionem
1717 261 1815 305 quae
1837 257 1908 298 te-

230 323 304 361 net
325 315 543 358 fallibilem
565 326 656 357 esse
677 313 925 357 Pontificem
947 315 1206 369 quaestiones
1229 315 1330 358 fidei
1353 319 1400 358 et
1423 327 1595 360 morum
1623 329 1676 360 ex
1707 320 1907 364 cathedra

228 383 517 433 definientem,
539 382 626 424 nisi
655 383 885 425 accesserit
905 383 1101 427 Ecclesiae
1120 395 1366 428 consensus.
1395 384 1446 428 Et
1472 397 1577 428 num
1602 386 1730 430 liceat
1754 389 1908 432 saltem

228 450 439 505 eJusmodi
458 450 708 504 opinionem
733 452 895 494 licitam
920 464 968 495 ac
989 452 1170 496 liberam
1187 463 1379 497 asserere
1387 485 1904 502 ...........

228 522 359 574 Prop.
396 521 449 563 1⁸.
488 543 543 552 —-
577 521 805 564 Peccatum
842 526 906 564 est
942 521 1100 565 dictam
1137 523 1383 577 opinionem
1415 524 1627 578 amplecti,
1670 527 1819 571 docere
1860 541 1909 571 ac

279 600 551 642 propugnare
557 620 1209 638 .............
1210 640 1215 647 ‚
1250 621 1902 642 .............

227 660 356 713 Prop.
380 659 456 701 11⁸.
478 682 533 690 —
555 659 782 701 Peccatum
805 663 869 702 est
889 658 1055 711 docere,
1081 659 1239 704 dictam
1262 661 1506 716 opinionem
1533 674 1626 706 esse
1654 663 1831 717 licitam,
1861 677 1908 708 ac

279 727 463 769 liberam
487 739 563 770 seu
583 727 852 780 probabilem
861 761 1902 779 ....................

225 799 356 852 Prop.
386 797 480 839 1112.
500 820 553 828 ——
576 797 835 840 Praedictum
850 803 1074 852 peccatum
1097 804 1162 842 est
1182 810 1312 852 grave
1331 801 1387 843 de
1407 812 1454 844 se
1462 834 1904 852 .........

174 866 260 909 Cn.
296 866 370 907 111.
395 889 449 896 —
473 867 536 908 An
559 871 602 908 et
625 872 838 919 quatenus
871 867 1002 909 liceat
1029 868 1076 909 in
1110 874 1378 911 sacramento
1405 871 1668 923 poenitentiae
1693 873 1913 916 absolvere

222 935 484 988 professores
503 935 616 986 illos,
643 936 934 990 scriptoresve,
957 942 1031 979 aut
1049 937 1168 988 alios,
1193 939 1268 991 qui
1308 939 1555 994 opinionem
1575 941 1629 983 de
1651 941 1912 986 fallibilitate

227 1004 350 1058 Papae
371 1009 521 1047 tenent
547 1018 594 1047 ac
618 1004 871 1050 defendunt.
922 1041 1904 1058 ...................

174 1076 267 1116 Cu».
296 1075 360 1117 lv.
386 1096 439 1105 -—
461 1075 522 1115 An
539 1074 585 1116 in
607 1074 661 1116 iis
680 1074 938 1117 clericorum
957 1074 1377 1128 congregationibus,
1402 1076 1448 1117 in
1468 1077 1629 1131 quibus
1652 1079 1800 1131 plures
1818 1080 1914 1122 lici-

224 1150 311 1186 1am
337 1144 489 1186 docent
512 1143 769 1196 gallicanam
792 1144 844 1185 de
870 1143 1130 1186 sallibilitate
1153 1144 1280 1198 Papae
1303 1145 1569 1198 opinionem,
1594 1149 1734 1190 securi
1757 1150 1910 1191 merito

231 1226 322 1256 esse
356 1215 524 1256 valeant
564 1213 819 1267 professores
853 1214 1118 1255 contrarium
1157 1213 1406 1266 sentientes,
1445 1215 1676 1259 dummodo
1714 1218 1910 1261 illicitam

227 1284 419 1326 eamdem
446 1282 690 1336 opinionem
713 1283 795 1336 ipsi
820 1283 1001 1325 doceant
1012 1318 1904 1332 ..................

174 1355 264 1396 cip.
300 1355 343 1396 V.
376 1377 429 1384 —
458 1354 519 1394 An
558 1354 760 1407 Episcopo
789 1359 1001 1406 competat
1022 1359 1209 1407 potestas
1231 1355 1486 1408 prohibendi
1520 1367 1575 1398 ne
1609 1356 1800 1398 dioecesis
1822 1370 1910 1400 suae

227 1425 370 1467 clerici
409 1428 582 1465 teneant
614 1424 894 1466 defendantve
920 1425 1165 1478 opinionem
1188 1425 1442 1477 gallicanam
1470 1426 1522 1467 de
1558 1426 1733 1468 Romani
1764 1427 1930 1470 Ponti-i

225 1493 314 1535 ficis
339 1492 607 1534 fallibilitate.
635 1492 683 1532 Et
705 1504 759 1533 an
786 1493 866 1545 ipsi
887 1492 1110 1535 incumbat
1135 1494 1192 1534 ita
1215 1494 1472 1547 prohibendi
1493 1494 1716 1547 obligatio.
1732 1530 1742 1539 .
1787 1531 1796 1540 .
1840 1531 1850 1541 .
1895 1532 1904 1540 .

227 1564 352 1616 Prop.
392 1563 446 1603 1³.
484 1585 537 1592 —
580 1562 777 1614 Episcopo
817 1562 958 1614 quoad
987 1563 1198 1604 dioecesim
1234 1575 1374 1614 suam,
1407 1568 1450 1604 et
1479 1575 1502 1604 a
1529 1564 1695 1606 fortiori
1733 1565 1913 1608 concilio

278 1630 528 1684 provinciali
562 1631 700 1683 quoad
738 1635 870 1672 lotam
910 1631 1171 1684 provinciam
1217 1632 1562 1683 ecclesiasticam,
1605 1634 1807 1687 competit
1842 1634 1912 1687 jus

276 1699 532 1752 prohibendi
556 1711 611 1741 ne
637 1699 732 1751 quis
756 1699 912 1741 dIctam
936 1699 1180 1752 opinionem
1204 1707 1460 1753 propugnet,
1483 1701 1617 1743 etiam
1642 1707 1689 1743 ut
1710 1703 1912 1755 probabi-

277 1770 381 1813 lem.
439 1799 1904 1815 ............................

226 1843 354 1894 Prop.
375 1841 447 1882 11².
467 1863 519 1869 —
540 1839 628 1881 Non
652 1845 821 1881 tantum
842 1839 1069 1893 prohibere
1097 1844 1235 1893 potest
1260 1839 1489 1894 Episcopus
1521 1852 1575 1882 ne
1600 1846 1921 1894 propugnetur,

280 1910 355 1951 sed
378 1909 509 1950 etiam
542 1922 595 1950 ne
619 1909 763 1950 animo
787 1915 987 1952 teneatur
1014 1910 1128 1951 dicta
1154 1909 1294 1963 opinio
1307 1939 1912 1955 ............

226 1977 355 2031 Prop.
386 1978 479 2017 111².
515 2000 568 2006 —
602 1978 871 2028 Regularitcr
897 1979 1126 2029 loquendO,
1164 1984 1341 2020 tenetur
1369 1979 1600 2031 Episcopus
1631 1979 1791 2020 dictam
1828 1979 1923 2031 opi-

279 2049 451 2089 nionem
474 2048 716 2100 prohibere,
738 2054 781 2089 ct
797 2059 820 2088 a
845 2059 922 2088 suo
948 2047 1191 2099 praesertim
1211 2048 1326 2089 clero
1347 2059 1424 2100 pro
1449 2060 1574 2101 posse
1604 2049 1809 2091 avellere.
1851 2083 1860 2091 .
1904 2080 1914 2089 .

121 2117 291 2160 SECTIO
317 2117 361 2157 V.
381 2140 434 2147 —
457 2116 692 2157 Solvuntur
710 2114 998 2164 difficultateS,
1025 2115 1214 2167 dogmati
1242 2116 1296 2156 de
1319 2115 1494 2157 Romani
1516 2116 1732 2158 Pontificis
1754 2115 1919 2157 infalli-

172 2187 339 2228 bilitate
363 2185 521 2239 opponi
547 2184 688 2226 solitae
696 2213 1914 2230 ........................

175 2259 259 2300 Cir.
290 2258 323 2298 Ι.
343 2280 396 2287 —
427 2256 555 2303 Quam
579 2255 718 2308 inepte
749 2254 981 2308 objiciatur
1007 2254 1144 2296 sancti
1167 2253 1286 2296 Petri
1310 2254 1457 2308 lapsus
1469 2288 1749 2299 ......
1772 2252 1773 2255 ’
1799 2289 1807 2297 .
1853 2289 1861 2297 .
1905 2289 1914 2298 .

176 2329 263 2370 Cn).
280 2327 334 2369 11.
352 2350 405 2358 —
420 2326 577 2368 Contra
596 2325 774 2366 Romani
794 2324 1012 2367 Pontificis
1029 2323 1379 2366 infallibilitatem
1407 2324 1567 2366 absone
1585 2323 1796 2377 objicitur
1811 2335 1922 2376 prze-

231 2400 380 2437 tensus
400 2395 440 2435 S.
461 2392 617 2435 Liberii
639 2392 760 2445 Papae
785 2393 928 2446 lapsus
938 2425 1913 2439 ...................

231 2463 255 2516 ἓ
277 2462 316 2503 1.
331 2485 384 2492 —-
400 2461 640 2503 Praetensus
655 2462 736 2503 iste
752 2462 895 2514 lapsus
915 2460 1035 2503 nullo
1056 2460 1299 2503 authentico
1325 2461 1571 2504 testimonio
1595 2460 1819 2515 probatur,
1839 2467 1920 2503 est-

288 2526 935 2581 queadfabulasrejicienduS.
980 2563 991 2574 .
1035 2562 1045 2573 .
1088 2561 1099 2572 .
1143 2564 1152 2573 .
1196 2563 1207 2575 .
1251 2562 1261 2572 .
1304 2563 1314 2574 .
1360 2563 1371 2573 .
1413 2564 1424 2574 .
1469 2562 1478 2572 .
1522 2555 1535 2567 ·
1578 2562 1588 2572 .
1632 2561 1642 2574 .
1686 2562 1696 2571 .
1740 2563 1751 2586 ,
1794 2560 1802 2570 .
1848 2563 1858 2573 .
1902 2562 1912 2572 .

235 2600 258 2651 g
281 2597 321 2638 2.
347 2621 400 2628 —
427 2595 602 2639 Etiamsi
626 2601 772 2638 certus
802 2596 917 2638 foret
945 2596 1024 2639 iste
1058 2596 1219 2651 lapsus,
1247 2596 1355 2638 nihil
1383 2608 1563 2650 prorsus
1596 2607 1646 2638 ex
1689 2607 1738 2638 eo
1775 2597 1919 2649 colligi

283 2672 423 2720 posset
463 2671 608 2708 contra
646 2666 1003 2708 infallibilitatem
1044 2666 1219 2709 Romani
1254 2666 1467 2708 Pontificis
1506 2678 1556 2707 ex
1585 2665 1784 2708 cathedra
1807 2666 1918 2708 defi-

290 2736 448 2778 nientis
458 2767 1910 2782 ............................

235 2808 259 2860 g
279 2808 319 2848 5.
347 2831 401 2838 -
424 2806 534 2853 Quid
557 2805 731 2847 Bossuet
751 2806 802 2847 de
826 2805 983 2847 Liberii
1006 2806 1130 2860 lapsu
1143 2835 1907 2851 ...............

182 2879 273 2919 CAP.
298 2876 370 2917 ΙΙΙ.
389 2899 443 2906 —-
466 2875 525 2917 De
548 2874 732 2916 Honorio
752 2874 877 2927 Papa.
898 2896 951 2904 —
977 2874 1205 2927 Perperam
1223 2874 1497 2917 contenditur
1513 2873 1656 2927 ipsum
1682 2884 1848 2915 errasse
1868 2873 1914 2914 in

236 2945 409 2989 edendis
427 2957 476 2987 ex
489 2943 691 2986 cathedra
719 2943 817 2986 fidei
835 2943 1150 2986 definitionibus
1159 2972 1905 2990 ...............

238 3016 262 3067 5
286 3014 326 3055 1.
349 3037 403 3045 —
431 3012 663 3066 Exponitur
690 3018 822 3055 status
844 3012 1089 3066 quaestionis
1098 3043 1908 3057 ................

291 3084 334 3124 1⁰
358 3084 583 3125 Factorum
607 3081 739 3123 series
747 3109 1911 3125 .......................

291 3151 333 3192 2ο
356 3151 673 3194 Determinatur
691 3151 735 3192 in
760 3163 845 3204 quo
866 3155 948 3193 stet
972 3151 1266 3193 controversia
1275 3178 1912 3195 .............

293 3221 336 3261 50
361 3221 419 3263 De
441 3221 568 3263 variis
587 3221 740 3263 mediis
764 3221 919 3274 quibus
940 3220 1138 3263 instituta
1158 3220 1376 3275 reperitur
1398 3219 1573 3261 Honorii
1598 3218 1803 3262 defensio.
1843 3247 1856 3259 .
1902 3249 1911 3259 .

239 3290 322 3346 32.
340 3315 395 3324 —
409 3291 703 3344 subjiciuntur
728 3303 826 3345 quae
849 3291 903 3333 ad
919 3302 1012 3333 rem
1032 3290 1192 3334 faciunt
1212 3290 1465 3332 documenta
1474 3319 1910 3333 .........

243 3362 267 3413 ἓ
287 3362 327 3402 5.
345 3361 561 3403 —Prima
580 3359 766 3402 defensio
788 3373 797 3400 :
824 3359 950 3401 etiam
981 3371 1176 3402 concessa
1204 3357 1432 3411 hypothesi
1451 3357 1563 3411 quod
1587 3356 1754 3398 sincera
1778 3355 1918 3396 forent

295 3431 554 3473 documenta
589 3430 746 3483 quibus
782 3429 1011 3471 adversarii
1053 3428 1268 3476 nituntur,
1301 3438 1579 3481 nequaquam
1619 3428 1827 3479 probatur
1862 3424 1915 3464 ab

298 3498 481 3541 Honorio
506 3498 662 3541 editam
684 3497 816 3540 fuisse
837 3497 968 3538 ullam
994 3508 1222 3538 erroneam
1242 3494 1340 3536 fidei
1363 3494 1651 3537 definitionem
1678 3507 1686 3534 :
1709 3494 1811 3535 item
1829 3502 1916 3533 non

297 3566 502 3616 probatur
523 3579 624 3609 eum
645 3567 696 3608 ob
722 3566 906 3619 aliquam
933 3577 1156 3608 erroneam
1177 3563 1276 3608 fidei
1296 3563 1587 3606 definitionem
1603 3575 1628 3605 a
1643 3566 1759 3607 sexta
1781 3571 1916 3614 gene-

298 3632 380 3673 rali
403 3635 559 3685 synodo
583 3635 717 3679 fuisse
735 3635 982 3677 damnatum
992 3658 1901 3683 ..................

1962 461 2038 504 253

1962 598 2040 642 255

1962 735 2041 778 255

1964 807 2040 850 255

1964 1012 2040 1054 256

1965 1287 2042 1330 260

1965 1497 2042 1540 268

1967 1771 2044 1812 268

1975 1909 2054 1954 269

1975 2047 2052 2089 269

1975 2184 2055 2229 270

1975 2252 2050 2294 271

1975 2391 2052 2432 275

1974 2525 2051 2567 274

1971 2732 2046 2775 282
2126 2762 2128 2765 ,
2162 2711 2173 2746 ³

1969 2802 2046 2845 289

1968 2939 2046 2980 299

1969 3007 2043 3049 291

1970 3075 2046 3118 291
2178 3096 2179 3099 ¹
2255 3113 2259 3130 ⁴

1971 3144 2050 3186 295
2256 3135 2262 3163 ‘³

1971 3213 2050 3254 294
2164 3170 2190 3294 ξ

2255 3166 2262 3224 ἔ

1971 3281 2049 3324 295
2159 3285 2202 3437 ἑ
2254 3228 2262 3400 i

2256 3406 2262 3502 ι

2258 3508 2262 3660 Ῑ

2260 3675 2262 3705 Ι

1962 3621 2038 3665 515
